"NAZIV_PROIZVODA";"ŠIFRA_PROIZVODA";"MARKA_PROIZVODA";NETO_KOLIČINA;"JEDINICA_MJERE";MALOPROD.CIJENA(EUR);CIJENA_ZA_JEDINICU_MJERE;MPC_POSEB.OBLIK_PROD;POSEB.OBLIK_PROD__ZA_JEDINICU_MJERE;NAJNIŽA_MPC_U_30DANA;SIDRENA_CIJENA;"BARKOD";"KATEGORIJA_PROIZVODA"
"JOGURT JAGODA 150g";"001137902";"LAND";0.15;"KG";0.37;2.47;0.29;1.93;0.37;0.37;"80511717";"JOGURTI I DESERTI"
"JOGURT JAGODA 150g";"001137902";"LAND";0.15;"KG";0.37;2.47;0.29;1.93;0.37;0.37;"8017596000347";"JOGURTI I DESERTI"
"JOGURT JAGODA 150g";"001137902";"LAND";0.15;"KG";0.37;2.47;0.29;1.93;0.37;0.37;"80761228";"JOGURTI I DESERTI"
"JOGURT KOKOS 150g";"001137904";"LAND";0.15;"KG";0.37;2.47;0.29;1.93;0.37;0.37;"8017596000330";"JOGURTI I DESERTI"
"JOGURT KOKOS 150g";"001137904";"LAND";0.15;"KG";0.37;2.47;0.29;1.93;0.37;0.37;"80761198";"JOGURTI I DESERTI"
"JOGURT KAVA 150g";"001137905";"LAND";0.15;"KG";0.37;2.47;0.29;1.93;0.37;0.37;"8017596000323";"JOGURTI I DESERTI"
"JOGURT KAVA 150g";"001137905";"LAND";0.15;"KG";0.37;2.47;0.29;1.93;0.37;0.37;"80761235";"JOGURTI I DESERTI"
"JOGURT ŠUMSKO VOĆE 150g";"001137906";"LAND";0.15;"KG";0.37;2.47;0.29;1.93;0.37;0.37;"8017596000354";"JOGURTI I DESERTI"
"JOGURT ŠUMSKO VOĆE 150g";"001137906";"LAND";0.15;"KG";0.37;2.47;0.29;1.93;0.37;0.37;"80761242";"JOGURTI I DESERTI"
"JOGURT VANILIJA 150g";"001137908";"LAND";0.15;"KG";0.37;2.47;0.29;1.93;0.37;0.37;"80761204";"JOGURTI I DESERTI"
"MASLINE ZELENE 565g/340g";"001252601";"VARIAGUSTO";0.34;"KG";1.99;5.85;0;0;0;1.99;"8002170406035";"KONZER.PROIZVODI U ULJU/OCTU"
"MASLINE ZELENE 565g/340g";"001252601";"VARIAGUSTO";0.34;"KG";1.99;5.85;0;0;0;1.99;"8017596008237";"KONZER.PROIZVODI U ULJU/OCTU"
"MASLINE ZELENE BEZ KOŠTICE 545/250g";"001253401";"VARIAGUSTO";0.25;"KG";1.99;7.96;0;0;0;1.99;"8002170407018";"KONZER.PROIZVODI U ULJU/OCTU"
"MASLINE ZELENE BEZ KOŠTICE 545/250g";"001253401";"VARIAGUSTO";0.25;"KG";1.99;7.96;0;0;0;1.99;"8017596008244";"KONZER.PROIZVODI U ULJU/OCTU"
"VINO CASTELLI ROM. DOC BIANCO 1,5l";"001318501";"NO BRAND";1.5;"LT";3.42;2.28;0;0;0;3.42;"8004300360910";"VINA"
"VINO CASTELLI ROM. DOC BIANCO 1,5l";"001318501";"NO BRAND";1.5;"LT";3.42;2.28;0;0;0;3.42;"8000013004455";"VINA"
"VINO CASTELLI ROM. DOC BIANCO 1,5l";"001318501";"NO BRAND";1.5;"LT";3.42;2.28;0;0;0;3.42;"8001333300036";"VINA"
"VINO CASTELLI ROM. DOC BIANCO 1,5l";"001318501";"NO BRAND";1.5;"LT";3.42;2.28;0;0;0;3.42;"8005833001653";"VINA"
"VINO CASTELLI ROM. DOC BIANCO 1,5l";"001318501";"NO BRAND";1.5;"LT";3.42;2.28;0;0;0;3.42;"8000128095140";"VINA"
"KAVA CUOR D'AROMA 250g";"001363101";"DON JEREZ";0.25;"KG";3.69;14.76;0;0;0;3.69;"8017596000538";"KAVA/ČAJEVI/DRUGO"
"KAVA ESPRESSO DON JEREZ 250g";"001364901";"DON JEREZ";0.25;"KG";3.99;15.96;0;0;0;3.69;"8017596000521";"KAVA/ČAJEVI/DRUGO"
"KAVA BEZ KOFEINA DON JEREZ 250g";"001365601";"DON JEREZ";0.25;"KG";3.99;15.96;0;0;0;3.99;"8017596000514";"KAVA/ČAJEVI/DRUGO"
"BRAŠNO KUKURUZNO ZA PALENTU 1kg";"001415901";"TRE MULINI";1;"KG";0.99;0.99;0;0;0;0.99;"8000439101110";"BRAŠNO"
"BRAŠNO KUKURUZNO ZA PALENTU 1kg";"001415901";"TRE MULINI";1;"KG";0.99;0.99;0;0;0;0.99;"8000439101202";"BRAŠNO"
"BRAŠNO KUKURUZNO ZA PALENTU 1kg";"001415901";"TRE MULINI";1;"KG";0.99;0.99;0;0;0;0.99;"8000439102001";"BRAŠNO"
"BRAŠNO KUKURUZNO ZA PALENTU 1kg";"001415901";"TRE MULINI";1;"KG";0.99;0.99;0;0;0;0.99;"8017596013569";"BRAŠNO"
"KOCKA ZA JUHU SA MESOM 220g";"001483701";"DON JEREZ";0.22;"KG";1.19;5.41;0;0;0;1.19;"8017596010377";"RAJČICA/DODACI"
"KOCKA ZA JUHU SA MESOM 220g";"001483701";"DON JEREZ";0.22;"KG";1.19;5.41;0;0;0;1.19;"8005650052302";"RAJČICA/DODACI"
"JOGURT OBIČNI 150g";"001661801";"LAND";0.15;"KG";0.37;2.47;0.29;1.93;0.37;0.37;"8017596000378";"JOGURTI I DESERTI"
"JOGURT OBIČNI 150g";"001661801";"LAND";0.15;"KG";0.37;2.47;0.29;1.93;0.37;0.37;"8017596005762";"JOGURTI I DESERTI"
"JOGURT OBIČNI 150g";"001661801";"LAND";0.15;"KG";0.37;2.47;0.29;1.93;0.37;0.37;"80761167";"JOGURTI I DESERTI"
"MED CVJETNI 500g";"001761601";"DOLCIANDO";0.5;"KG";3.98;7.96;0;0;0;3.98;"8006099410920";"DORUČAK - PAHULJICE/NAMAZI/MED"
"MED CVJETNI 500g";"001761601";"DOLCIANDO";0.5;"KG";3.98;7.96;0;0;0;3.98;"8006099413242";"DORUČAK - PAHULJICE/NAMAZI/MED"
"MED CVJETNI 500g";"001761601";"DOLCIANDO";0.5;"KG";3.98;7.96;0;0;0;3.98;"8017596017741";"DORUČAK - PAHULJICE/NAMAZI/MED"
"KOCKE ZA POTPALU VATRE 48kom 273g";"001902601";"EUROGARDEN";1;"PZ";1.19;1.19;0;0;0;1.19;"8008752000073";"INSEKTICIDI/SVIJEĆE/OSVJEŽIVAČ"
"KOCKE ZA POTPALU VATRE 48kom 273g";"001902601";"EUROGARDEN";1;"PZ";1.19;1.19;0;0;0;1.19;"8018608000164";"INSEKTICIDI/SVIJEĆE/OSVJEŽIVAČ"
"KOCKE ZA POTPALU VATRE 48kom 273g";"001902601";"EUROGARDEN";1;"PZ";1.19;1.19;0;0;0;1.19;"8017596069610";"INSEKTICIDI/SVIJEĆE/OSVJEŽIVAČ"
"SIR SKUTA 250g";"001952101";"LAND";0.25;"KG";1.15;4.6;0.79;3.16;1.15;1.15;"8002795001004";"MLIJEČNI PROIZ. SVJEŽI - EGAL."
"SIR SKUTA 250g";"001952101";"LAND";0.25;"KG";1.15;4.6;0.79;3.16;1.15;1.15;"8017596006769";"MLIJEČNI PROIZ. SVJEŽI - EGAL."
"KAKAO INSTANT NAPITAK 800g";"001955401";"DOLCIANDO";0.8;"KG";3.99;4.99;0;0;0;3.99;"8004990181000";"KAKAO/DOD. ZA KOLAČE/PREHRANU"
"KAKAO INSTANT NAPITAK 800g";"001955401";"DOLCIANDO";0.8;"KG";3.99;4.99;0;0;0;3.99;"8017596012685";"KAKAO/DOD. ZA KOLAČE/PREHRANU"
"BOMBONI S PUNJENJEM OD MENTE 400g";"002021401";"DOLCIANDO";0.4;"KG";1.49;3.73;0;0;0;1.49;"8001205207203";"SLATKIŠI I BOMBONI"
"BOMBONI S PUNJENJEM OD MENTE 400g";"002021401";"DOLCIANDO";0.4;"KG";1.49;3.73;0;0;0;1.49;"8017596012609";"SLATKIŠI I BOMBONI"
"BOMBONI S PUNJENJEM OD MENTE 400g";"002021401";"DOLCIANDO";0.4;"KG";1.49;3.73;0;0;0;1.49;"8017596066572";"SLATKIŠI I BOMBONI"
"JOGURT OBIČNI 0,1%m.m. 150g";"002222801";"LAND";0.15;"KG";0.35;2.33;0.29;1.93;0.35;0.35;"8017596000385";"JOGURTI I DESERTI"
"JOGURT OBIČNI 0,1%m.m. 150g";"002222801";"LAND";0.15;"KG";0.35;2.33;0.29;1.93;0.35;0.35;"8017596005755";"JOGURTI I DESERTI"
"JOGURT OBIČNI 0,1%m.m. 150g";"002222801";"LAND";0.15;"KG";0.35;2.33;0.29;1.93;0.35;0.35;"80761259";"JOGURTI I DESERTI"
"GLJIVE U SUNC.ULJU 285g";"002388701";"DELIZIE DAL SOLE";0.285;"KG";2.19;7.68;0;0;0;2.19;"8017596000262";"KONZER.PROIZVODI U ULJU/OCTU"
"JOGURT OBIČNI 500g";"002961101";"LAND";0.5;"KG";1.19;2.38;0;0;0;1.19;"8017596000439";"JOGURTI I DESERTI"
"JOGURT OBIČNI 500g";"002961101";"LAND";0.5;"KG";1.19;2.38;0;0;0;1.19;"8017596005748";"JOGURTI I DESERTI"
"TUNA U MASLINOVOM ULJU 80g";"003112001";"ATHENA";0.08;"KG";0.99;12.38;0;0;0;0.99;"8005850112424";"RIBLJE KONZERVE"
"TUNA U MASLINOVOM ULJU 80g";"003112001";"ATHENA";0.08;"KG";0.99;12.38;0;0;0;0.99;"8005850113056";"RIBLJE KONZERVE"
"TUNA U MASLINOVOM ULJU 80g";"003112001";"ATHENA";0.08;"KG";0.99;12.38;0;0;0;0.99;"8017596004208";"RIBLJE KONZERVE"
"TUNA U VLASTITOM SOKU 160g/112g";"003113801";"ATHENA";0.112;"KG";1.79;15.98;0;0;0;1.79;"8005850112844";"RIBLJE KONZERVE"
"TUNA U VLASTITOM SOKU 160g/112g";"003113801";"ATHENA";0.112;"KG";1.79;15.98;0;0;0;1.79;"8017596004239";"RIBLJE KONZERVE"
"PANCETA DIMLJENA KOCKICE 200g";"003132801";"LA BOTTEGA DEL GUSTO";0.2;"KG";2.55;12.75;0;0;0;2.55;"3280596100200";"SALAME SVJEŽE - EGALIZIRANE"
"PANCETA DIMLJENA KOCKICE 200g";"003132801";"LA BOTTEGA DEL GUSTO";0.2;"KG";2.55;12.75;0;0;0;2.55;"8017596006851";"SALAME SVJEŽE - EGALIZIRANE"
"TUNA U BILJNOM ULJU 160g";"003142701";"ATHENA";0.16;"KG";1.79;11.19;0;0;0;1.79;"8005850112035";"RIBLJE KONZERVE"
"TUNA U BILJNOM ULJU 160g";"003142701";"ATHENA";0.16;"KG";1.79;11.19;0;0;0;1.79;"8005850112769";"RIBLJE KONZERVE"
"TUNA U BILJNOM ULJU 160g";"003142701";"ATHENA";0.16;"KG";1.79;11.19;0;0;0;1.79;"8017596007834";"RIBLJE KONZERVE"
"OCAT BALZAMIČNI IZ MODENE 500ml";"003212801";"ANTICA ACETAIA";0.5;"LT";1.89;3.78;0;0;0;1.89;"80102878";"OCAT"
"OCAT BALZAMIČNI IZ MODENE 500ml";"003212801";"ANTICA ACETAIA";0.5;"LT";1.89;3.78;0;0;0;1.89;"80102915";"OCAT"
"OCAT BALZAMIČNI IZ MODENE 500ml";"003212801";"ANTICA ACETAIA";0.5;"LT";1.89;3.78;0;0;0;1.89;"8017596014986";"OCAT"
"GRAŠAK FINI 1kg";"003238301";"DELIZIE DAL SOLE";1;"KG";2.19;2.19;0;0;0;2.19;"8017596001511";"ZAMRZNUTO POVRĆE"
"FILETI OSLIĆA 1kg";"003272201";"ATHENA";1;"KG";9.95;9.95;0;0;0;9.95;"8017596001092";"ZAMRZNUTA RIBA/MORSKI PLODOVI"
"FILETI OSLIĆA 1kg";"003272201";"ATHENA";1;"KG";9.95;9.95;0;0;0;9.95;"4000933002566";"ZAMRZNUTA RIBA/MORSKI PLODOVI"
"FILETI OSLIĆA 1kg";"003272201";"ATHENA";1;"KG";9.95;9.95;0;0;0;9.95;"5905009022303";"ZAMRZNUTA RIBA/MORSKI PLODOVI"
"FILETI OSLIĆA 1kg";"003272201";"ATHENA";1;"KG";9.95;9.95;0;0;0;9.95;"8007466063121";"ZAMRZNUTA RIBA/MORSKI PLODOVI"
"FILETI OSLIĆA 1kg";"003272201";"ATHENA";1;"KG";9.95;9.95;0;0;0;9.95;"8033389262006";"ZAMRZNUTA RIBA/MORSKI PLODOVI"
"ŠPINAT KOCKE 600g";"003289601";"DELIZIE DAL SOLE";0.6;"KG";1.69;2.82;0;0;0;1.69;"8017596001559";"ZAMRZNUTO POVRĆE"
"SLAD.KORNET ŠLAG 6 KOM 450g";"003316701";"DOLCIANDO";0.45;"KG";2.79;6.2;0;0;0;2.79;"8017596002228";"SLADOLEDI I DESERTI"
"SLAD.KORNET ŠLAG 6 KOM 450g";"003316701";"DOLCIANDO";0.45;"KG";2.79;6.2;0;0;0;2.79;"8002050036314";"SLADOLEDI I DESERTI"
"BUĐOLA";"003370402";"LA BOTTEGA DEL GUSTO";1;"KG";16.49;16.49;0;0;0;16.49;"";"SALAME SVJEŽE - TEŽINSKE"
"REPOVI KOZICA TROPSKIH 350g";"003590701";"ONDINA";0.35;"KG";6.63;18.94;0;0;0;6.63;"7861088500447";"ZAMRZNUTA RIBA/MORSKI PLODOVI"
"REPOVI KOZICA TROPSKIH 350g";"003590701";"ONDINA";0.35;"KG";6.63;18.94;0;0;0;6.63;"5602489003913";"ZAMRZNUTA RIBA/MORSKI PLODOVI"
"REPOVI KOZICA TROPSKIH 350g";"003590701";"ONDINA";0.35;"KG";6.63;18.94;0;0;0;6.63;"8710557016202";"ZAMRZNUTA RIBA/MORSKI PLODOVI"
"REPOVI KOZICA TROPSKIH 350g";"003590701";"ONDINA";0.35;"KG";6.63;18.94;0;0;0;6.63;"8710557026300";"ZAMRZNUTA RIBA/MORSKI PLODOVI"
"REPOVI KOZICA TROPSKIH 350g";"003590701";"ONDINA";0.35;"KG";6.63;18.94;0;0;0;6.63;"5011293630725";"ZAMRZNUTA RIBA/MORSKI PLODOVI"
"REPOVI KOZICA TROPSKIH 350g";"003590701";"ONDINA";0.35;"KG";6.63;18.94;0;0;0;6.63;"5011293740813";"ZAMRZNUTA RIBA/MORSKI PLODOVI"
"REPOVI KOZICA TROPSKIH 350g";"003590701";"ONDINA";0.35;"KG";6.63;18.94;0;0;0;6.63;"5011293740745";"ZAMRZNUTA RIBA/MORSKI PLODOVI"
"REPOVI KOZICA TROPSKIH 350g";"003590701";"ONDINA";0.35;"KG";6.63;18.94;0;0;0;6.63;"8017596040053";"ZAMRZNUTA RIBA/MORSKI PLODOVI"
"KAVA 100% ARABICA 250g";"003763001";"DON JEREZ";0.25;"KG";3.69;14.76;0;0;0;3.69;"8017596000545";"KAVA/ČAJEVI/DRUGO"
"KAVOVINA PRŽENI JEČAM 200g";"003845501";"DON JEREZ";0.2;"KG";1.79;8.95;0;0;0;1.79;"8007100045018";"KAVA/ČAJEVI/DRUGO"
"KAVOVINA PRŽENI JEČAM 200g";"003845501";"DON JEREZ";0.2;"KG";1.79;8.95;0;0;0;1.79;"8017596009005";"KAVA/ČAJEVI/DRUGO"
"KAVOVINA PRŽENI JEČAM 200g";"003845501";"DON JEREZ";0.2;"KG";1.79;8.95;0;0;0;1.79;"8017596051332";"KAVA/ČAJEVI/DRUGO"
"KAVA U ZRNU DON JEREZ 1kg";"003893501";"DON JEREZ";1;"KG";13.99;13.99;0;0;0;12.99;"8017596000552";"KAVA/ČAJEVI/DRUGO"
"INSTANT KAVA DON JEREZ 100g";"003921401";"DON JEREZ";0.1;"KG";2.99;29.9;0;0;0;2.89;"8004990303006";"KAVA/ČAJEVI/DRUGO"
"INSTANT KAVA DON JEREZ 100g";"003921401";"DON JEREZ";0.1;"KG";2.99;29.9;0;0;0;2.89;"8004990304003";"KAVA/ČAJEVI/DRUGO"
"INSTANT KAVA DON JEREZ 100g";"003921401";"DON JEREZ";0.1;"KG";2.99;29.9;0;0;0;2.89;"8017596010049";"KAVA/ČAJEVI/DRUGO"
"TJESTENINA BAVETTE 500g";"003959417";"TRE MULINI";0.5;"KG";0.89;1.78;0;0;0;0.89;"8017596005984";"TJESTENINA"
"TJESTENINA SPAGHETTINI 500g";"003959419";"TRE MULINI";0.5;"KG";0.89;1.78;0;0;0;0.89;"8017596006141";"TJESTENINA"
"TJESTENINA BUCATINI 500g";"003959420";"TRE MULINI";0.5;"KG";0.89;1.78;0;0;0;0.89;"8017596005991";"TJESTENINA"
"KEKS OSWEGO 250g";"004143401";"DOLCIANDO";0.25;"KG";0.89;3.56;0;0;0;0.89;"8017596012326";"KEKSI/VAFLI/SNACKS"
"*PUREĆA ŠUNKA";"004253101";"NO BRAND";1;"KG";13.9;13.9;0;0;0;13.9;"";"DELIKATESA - SALAME"
"ČOKOLADNI KEKSI 150g";"004435401";"DOLCIANDO";0.15;"KG";1.49;9.93;0;0;0;1.49;"4001518000298";"KEKSI/VAFLI/SNACKS"
"ČOKOLADNI KEKSI 150g";"004435401";"DOLCIANDO";0.15;"KG";1.49;9.93;0;0;0;1.49;"8017596006523";"KEKSI/VAFLI/SNACKS"
"EK.DJEVIČANSKO MASLINOVO ULJE 750ml";"004472701";"PODERE DEL CONTE";0.75;"LT";10.99;14.65;0;0;0;10.99;"80724292";"ULJE"
"EK.DJEVIČANSKO MASLINOVO ULJE 750ml";"004472701";"PODERE DEL CONTE";0.75;"LT";10.99;14.65;0;0;0;10.99;"80731887";"ULJE"
"VINO CHIANTI 750ml";"004516101";"NO BRAND";0.75;"LT";3.89;5.19;2.49;3.32;3.89;3.89;"8004784000012";"VINA"
"VINO CHIANTI 750ml";"004516101";"NO BRAND";0.75;"LT";3.89;5.19;2.49;3.32;3.89;3.89;"8004784002337";"VINA"
"VINO CHIANTI 750ml";"004516101";"NO BRAND";0.75;"LT";3.89;5.19;2.49;3.32;3.89;3.89;"8018485000097";"VINA"
"VINO CHIANTI 750ml";"004516101";"NO BRAND";0.75;"LT";3.89;5.19;2.49;3.32;3.89;3.89;"8057741770008";"VINA"
"KREM NAMAZ DUO 400g";"004530201";"DOLCIANDO";0.4;"KG";1.99;4.98;0;0;0;1.99;"80176565";"DORUČAK - PAHULJICE/NAMAZI/MED"
"KREM NAMAZ DUO 400g";"004530201";"DOLCIANDO";0.4;"KG";1.99;4.98;0;0;0;1.99;"8017596009791";"DORUČAK - PAHULJICE/NAMAZI/MED"
"*SIR EDAMER ALPENSTRASSE";"004630001";"NO BRAND";1;"KG";9.9;9.9;0;0;0;9.9;"";"DELIKATESA - SIREVI"
"ROLADA S LJEŠNJAK KREMOM 250g";"004747201";"DOLCIANDO";0.25;"KG";1.19;4.76;0;0;0;1.19;"8001585006014";"TORTE I ROLADE"
"ROLADA S LJEŠNJAK KREMOM 250g";"004747201";"DOLCIANDO";0.25;"KG";1.19;4.76;0;0;0;1.19;"8001585002115";"TORTE I ROLADE"
"ROLADA S LJEŠNJAK KREMOM 250g";"004747201";"DOLCIANDO";0.25;"KG";1.19;4.76;0;0;0;1.19;"8017596054050";"TORTE I ROLADE"
"PANIRANI SURIMI OKUS RAKOVA 250g";"005003901";"ATHENA";0.25;"KG";2.39;9.56;0;0;0;2.39;"8001179010076";"ZAMRZNUTA RIBA/MORSKI PLODOVI"
"PANIRANI SURIMI OKUS RAKOVA 250g";"005003901";"ATHENA";0.25;"KG";2.39;9.56;0;0;0;2.39;"8015578000040";"ZAMRZNUTA RIBA/MORSKI PLODOVI"
"PANIRANI SURIMI OKUS RAKOVA 250g";"005003901";"ATHENA";0.25;"KG";2.39;9.56;0;0;0;2.39;"8000489020416";"ZAMRZNUTA RIBA/MORSKI PLODOVI"
"PANIRANI SURIMI OKUS RAKOVA 250g";"005003901";"ATHENA";0.25;"KG";2.39;9.56;0;0;0;2.39;"8001209001715";"ZAMRZNUTA RIBA/MORSKI PLODOVI"
"PANIRANI SURIMI OKUS RAKOVA 250g";"005003901";"ATHENA";0.25;"KG";2.39;9.56;0;0;0;2.39;"8032745830071";"ZAMRZNUTA RIBA/MORSKI PLODOVI"
"PANIRANI SURIMI OKUS RAKOVA 250g";"005003901";"ATHENA";0.25;"KG";2.39;9.56;0;0;0;2.39;"8011702101706";"ZAMRZNUTA RIBA/MORSKI PLODOVI"
"PANIRANI SURIMI OKUS RAKOVA 250g";"005003901";"ATHENA";0.25;"KG";2.39;9.56;0;0;0;2.39;"6926363200014";"ZAMRZNUTA RIBA/MORSKI PLODOVI"
"PANIRANI SURIMI OKUS RAKOVA 250g";"005003901";"ATHENA";0.25;"KG";2.39;9.56;0;0;0;2.39;"4770190049580";"ZAMRZNUTA RIBA/MORSKI PLODOVI"
"PANIRANI SURIMI OKUS RAKOVA 250g";"005003901";"ATHENA";0.25;"KG";2.39;9.56;0;0;0;2.39;"8017596040442";"ZAMRZNUTA RIBA/MORSKI PLODOVI"
"KOLAČ 2 VRSTE MRAMORNI 400g";"005049201";"DOLCIANDO";0.4;"KG";2.19;5.48;0;0;0;2.19;"41015445";"TORTE I ROLADE"
"KOLAČ 2 VRSTE MRAMORNI 400g";"005049201";"DOLCIANDO";0.4;"KG";2.19;5.48;0;0;0;2.19;"8017596009180";"TORTE I ROLADE"
"KOLAČ 2 VRSTE MRAMORNI 400g";"005049201";"DOLCIANDO";0.4;"KG";2.19;5.48;0;0;0;2.19;"8017596057211";"TORTE I ROLADE"
"KOLAČ STRACCIATELLA 400g";"005049202";"DOLCIANDO";0.4;"KG";2.19;5.48;1.69;4.23;2.19;2.19;"42000198";"TORTE I ROLADE"
"KOLAČ STRACCIATELLA 400g";"005049202";"DOLCIANDO";0.4;"KG";2.19;5.48;1.69;4.23;2.19;2.19;"8017596009173";"TORTE I ROLADE"
"VINO MONTEPU. D'ABRUZZO DOC 1500ml";"005051801";"NO BRAND";1.5;"LT";4.42;2.95;0;0;0;4.42;"8004300024805";"VINA"
"VINO MONTEPU. D'ABRUZZO DOC 1500ml";"005051801";"NO BRAND";1.5;"LT";4.42;2.95;0;0;0;4.42;"8000013003113";"VINA"
"VINO MONTEPU. D'ABRUZZO DOC 1500ml";"005051801";"NO BRAND";1.5;"LT";4.42;2.95;0;0;0;4.42;"8008530015084";"VINA"
"VINO MONTEPU. D'ABRUZZO DOC 1500ml";"005051801";"NO BRAND";1.5;"LT";4.42;2.95;0;0;0;4.42;"8001651337127";"VINA"
"VINO MONTEPU. D'ABRUZZO DOC 1500ml";"005051801";"NO BRAND";1.5;"LT";4.42;2.95;0;0;0;4.42;"8005228037731";"VINA"
"VINO MONTEPU. D'ABRUZZO DOC 1500ml";"005051801";"NO BRAND";1.5;"LT";4.42;2.95;0;0;0;4.42;"8000128095171";"VINA"
"ŠUNKA SUHA";"005160703";"LA BOTTEGA DEL GUSTO";1;"KG";14.99;14.99;0;0;0;14.99;"";"SALAME SVJEŽE - TEŽINSKE"
"ZAČINI ZA TJESTENINU 50g";"005386801";"DON JEREZ";0.05;"KG";0.99;19.8;0;0;0;0.99;"80630470";"RAJČICA/DODACI"
"ZAČINI ZA TJESTENINU 50g";"005386801";"DON JEREZ";0.05;"KG";0.99;19.8;0;0;0;0.99;"8017596008718";"RAJČICA/DODACI"
"ZAČINI ZA TJESTENINU 50g";"005386801";"DON JEREZ";0.05;"KG";0.99;19.8;0;0;0;0.99;"8017596015631";"RAJČICA/DODACI"
"JUNEĆA KOLJENICA SK.";"005482201";"NO BRAND";1;"KG";9.48;9.48;0;0;0;9.48;"";"MESO GOVEĐE"
"SOLNA KISELINA 1L";"005547501";"DEXAL";1;"LT";0.99;0.99;0;0;0;0.99;"8007930811081";"SREDSTVA ZA ČIŠĆENJE"
"SOLNA KISELINA 1L";"005547501";"DEXAL";1;"LT";0.99;0.99;0;0;0;0.99;"80113430";"SREDSTVA ZA ČIŠĆENJE"
"JUNEĆA PREDNJA ČETVRT S POTRBUŠINOM";"005639701";"NO BRAND";1;"KG";9.17;9.17;0;0;0;9.17;"";"MESO GOVEĐE"
"JUNEĆA POTRBUŠINA.";"005639901";"NO BRAND";1;"KG";10.7;10.7;0;0;0;10.7;"";"MESO GOVEĐE"
"JUNEĆE TRIPICE KUHANE REZANE";"005641401";"NO BRAND";1;"KG";6.88;6.88;0;0;0;6.88;"";"IZNUTRICE"
"JUNEĆI JEZIK";"005641701";"NO BRAND";1;"KG";5.69;5.69;0;0;0;5.69;"";"IZNUTRICE"
"JUNEĆE SRCE.";"005641801";"NO BRAND";1;"KG";2.81;2.81;0;0;0;2.81;"";"IZNUTRICE"
"JUNEĆA JETRA.";"005641901";"NO BRAND";1;"KG";3.67;3.67;0;0;0;3.67;"";"IZNUTRICE"
"PILEĆE PRSI SKK";"005642401";"NO BRAND";1;"KG";5.73;5.73;0;0;0;5.73;"";"MESO PERADI"
"SVINJSKA KOLJENICA";"005651301";"NO BRAND";1;"KG";3.97;3.97;0;0;0;3.97;"";"MESO SVINJSKO"
"SVINJSKA JETRA";"005651401";"NO BRAND";1;"KG";2.08;2.08;0;0;0;2.08;"";"IZNUTRICE"
"PUREĆA KRILA MAP";"005690301";"LA COLLINA DELLE BONTA'";1;"KG";3.89;3.89;0;0;0;3.89;"";"MESO PERADI"
"PUREĆI BATAK I ZABATAK";"005699401";"NO BRAND";1;"KG";4.27;4.27;0;0;0;4.27;"";"MESO PERADI"
"BALONI SA ZVIŽDALJKAMA 10kom";"005701401";"IL GIOCOLIERE";1;"PZ";1.19;1.19;0;0;0;1.19;"8017596057242";"DOMAĆINSTVO"
"BALONI ZA OBLIKOVANJE 16kom";"005701501";"IL GIOCOLIERE";1;"PZ";1.19;1.19;0;0;0;1.19;"8017596057259";"DOMAĆINSTVO"
"BALONI VODENI 80kom";"005701601";"IL GIOCOLIERE";1;"PZ";0.93;0.93;0;0;0;0.93;"8017596057266";"DOMAĆINSTVO"
"BALONI PROMJER 26cm 14kom";"005701701";"IL GIOCOLIERE";1;"PZ";0.93;0.93;0;0;0;0.93;"8017596057273";"DOMAĆINSTVO"
"BALONI TANTI AUGURI PR. 28cm 10kom";"005701901";"IL GIOCOLIERE";1;"PZ";0.93;0.93;0;0;0;0.93;"8017596057280";"DOMAĆINSTVO"
"BALONI RAZLIČITIH OBLIKA 10kom";"005702001";"IL GIOCOLIERE";1;"PZ";0.93;0.93;0;0;0;0.93;"8017596057297";"DOMAĆINSTVO"
"BALONI MEĐUSOBNO POVEZIVANJE 10kom";"005702101";"IL GIOCOLIERE";1;"PZ";1.33;1.33;0;0;0;1.33;"8017596057303";"DOMAĆINSTVO"
"BALONI S GUMICOM 3kom";"005702201";"IL GIOCOLIERE";1;"PZ";1.06;1.06;0;0;0;1.06;"8017596057310";"DOMAĆINSTVO"
"BALONI METALIK 10kom";"005702301";"IL GIOCOLIERE";1;"PZ";1.06;1.06;0;0;0;1.06;"8017596057327";"DOMAĆINSTVO"
"BALONI TISAK ZVJEZDICE 8kom";"005702701";"IL GIOCOLIERE";1;"PZ";1.33;1.33;0;0;0;1.33;"8017596057358";"DOMAĆINSTVO"
"BALONI U OBLIKU SRCA PRO.25cm 10kom";"005702801";"IL GIOCOLIERE";1;"PZ";1.06;1.06;0;0;0;1.06;"8017596057365";"DOMAĆINSTVO"
"BALONI PROMJER 13cm 30kom";"005702901";"IL GIOCOLIERE";1;"PZ";1.33;1.33;0;0;0;1.33;"8017596057372";"DOMAĆINSTVO"
"BALONI DUGULJASTI 4kom";"005703001";"IL GIOCOLIERE";1;"PZ";1.06;1.06;0;0;0;1.06;"8017596057389";"DOMAĆINSTVO"
"BALONI TISAK ŽIVOTINJA 10kom";"005703101";"IL GIOCOLIERE";1;"PZ";0.93;0.93;0;0;0;0.93;"8017596057396";"DOMAĆINSTVO"
"BALONI S PUMPOM 8kom";"005703201";"IL GIOCOLIERE";1;"PZ";1.59;1.59;0;0;0;1.59;"8017596057402";"DOMAĆINSTVO"
"JUNEĆA KOLJENICA BK";"005704001";"NO BRAND";1;"KG";12.06;12.06;0;0;0;12.06;"";"MESO GOVEĐE"
"JUNEĆA POTRBUŠINA MAP";"005729201";"IL BRACIERE";1;"KG";10.99;10.99;0;0;0;10.99;"";"MESO GOVEĐE"
"JUNEĆA LOPATICA BK";"005729601";"IL BRACIERE";1;"KG";13.36;13.36;0;0;0;13.36;"";"MESO GOVEĐE"
"JUNEĆI BUT BK";"005734101";"NO BRAND";1;"KG";15.2;15.2;0;0;0;15.2;"";"MESO GOVEĐE"
"TELEĆE LOPATICA SK BEZ KOLJENICE";"005734201";"NO BRAND";1;"KG";11.16;11.16;0;0;0;11.16;"";"MESO TELEĆE"
"SVJEŽA MLADA PATKA BEZ IZNUTRICA";"005746301";"NO BRAND";1;"KG";5.49;5.49;0;0;0;5.49;"";"MESO PERADI"
"SVINJSKA POLOVICA-FRANCUSKA OBRADA";"005773101";"NO BRAND";1;"KG";3.85;3.85;0;0;0;3.85;"";"MESO SVINJSKO"
"SVINJSKA LOPATICA";"006027701";"NO BRAND";1;"KG";5.59;5.59;0;0;0;5.59;"";"MESO SVINJSKO"
"INSTANT PRI.LED.ČAJ LIMUN 1kg (11L)";"006041801";"BLUES";1;"KG";4.89;4.89;0;0;0;4.89;"8017596005663";"KAVA/ČAJEVI/DRUGO"
"INSTANT PRI.LED.Č.BRESKVA 1kg (11L)";"006041802";"BLUES";1;"KG";4.89;4.89;0;0;0;4.89;"8004990159009";"KAVA/ČAJEVI/DRUGO"
"INSTANT PRI.LED.Č.BRESKVA 1kg (11L)";"006041802";"BLUES";1;"KG";4.89;4.89;0;0;0;4.89;"8017596006363";"KAVA/ČAJEVI/DRUGO"
"*GRANA PADANO 9 MJESECI";"006112701";"NO BRAND";1;"KG";24.9;24.9;0;0;0;24.9;"";"DELIKATESA - SIREVI"
"HRENOVKE PILEĆE PUREĆE 3 kom 250g";"006115001";"TOBIAS";0.25;"KG";0.89;3.56;0;0;0;0.89;"8017596004291";"SALAME SVJEŽE - EGALIZIRANE"
"HRENOVKE PILEĆE PUREĆE 3 kom 250g";"006115001";"TOBIAS";0.25;"KG";0.89;3.56;0;0;0;0.89;"05666632";"SALAME SVJEŽE - EGALIZIRANE"
"MIX MORSKI NAREZAN 800g";"006188701";"ONDINA";0.8;"KG";6.39;7.99;0;0;0;6.39;"8017596001313";"ZAMRZNUTA RIBA/MORSKI PLODOVI"
"MIX MORSKI NAREZAN 800g";"006188701";"ONDINA";0.8;"KG";6.39;7.99;0;0;0;6.39;"8017596001191";"ZAMRZNUTA RIBA/MORSKI PLODOVI"
"ŠUNKA SUHA DIMLJENA";"006250502";"LA BOTTEGA DEL GUSTO";1;"KG";12.99;12.99;0;0;0;12.99;"";"SALAME SVJEŽE - TEŽINSKE"
"PANIRANI RIBLJI ŠTAPIĆI 30KOM 900g";"006271101";"ATHENA";0.9;"KG";6.49;7.21;0;0;0;6.49;"8017596001283";"ZAMRZNUTA RIBA/MORSKI PLODOVI"
"LUKOVICE U VINSKOM OCTU 565/340g";"006391701";"VARIAGUSTO";0.34;"KG";1.99;5.85;1.59;4.68;1.99;1.99;"8017596008176";"KONZER.PROIZVODI U ULJU/OCTU"
"TAMNA ČOKOLADA 50%KAK. 500g";"006447701";"DOLCIANDO";0.5;"KG";5.49;10.98;0;0;0;5.49;"8005851000607";"ČOKOLADE"
"TAMNA ČOKOLADA 50%KAK. 500g";"006447701";"DOLCIANDO";0.5;"KG";5.49;10.98;0;0;0;5.49;"8017596012265";"ČOKOLADE"
"PALENTA KUHANA 1kg";"006580501";"TRE MULINI";1;"KG";0.79;0.79;0;0;0;0.79;"8003086000065";"BRAŠNO"
"PALENTA KUHANA 1kg";"006580501";"TRE MULINI";1;"KG";0.79;0.79;0;0;0;0.79;"8017596015044";"BRAŠNO"
"VINO PJENUŠAVO FRIZZANTINO1500ml";"006614201";"NO BRAND";1.5;"LT";3.42;2.28;0;0;0;3.42;"8003295002560";"VINA"
"VINO PJENUŠAVO FRIZZANTINO1500ml";"006614201";"NO BRAND";1.5;"LT";3.42;2.28;0;0;0;3.42;"8003295008838";"VINA"
"FLIPS HRSKAVI SA SIROM 125g";"006680301";"MAMBO KIDS";0.125;"KG";0.89;7.12;0;0;0;0.89;"8002183011271";"KEKSI/VAFLI/SNACKS"
"FLIPS HRSKAVI SA SIROM 125g";"006680301";"MAMBO KIDS";0.125;"KG";0.89;7.12;0;0;0;0.89;"8002026000585";"KEKSI/VAFLI/SNACKS"
"FLIPS HRSKAVI SA SIROM 125g";"006680301";"MAMBO KIDS";0.125;"KG";0.89;7.12;0;0;0;0.89;"8017596010780";"KEKSI/VAFLI/SNACKS"
"KREKERI SLANI 500g";"006759501";"TRE MULINI";0.5;"KG";1.89;3.78;0;0;0;1.89;"8017596005281";"PEKARSKI PROIZVODI"
"KREKERI INTEGRALNI 500g";"006760301";"TRE MULINI";0.5;"KG";1.89;3.78;0;0;0;1.89;"8017596005298";"PEKARSKI PROIZVODI"
"PILEĆA ZADNJA ČETVRT (BATAK I ZABAT";"006863501";"NO BRAND";1;"KG";2.57;2.57;0;0;0;2.57;"";"MESO PERADI"
"PILEĆA JETRA GASTRO";"006865001";"NO BRAND";1;"KG";2.74;2.74;0;0;0;2.74;"";"MESO PERADI"
"HULAHOPKE DAILY 20 DEN XL V.5/6 CRN";"007007201";"GLISSADE";1;"PZ";1.33;1.33;0;0;0;1.33;"8300122369972";"ČARAPE/BATERIJE"
"HULAHOPKE DAILY 20 DEN XL V.5/6 CRN";"007007201";"GLISSADE";1;"PZ";1.33;1.33;0;0;0;1.33;"8017596058256";"ČARAPE/BATERIJE"
"HULAHOPKE DAILY 20 DEN XL V.5/6 SME";"007007301";"GLISSADE";1;"PZ";1.33;1.33;0;0;0;1.33;"8300122369965";"ČARAPE/BATERIJE"
"HULAHOPKE DAILY 20 DEN XL V.5/6 SME";"007007301";"GLISSADE";1;"PZ";1.33;1.33;0;0;0;1.33;"8017596058263";"ČARAPE/BATERIJE"
"HULAHOPKE RELAX 50 DEN V.1/2 CRNE";"007008401";"GLISSADE";1;"PZ";1.99;1.99;0;0;0;1.99;"8300122370220";"ČARAPE/BATERIJE"
"HULAHOPKE RELAX 50 DEN V.1/2 CRNE";"007008401";"GLISSADE";1;"PZ";1.99;1.99;0;0;0;1.99;"8017596058362";"ČARAPE/BATERIJE"
"HULAHOPKE RELAX 50 DEN V.1/2 SMEĐE";"007008501";"GLISSADE";1;"PZ";1.99;1.99;0;0;0;1.99;"8300122370169";"ČARAPE/BATERIJE"
"HULAHOPKE RELAX 50 DEN V.1/2 SMEĐE";"007008501";"GLISSADE";1;"PZ";1.99;1.99;0;0;0;1.99;"8017596058379";"ČARAPE/BATERIJE"
"HULAHOPKE RELAX 50 DEN V.3 CRNE";"007008801";"GLISSADE";1;"PZ";1.99;1.99;0;0;0;1.99;"8300122370237";"ČARAPE/BATERIJE"
"HULAHOPKE RELAX 50 DEN V.3 CRNE";"007008801";"GLISSADE";1;"PZ";1.99;1.99;0;0;0;1.99;"8017596058393";"ČARAPE/BATERIJE"
"HULAHOPKE RELAX 50 DEN V.3 SMEĐE";"007008901";"GLISSADE";1;"PZ";1.99;1.99;0;0;0;1.99;"8300122370176";"ČARAPE/BATERIJE"
"HULAHOPKE RELAX 50 DEN V.3 SMEĐE";"007008901";"GLISSADE";1;"PZ";1.99;1.99;0;0;0;1.99;"8017596058409";"ČARAPE/BATERIJE"
"HULAHOPKE RELAX 50 DEN V.4 CRNE";"007009101";"GLISSADE";1;"PZ";1.99;1.99;0;0;0;1.99;"8300122370244";"ČARAPE/BATERIJE"
"HULAHOPKE RELAX 50 DEN V.4 CRNE";"007009101";"GLISSADE";1;"PZ";1.99;1.99;0;0;0;1.99;"8017596058423";"ČARAPE/BATERIJE"
"HULAHOPKE RELAX 50 DEN V.4 SMEĐE";"007009201";"GLISSADE";1;"PZ";1.99;1.99;0;0;0;1.99;"8300122370183";"ČARAPE/BATERIJE"
"HULAHOPKE RELAX 50 DEN V.4 SMEĐE";"007009201";"GLISSADE";1;"PZ";1.99;1.99;0;0;0;1.99;"8017596058430";"ČARAPE/BATERIJE"
"TJESTENINA TORTIGLIONI 1kg";"007032901";"TRE MULINI";1;"KG";1.49;1.49;0;0;0;1.49;"8017596005953";"TJESTENINA"
"TJESTENINA PENNE RIGATE 1kg";"007033101";"TRE MULINI";1;"KG";1.49;1.49;0;0;0;1.49;"8017596052582";"TJESTENINA"
"REPOVI KOZICA TROPSKIH OČIŠĆEN 240g";"007065601";"ONDINA";0.24;"KG";5.31;22.13;0;0;0;5.31;"8017596001221";"ZAMRZNUTA RIBA/MORSKI PLODOVI"
"REPOVI KOZICA TROPSKIH OČIŠĆEN 240g";"007065601";"ONDINA";0.24;"KG";5.31;22.13;0;0;0;5.31;"5410726014499";"ZAMRZNUTA RIBA/MORSKI PLODOVI"
"REPOVI KOZICA TROPSKIH OČIŠĆEN 240g";"007065601";"ONDINA";0.24;"KG";5.31;22.13;0;0;0;5.31;"8017596040060";"ZAMRZNUTA RIBA/MORSKI PLODOVI"
"SENDVIČ KEKS 46% KAKAO 500g";"007074801";"DOLCIANDO";0.5;"KG";1.99;3.98;0;0;0;1.99;"4001518003312";"KEKSI/VAFLI/SNACKS"
"SENDVIČ KEKS 46% KAKAO 500g";"007074801";"DOLCIANDO";0.5;"KG";1.99;3.98;0;0;0;1.99;"8017596006592";"KEKSI/VAFLI/SNACKS"
"SENDVIČ KEKS 46% KAKAO 500g";"007074801";"DOLCIANDO";0.5;"KG";1.99;3.98;0;0;0;1.99;"8017596057648";"KEKSI/VAFLI/SNACKS"
"VANILIN AROMA (5VRE.)2G";"007092001";"DOLCIANDO";0.002;"KG";0.39;195;0;0;0;0.39;"8005650006008";"KAKAO/DOD. ZA KOLAČE/PREHRANU"
"VANILIN AROMA (5VRE.)2G";"007092001";"DOLCIANDO";0.002;"KG";0.39;195;0;0;0;0.39;"8017596013095";"KAKAO/DOD. ZA KOLAČE/PREHRANU"
"VANILIN AROMA (5VRE.)2G";"007092001";"DOLCIANDO";0.002;"KG";0.39;195;0;0;0;0.39;"8005650120605";"KAKAO/DOD. ZA KOLAČE/PREHRANU"
"SVINJSKA SLABINA I LEĐA SK I FILEOM";"007102101";"NO BRAND";1;"KG";5.2;5.2;0;0;0;5.2;"";"MESO SVINJSKO"
"SVINJSKA REBRA BEZ KOŽE";"007102201";"NO BRAND";1;"KG";6.8;6.8;0;0;0;6.8;"";"MESO SVINJSKO"
"SVINJSKA SLABINA I LEĐA BK";"007102301";"NO BRAND";1;"KG";5.86;5.86;0;0;0;5.86;"";"MESO SVINJSKO"
"SVINJSKI VRAT SK";"007102601";"NO BRAND";1;"KG";4.68;4.68;0;0;0;4.68;"";"MESO SVINJSKO"
"SVINJSKA LOPATICA 4D (BKK)";"007102801";"NO BRAND";1;"KG";4.68;4.68;0;0;0;4.68;"";"MESO SVINJSKO"
"SVINJSKI BUT 4D (BKK)";"007103001";"NO BRAND";1;"KG";4.85;4.85;0;0;0;4.85;"";"MESO SVINJSKO"
"MASLINE ZELENE BEZ KOŠT. 1675g/800g";"007113401";"VARIAGUSTO";0.8;"KG";5.99;7.49;0;0;0;5.99;"8002170306373";"KONZER.PROIZVODI U ULJU/OCTU"
"MASLINE ZELENE BEZ KOŠT. 1675g/800g";"007113401";"VARIAGUSTO";0.8;"KG";5.99;7.49;0;0;0;5.99;"8002170417512";"KONZER.PROIZVODI U ULJU/OCTU"
"MASLINE ZELENE BEZ KOŠT. 1675g/800g";"007113401";"VARIAGUSTO";0.8;"KG";5.99;7.49;0;0;0;5.99;"8017596076540";"KONZER.PROIZVODI U ULJU/OCTU"
"*MONTASIO TVR.KRAV.SIR 60 DANA 1/2V";"007123001";"NO BRAND";1;"KG";19.9;19.9;0;0;0;19.9;"";"DELIKATESA - SIREVI"
"LEDENI ČAJ LIMUN 500ml";"007197701";"BLUES";0.5;"LT";0.49;0.98;0;0;0;0.49;"8017596073020";"BEZALKOHOLNA PIĆA"
"LEDENI ČAJ LIMUN 500ml";"007197701";"BLUES";0.5;"LT";0.49;0.98;0;0;0;0.49;"8017596005656";"BEZALKOHOLNA PIĆA"
"LEDENI ČAJ BRESKVA 500ml";"007197702";"BLUES";0.5;"LT";0.49;0.98;0;0;0;0.49;"8017596073037";"BEZALKOHOLNA PIĆA"
"LEDENI ČAJ BRESKVA 500ml";"007197702";"BLUES";0.5;"LT";0.49;0.98;0;0;0;0.49;"8017596005694";"BEZALKOHOLNA PIĆA"
"SL.ŠTAP.AMARENA CROCCHINI 6KOM 420g";"007314801";"DOLCIANDO";0.42;"KG";3.19;7.6;0;0;0;3.19;"8002172001474";"SLADOLEDI I DESERTI"
"SL.ŠTAP.AMARENA CROCCHINI 6KOM 420g";"007314801";"DOLCIANDO";0.42;"KG";3.19;7.6;0;0;0;3.19;"8017596002495";"SLADOLEDI I DESERTI"
"ŠTAPIĆI GIANDUIA 6KOM 420g";"007314802";"DOLCIANDO";0.42;"KG";3.19;7.6;0;0;0;3.19;"8017596044228";"SLADOLEDI I DESERTI"
"GRAŠAK 400g/270g";"007675201";"DELIZIE DAL SOLE";0.27;"KG";0.99;3.67;0;0;0;0.99;"3017800127964";"POVRĆE KONZERVIRANO/SUHO"
"GRAŠAK 400g/270g";"007675201";"DELIZIE DAL SOLE";0.27;"KG";0.99;3.67;0;0;0;0.99;"3017800132821";"POVRĆE KONZERVIRANO/SUHO"
"GRAŠAK 400g/270g";"007675201";"DELIZIE DAL SOLE";0.27;"KG";0.99;3.67;0;0;0;0.99;"8017596013996";"POVRĆE KONZERVIRANO/SUHO"
"VINO LAMBRUSCO BISER CRNO VINO 1,5l";"007750301";"NO BRAND";1.5;"LT";3.42;2.28;0;0;0;3.42;"8003295001853";"VINA"
"VINO LAMBRUSCO BISER CRNO VINO 1,5l";"007750301";"NO BRAND";1.5;"LT";3.42;2.28;0;0;0;3.42;"8008920001956";"VINA"
"VINO LAMBRUSCO BISER CRNO VINO 1,5l";"007750301";"NO BRAND";1.5;"LT";3.42;2.28;0;0;0;3.42;"8008530011567";"VINA"
"VINO LAMBRUSCO BISER CRNO VINO 1,5l";"007750301";"NO BRAND";1.5;"LT";3.42;2.28;0;0;0;3.42;"8003295012910";"VINA"
"KOZICE ARGENTINSKE 800g";"007792501";"ONDINA";0.8;"KG";12.99;16.24;0;0;0;12.99;"5602489003395";"ZAMRZNUTA RIBA/MORSKI PLODOVI"
"KOZICE ARGENTINSKE 800g";"007792501";"ONDINA";0.8;"KG";12.99;16.24;0;0;0;12.99;"5602489003333";"ZAMRZNUTA RIBA/MORSKI PLODOVI"
"KOZICE ARGENTINSKE 800g";"007792501";"ONDINA";0.8;"KG";12.99;16.24;0;0;0;12.99;"5602489007461";"ZAMRZNUTA RIBA/MORSKI PLODOVI"
"KOZICE ARGENTINSKE 800g";"007792501";"ONDINA";0.8;"KG";12.99;16.24;0;0;0;12.99;"5602489007454";"ZAMRZNUTA RIBA/MORSKI PLODOVI"
"KOZICE ARGENTINSKE 800g";"007792501";"ONDINA";0.8;"KG";12.99;16.24;0;0;0;12.99;"5602489007485";"ZAMRZNUTA RIBA/MORSKI PLODOVI"
"KOZICE ARGENTINSKE 800g";"007792501";"ONDINA";0.8;"KG";12.99;16.24;0;0;0;12.99;"5602489007294";"ZAMRZNUTA RIBA/MORSKI PLODOVI"
"KOZICE ARGENTINSKE 800g";"007792501";"ONDINA";0.8;"KG";12.99;16.24;0;0;0;12.99;"5602489007270";"ZAMRZNUTA RIBA/MORSKI PLODOVI"
"KOZICE ARGENTINSKE 800g";"007792501";"ONDINA";0.8;"KG";12.99;16.24;0;0;0;12.99;"5602489003166";"ZAMRZNUTA RIBA/MORSKI PLODOVI"
"KOZICE ARGENTINSKE 800g";"007792501";"ONDINA";0.8;"KG";12.99;16.24;0;0;0;12.99;"8017596040121";"ZAMRZNUTA RIBA/MORSKI PLODOVI"
"SIR LISTIĆI 50 kom 1kg";"007905301";"LAND";1;"KG";6.79;6.79;0;0;0;6.79;"8017596005403";"MLIJEČNI PROIZ. SVJEŽI - EGAL."
"SIR LISTIĆI 50 kom 1kg";"007905301";"LAND";1;"KG";6.79;6.79;0;0;0;6.79;"8017596050083";"MLIJEČNI PROIZ. SVJEŽI - EGAL."
"RAJČICA UMAK S BOSILJKOM 400g";"008023301";"DELIZIE DAL SOLE";0.4;"KG";1.79;4.48;0;0;0;1.79;"8017596007209";"RAJČICA/DODACI"
"RAJČICA UMAK ALL'ARRABBIATA 400g";"008023401";"DELIZIE DAL SOLE";0.4;"KG";1.79;4.48;0;0;0;1.79;"8017596007216";"RAJČICA/DODACI"
"RAJČICA UMAK S MASLINAMA 400g";"008023501";"DELIZIE DAL SOLE";0.4;"KG";1.79;4.48;0;0;0;1.79;"8017596007223";"RAJČICA/DODACI"
"SL.SANDWICH VANILIJA 12 KOM 570g";"008059001";"DOLCIANDO";0.57;"KG";3.59;6.3;0;0;0;3.59;"8017596002464";"SLADOLEDI I DESERTI"
"SL.SANDW.DVA OKUSA 8KOM 720g";"008059201";"DOLCIANDO";0.72;"KG";4.39;6.1;0;0;0;4.39;"8017596002471";"SLADOLEDI I DESERTI"
"HRENOVKE 12kom 1000g";"008063201";"TOBIAS";1;"KG";2.99;2.99;0;0;0;2.99;"8000789135070";"SALAME SVJEŽE - EGALIZIRANE"
"HRENOVKE 12kom 1000g";"008063201";"TOBIAS";1;"KG";2.99;2.99;0;0;0;2.99;"0000039027";"SALAME SVJEŽE - EGALIZIRANE"
"HRENOVKE 12kom 1000g";"008063201";"TOBIAS";1;"KG";2.99;2.99;0;0;0;2.99;"8017596062789";"SALAME SVJEŽE - EGALIZIRANE"
"SIR GRAN BAVARESE 100g";"008066401";"NO BRAND";0.1;"KG";1.49;14.9;0;0;0;1.49;"4006402010179";"MLIJEČNI PROIZ. SVJEŽI - EGAL."
"TUNA U MASLINOVOM ULJU 160g";"008077401";"ATHENA";0.16;"KG";1.89;11.81;1.49;9.31;1.89;1.89;"8017596004215";"RIBLJE KONZERVE"
"TUNA U BILJNOM ILJU 1KG";"008129001";"NO BRAND";1;"KG";8.49;8.49;0;0;0;8.49;"8412604987717";"RIBLJE KONZERVE"
"TUNA U BILJNOM ILJU 1KG";"008129001";"NO BRAND";1;"KG";8.49;8.49;0;0;0;8.49;"8057502936476";"RIBLJE KONZERVE"
"TUNA U BILJNOM ILJU 1KG";"008129001";"NO BRAND";1;"KG";8.49;8.49;0;0;0;8.49;"8017596115553";"RIBLJE KONZERVE"
"TUNA U BILJNOM ILJU 1KG";"008129001";"NO BRAND";1;"KG";8.49;8.49;0;0;0;8.49;"8056364119973";"RIBLJE KONZERVE"
"TUNA U BILJNOM ILJU 1KG";"008129001";"NO BRAND";1;"KG";8.49;8.49;0;0;0;8.49;"8001247000268";"RIBLJE KONZERVE"
"TUNA U BILJNOM ILJU 1KG";"008129001";"NO BRAND";1;"KG";8.49;8.49;0;0;0;8.49;"8429583001525";"RIBLJE KONZERVE"
"TUNA U BILJNOM ILJU 1KG";"008129001";"NO BRAND";1;"KG";8.49;8.49;0;0;0;8.49;"8429583000726";"RIBLJE KONZERVE"
"TUNA U BILJNOM ILJU 1KG";"008129001";"NO BRAND";1;"KG";8.49;8.49;0;0;0;8.49;"8429583007145";"RIBLJE KONZERVE"
"TUNA U BILJNOM ILJU 1KG";"008129001";"NO BRAND";1;"KG";8.49;8.49;0;0;0;8.49;"8429583000511";"RIBLJE KONZERVE"
"POMMES FRITES PREDPRŽENI 1kg";"008138901";"DELIZIE DAL SOLE";1;"KG";2.89;2.89;0;0;0;2.89;"8017596001535";"ZAMRZNUTO POVRĆE"
"ŠKAMPI CIJELI 450g";"008165801";"ONDINA";0.45;"KG";7.3;16.22;5.99;13.31;5.99;7.3;"5060087700168";"ZAMRZNUTA RIBA/MORSKI PLODOVI"
"ŠKAMPI CIJELI 450g";"008165801";"ONDINA";0.45;"KG";7.3;16.22;5.99;13.31;5.99;7.3;"5705510010147";"ZAMRZNUTA RIBA/MORSKI PLODOVI"
"ŠKAMPI CIJELI 450g";"008165801";"ONDINA";0.45;"KG";7.3;16.22;5.99;13.31;5.99;7.3;"8017596040299";"ZAMRZNUTA RIBA/MORSKI PLODOVI"
"GAZIRANO PIĆE NARANČA BLUES 500ml";"008165901";"BLUES";0.5;"LT";0.49;0.98;0;0;0;0.49;"8017596008312";"BEZALKOHOLNA PIĆA"
"GAZIRANO PIĆE NARANČA BLUES 500ml";"008165901";"BLUES";0.5;"LT";0.49;0.98;0;0;0;0.49;"8017596068392";"BEZALKOHOLNA PIĆA"
"GAZIRANO PIĆE TONIK BLUES 500ml";"008166101";"BLUES";0.5;"LT";0.49;0.98;0;0;0;0.49;"8017596008329";"BEZALKOHOLNA PIĆA"
"DAGNJE OČIŠĆENE 250g";"008170201";"ATHENA";0.25;"KG";2.89;11.56;0;0;0;2.89;"8017596001337";"ZAMRZNUTA RIBA/MORSKI PLODOVI"
"MJEŠAV. PLODOVA MORA I POVRĆA 300g";"008170301";"ATHENA";0.3;"KG";2.89;9.63;0;0;0;2.89;"8000489002160";"ZAMRZNUTA RIBA/MORSKI PLODOVI"
"MJEŠAV. PLODOVA MORA I POVRĆA 300g";"008170301";"ATHENA";0.3;"KG";2.89;9.63;0;0;0;2.89;"8017596001382";"ZAMRZNUTA RIBA/MORSKI PLODOVI"
"MJEŠAV. PLODOVA MORA I POVRĆA 300g";"008170301";"ATHENA";0.3;"KG";2.89;9.63;0;0;0;2.89;"5602489006709";"ZAMRZNUTA RIBA/MORSKI PLODOVI"
"KAVA CLASSICO DON JEREZ 2kom 500g";"008170701";"DON JEREZ";0.5;"KG";6.99;13.98;0;0;0;6.99;"8017596008404";"KAVA/ČAJEVI/DRUGO"
"BROKULA 600g";"008182701";"DELIZIE DAL SOLE";0.6;"KG";2.39;3.98;0;0;0;2.39;"8017596001443";"ZAMRZNUTO POVRĆE"
"MJEŠAVINA MOR. PLOD. ZA RIŽOTO 300g";"008187601";"ATHENA";0.3;"KG";3.69;12.3;0;0;0;3.69;"8017596001047";"ZAMRZNUTA RIBA/MORSKI PLODOVI"
"MJEŠAVINA MOR. PLOD. ZA RIŽOTO 300g";"008187601";"ATHENA";0.3;"KG";3.69;12.3;0;0;0;3.69;"5602489006716";"ZAMRZNUTA RIBA/MORSKI PLODOVI"
"*SIR GOUDA ALPENSTRASSE";"008190601";"NO BRAND";1;"KG";6.49;6.49;0;0;0;6.49;"";"DELIKATESA - SIREVI"
"RAJČICA SJECKANA 680g";"008200401";"DELIZIE DAL SOLE";0.68;"KG";1.49;2.19;0;0;0;1.49;"8004913000203";"RAJČICA/DODACI"
"RAJČICA SJECKANA 680g";"008200401";"DELIZIE DAL SOLE";0.68;"KG";1.49;2.19;0;0;0;1.49;"8017596010223";"RAJČICA/DODACI"
"ČIPS RUSTIKALNI 200g";"008228301";"MAMBO KIDS";0.2;"KG";1.19;5.95;0;0;0;1.19;"8017596010742";"KEKSI/VAFLI/SNACKS"
"RAJČICA DVOSTRUKI KONCENTRAT 200g";"008231001";"DELIZIE DAL SOLE";0.2;"KG";1.19;5.95;0;0;0;1.19;"8004960000034";"RAJČICA/DODACI"
"RAJČICA DVOSTRUKI KONCENTRAT 200g";"008231001";"DELIZIE DAL SOLE";0.2;"KG";1.19;5.95;0;0;0;1.19;"8017596017208";"RAJČICA/DODACI"
"RAJČICA DVOSTRUKI KONCENTRAT 200g";"008231001";"DELIZIE DAL SOLE";0.2;"KG";1.19;5.95;0;0;0;1.19;"8004913001002";"RAJČICA/DODACI"
"TORTELLI S VRGANJIMA 500g";"008264201";"TRE MULINI";0.5;"KG";2.99;5.98;0;0;0;2.99;"8011242120496";"TJESTENINA SVJEŽA - PUNJENA"
"TORTELLI S VRGANJIMA 500g";"008264201";"TRE MULINI";0.5;"KG";2.99;5.98;0;0;0;2.99;"8011242120342";"TJESTENINA SVJEŽA - PUNJENA"
"TORTELLI S VRGANJIMA 500g";"008264201";"TRE MULINI";0.5;"KG";2.99;5.98;0;0;0;2.99;"8017596012364";"TJESTENINA SVJEŽA - PUNJENA"
"TOAST KRUH 330g";"008273201";"TRE MULINI";0.33;"KG";0.79;2.39;0;0;0;0.79;"8017596004970";"PEKARSKI PROIZVODI"
"JUNEĆI OSSO BUCO MAP";"008275101";"NO BRAND";1;"KG";11.29;11.29;0;0;0;11.29;"";"MESO GOVEĐE"
"VODA PRIRODNA NEGAZIRANA 1,5l";"008308501";"BLUES";1.5;"LT";0.3;0.2;0;0;0;0.3;"8017596013668";"BEZALKOHOLNA PIĆA"
"VODA PRIRODNA NEGAZIRANA 1,5l";"008308501";"BLUES";1.5;"LT";0.3;0.2;0;0;0;0.3;"8017596009449";"BEZALKOHOLNA PIĆA"
"TUNA U MASLINOVOM ULJU ŽP 160g";"008377101";"ONDINA";0.16;"KG";2.19;13.69;0;0;0;2.19;"8017596004222";"RIBLJE KONZERVE"
"GRISINI TWIST SLANI 125g";"008377301";"NO BRAND";0.125;"KG";1.89;15.12;0;0;0;1.89;"4001518004685";"PEKARSKI PROIZVODI"
"GRISINI TWIST SLANI 125g";"008377301";"NO BRAND";0.125;"KG";1.89;15.12;0;0;0;1.89;"4001518004692";"PEKARSKI PROIZVODI"
"SIRNI NAMAZ LIGHT 200g";"008387501";"LAND";0.2;"KG";1.49;7.45;0;0;0;1.49;"8017596005380";"MLIJEČNI PROIZ. SVJEŽI - EGAL."
"MEKI BISKVIT PUNJEN MLIJ.KREM. 280g";"008392001";"DOLCIANDO";0.28;"KG";1.69;6.04;0;0;0;1.69;"8017596008732";"BISKVIT PROIZVODI/KROASAN"
"MEKI BISKVIT PUNJEN KAKAOM 280g";"008392201";"DOLCIANDO";0.28;"KG";1.69;6.04;0;0;0;1.69;"8017596008756";"BISKVIT PROIZVODI/KROASAN"
"PIVO BERGEDORF LIM 4,5% 330ml";"008395701";"NO BRAND";0.33;"LT";0.62;1.88;0;0;0;0.62;"42103127";"PIVA"
"PIVO BERGEDORF LIM 4,5% 330ml";"008395701";"NO BRAND";0.33;"LT";0.62;1.88;0;0;0;0.62;"4014086024382";"PIVA"
"PIVO BERGEDORF LIM 4,5% 500ml";"008395801";"NO BRAND";0.5;"LT";0.69;1.38;0;0;0;0.69;"42103110";"PIVA"
"PIVO BERGEDORF LIM 4,5% 500ml";"008395801";"NO BRAND";0.5;"LT";0.69;1.38;0;0;0;0.69;"4014086024375";"PIVA"
"PROZIRNA FOLIJA ZA NAMIRNICE 50m";"008406901";"SISTEMA CASA";1;"PZ";1.19;1.19;0;0;0;1.19;"8017596009920";"JEDNOKR. PRIBOR/VREĆE ZA SMEĆE"
"PROZIRNA FOLIJA ZA NAMIRNICE 50m";"008406901";"SISTEMA CASA";1;"PZ";1.19;1.19;0;0;0;1.19;"8005330041855";"JEDNOKR. PRIBOR/VREĆE ZA SMEĆE"
"COLA BLUES 500ml";"008430601";"BLUES";0.5;"LT";0.49;0.98;0;0;0;0.39;"8017596008145";"BEZALKOHOLNA PIĆA"
"FILETI TUNE U MASLINOVOM ULJU 260g";"008434501";"ONDINA";0.26;"KG";4.79;18.42;0;0;0;4.79;"80767244";"RIBLJE KONZERVE"
"TUNA U MASLINOVOM ULJU ŽP 4X80g";"008434601";"ONDINA";0.32;"KG";4.39;13.72;0;0;0;4.39;"8017596007865";"RIBLJE KONZERVE"
"KEKSI BUON MATTINO 500g";"008439501";"DOLCIANDO";0.5;"KG";1.79;3.58;0;0;0;1.79;"8017596010018";"KEKSI/VAFLI/SNACKS"
"KEKSI BUON MATTINO 500g";"008439501";"DOLCIANDO";0.5;"KG";1.79;3.58;0;0;0;1.79;"8017596051813";"KEKSI/VAFLI/SNACKS"
"GAZIRANO PIĆE GREJP BLUES 1,5l";"008442701";"BLUES";1.5;"LT";1.09;0.73;0;0;0;1.09;"8017596007056";"BEZALKOHOLNA PIĆA"
"GAZIRANO PIĆE GREJP BLUES 1,5l";"008442701";"BLUES";1.5;"LT";1.09;0.73;0;0;0;1.09;"8017596106698";"BEZALKOHOLNA PIĆA"
"SIRNI NAMAZ 200g";"008453401";"LAND";0.2;"KG";1.59;7.95;1.05;5.25;1.59;1.59;"8017596005373";"MLIJEČNI PROIZ. SVJEŽI - EGAL."
"KUKURUZNI KREKER BIO 130g";"008469801";"AMO ESSERE BIO";0.13;"KG";0.95;7.31;0;0;0;0.95;"8017596132574";"PEKARSKI PROIZVODI"
"KOMPOT BRESKVA 825g/480g";"008476101";"PUERTOSOL";0.48;"KG";2.29;4.77;0;0;0;2.29;"5203347011196";"VOĆE KONZERVIRANO"
"KOMPOT BRESKVA 825g/480g";"008476101";"PUERTOSOL";0.48;"KG";2.29;4.77;0;0;0;2.29;"8017596014207";"VOĆE KONZERVIRANO"
"KOMPOT BRESKVA 825g/480g";"008476101";"PUERTOSOL";0.48;"KG";2.29;4.77;0;0;0;2.29;"8017596103284";"VOĆE KONZERVIRANO"
"KOMPOT BRESKVA 825g/480g";"008476101";"PUERTOSOL";0.48;"KG";2.29;4.77;0;0;0;2.29;"8017596122261";"VOĆE KONZERVIRANO"
"SURIMI ŠTAPIĆI OKUS RAKOVA 250g";"008492201";"NO BRAND";0.25;"KG";1.59;6.36;0;0;0;1.59;"8001179010014";"ZAMRZNUTA RIBA/MORSKI PLODOVI"
"SURIMI ŠTAPIĆI OKUS RAKOVA 250g";"008492201";"NO BRAND";0.25;"KG";1.59;6.36;0;0;0;1.59;"8032745830064";"ZAMRZNUTA RIBA/MORSKI PLODOVI"
"SURIMI ŠTAPIĆI OKUS RAKOVA 250g";"008492201";"NO BRAND";0.25;"KG";1.59;6.36;0;0;0;1.59;"4770190049566";"ZAMRZNUTA RIBA/MORSKI PLODOVI"
"MLIJEČNI N.FERMENTI.JAGODA 6X100g";"008494201";"LAND";0.6;"KG";1.59;2.65;0;0;0;1.59;"8017596010575";"JOGURTI I DESERTI"
"GRISSINI HRSKAVI SA SEZAMOM 200g";"008495701";"TRE MULINI";0.2;"KG";1.49;7.45;0;0;0;1.49;"8017596010506";"PEKARSKI PROIZVODI"
"*PARMIGIANO REGGIANO 15 MJESECI";"008504501";"NO BRAND";1;"KG";29.9;29.9;0;0;0;29.9;"";"DELIKATESA - SIREVI"
"ČIPS SLANI KLASIK 300g";"008504601";"MAMBO KIDS";0.3;"KG";1.89;6.3;0;0;0;1.89;"8017596010735";"KEKSI/VAFLI/SNACKS"
"GAZIRANO PIĆE NARANČA BLUES 1,5l";"008514601";"BLUES";1.5;"LT";1.09;0.73;0;0;0;1.09;"8017596007001";"BEZALKOHOLNA PIĆA"
"COLA BLUES 1,5l";"008516201";"BLUES";1.5;"LT";0.95;0.63;0;0;0;0.95;"8017596000569";"BEZALKOHOLNA PIĆA"
"COLA BLUES 1,5l";"008516201";"BLUES";1.5;"LT";0.95;0.63;0;0;0;0.95;"8017596050823";"BEZALKOHOLNA PIĆA"
"LEDENI ČAJ BRESKVA 1,5l";"008516901";"BLUES";1.5;"LT";0.95;0.63;0;0;0;0.95;"8017596005014";"BEZALKOHOLNA PIĆA"
"LEDENI ČAJ LIMUN 1,5l";"008517001";"BLUES";1.5;"LT";0.95;0.63;0;0;0;0.95;"8017596005007";"BEZALKOHOLNA PIĆA"
"SLANI KREKERI U VREĆI 750g";"008519801";"TRE MULINI";0.75;"KG";2.49;3.32;0;0;0;2.49;"8017596000446";"PEKARSKI PROIZVODI"
"ROLADA S LJEŠNJAKOM 6 kom 222g";"008526301";"DOLCIANDO";0.222;"KG";1.49;6.71;0;0;0;1.49;"8017596008749";"BISKVIT PROIZVODI/KROASAN"
"COCKTAIL RUM LIME 4% 275ml";"008560301";"NO BRAND";0.275;"LT";1.08;3.93;0;0;0;1.08;"8004565130136";"SLATKI LIKERI/APERITIVI"
"POMMES FRITES PREDPRŽENI 3kg";"008562501";"DELIZIE DAL SOLE";3;"KG";5.89;1.96;0;0;0;5.89;"8017596041012";"ZAMRZNUTO POVRĆE"
"JUNEĆI FILE VP";"008568301";"NO BRAND";1;"KG";38.99;38.99;0;0;0;37.9;"";"MESO GOVEĐE"
"VINO NERO D'AVOLA DOC 1,5l";"008591501";"NO BRAND";1.5;"LT";3.92;2.61;0;0;0;3.92;"8005228018136";"VINA"
"VINO NERO D'AVOLA DOC 1,5l";"008591501";"NO BRAND";1.5;"LT";3.92;2.61;0;0;0;3.92;"8005228018037";"VINA"
"VINO NERO D'AVOLA DOC 1,5l";"008591501";"NO BRAND";1.5;"LT";3.92;2.61;0;0;0;3.92;"8000013006121";"VINA"
"VINO NERO D'AVOLA DOC 1,5l";"008591501";"NO BRAND";1.5;"LT";3.92;2.61;0;0;0;3.92;"8000128095096";"VINA"
"VINO NERO D'AVOLA DOC 1,5l";"008591501";"NO BRAND";1.5;"LT";3.92;2.61;0;0;0;3.92;"8004300029640";"VINA"
"VINO NERO D'AVOLA DOC 1,5l";"008591501";"NO BRAND";1.5;"LT";3.92;2.61;0;0;0;3.92;"8007046038808";"VINA"
"NAPOLITANKE LJEŠNJAK 300g";"008594801";"DOLCIANDO";0.3;"KG";1.39;4.63;0;0;0;1.39;"8017596010124";"KEKSI/VAFLI/SNACKS"
"NAPOLITANKE KAKAO 300g";"008594901";"DOLCIANDO";0.3;"KG";1.39;4.63;0;0;0;1.39;"8017596010131";"KEKSI/VAFLI/SNACKS"
"CHERRY RAJČICE 400g";"008661101";"DELIZIE DAL SOLE";0.25;"KG";0.99;3.96;0;0;0;0.99;"8017596010254";"RAJČICA/DODACI"
"RAJČICA UMAK S TUNOM 400g";"008665801";"DELIZIE DAL SOLE";0.4;"KG";1.89;4.73;0;0;0;1.89;"8017596011282";"RAJČICA/DODACI"
"*ASIAGO TVRDI KRAVLJI SIR 1/2";"008690001";"NO BRAND";1;"KG";19.9;19.9;0;0;0;19.9;"";"DELIKATESA - SIREVI"
"KIKIRIKI U LJUSCI 500g";"008696301";"MISTER SIBAMBA";0.5;"KG";2.09;4.18;0;0;0;2.09;"8017596002686";"VOĆE SUHO/ORAŠASTO"
"KIKIRIKI U LJUSCI 500g";"008696301";"MISTER SIBAMBA";0.5;"KG";2.09;4.18;0;0;0;2.09;"8057737403033";"VOĆE SUHO/ORAŠASTO"
"PJENUŠAVO VINO P.LOUIS-BRUT 750ml";"008708701";"NO BRAND";0.75;"LT";5.89;7.85;0;0;0;5.89;"3438931010985";"PJENUŠCI"
"PRALINE MAXI 850g";"008713601";"DOLCIANDO";0.85;"KG";8.99;10.58;0;0;0;8.99;"8017596012753";"ČOKOLADE"
"ŠTRUDLA RICOTTA SIR 600g";"008718301";"NO BRAND";0.6;"KG";2.99;4.98;1.99;3.32;2.99;2.99;"8000460011174";"ZAMRZNUTA POLUGOTOVA JELA"
"ŠTRUDLA RICOTTA SIR 600g";"008718301";"NO BRAND";0.6;"KG";2.99;4.98;1.99;3.32;2.99;2.99;"8000460011044";"ZAMRZNUTA POLUGOTOVA JELA"
"COLA LIMUN 500ml";"008762001";"BLUES";0.5;"LT";0.49;0.98;0;0;0;0.39;"8017596012333";"BEZALKOHOLNA PIĆA"
"COLA LIMUN 500ml";"008762001";"BLUES";0.5;"LT";0.49;0.98;0;0;0;0.39;"8017596106674";"BEZALKOHOLNA PIĆA"
"ULJE SUNCOKRETOVO 5l";"008764201";"COLLINA D'ORO";5;"LT";7.29;1.46;0;0;0;7.29;"8017596052728";"ULJE"
"MINESTRONE MIX 16 VRSTA POVRĆA 600g";"008803701";"DELIZIE DAL SOLE";0.6;"KG";1.59;2.65;0;0;0;1.59;"8017596042040";"ZAMRZNUTO POVRĆE"
"GLJIVE REZANE U ULJU.ČEŠ.PERŠ. 180g";"008830001";"DELIZIE DAL SOLE";0.18;"KG";1.29;7.17;0;0;0;1.29;"8017596111760";"KONZER.PROIZVODI U ULJU/OCTU"
"GLJIVE REZANE U ULJU.ČEŠ.PERŠ. 180g";"008830001";"DELIZIE DAL SOLE";0.18;"KG";1.29;7.17;0;0;0;1.29;"8017596005427";"KONZER.PROIZVODI U ULJU/OCTU"
"MASLINE CRNE BEZ KOŠTICE 350g/150g";"008830701";"VARIAGUSTO";0.15;"KG";1.39;9.27;0;0;0;1.39;"8017596013460";"KONZER.PROIZVODI U ULJU/OCTU"
"RAJČICE SUŠENE U SUN.ULJU 280g/165g";"008831001";"DELIZIE DAL SOLE";0.28;"KG";1.79;6.39;0;0;0;1.79;"8017596013712";"KONZER.PROIZVODI U ULJU/OCTU"
"KAPARI 210g/120g";"008831501";"VARIAGUSTO";0.12;"KG";1.39;11.58;0;0;0;1.39;"8017596008374";"KONZER.PROIZVODI U ULJU/OCTU"
"KRUH ZA HOT DOG 4/1 250g";"008878301";"TRE MULINI";0.25;"KG";0.99;3.96;0;0;0;0.99;"4009249022831";"PEKARSKI PROIZVODI"
"KRUH ZA HOT DOG 4/1 250g";"008878301";"TRE MULINI";0.25;"KG";0.99;3.96;0;0;0;0.99;"8017596013699";"PEKARSKI PROIZVODI"
"GRAŠAK NAJFINIJI 600g";"008879401";"DELIZIE DAL SOLE";0.6;"KG";1.49;2.48;0;0;0;1.49;"8017596042057";"ZAMRZNUTO POVRĆE"
"DATELJI DEGLET NOUR 250g";"008926801";"NO BRAND";0.25;"KG";1.29;5.16;0;0;0;1.29;"8005324021030";"VOĆE SUHO"
"DATELJI DEGLET NOUR 250g";"008926801";"NO BRAND";0.25;"KG";1.29;5.16;0;0;0;1.29;"8005324001353";"VOĆE SUHO"
"DATELJI DEGLET NOUR 250g";"008926801";"NO BRAND";0.25;"KG";1.29;5.16;0;0;0;1.29;"8005324021115";"VOĆE SUHO"
"DATELJI DEGLET NOUR 250g";"008926801";"NO BRAND";0.25;"KG";1.29;5.16;0;0;0;1.29;"8005912002137";"VOĆE SUHO"
"DATELJI DEGLET NOUR 250g";"008926801";"NO BRAND";0.25;"KG";1.29;5.16;0;0;0;1.29;"6194010411063";"VOĆE SUHO"
"DATELJI DEGLET NOUR 250g";"008926801";"NO BRAND";0.25;"KG";1.29;5.16;0;0;0;1.29;"6194001130485";"VOĆE SUHO"
"DATELJI DEGLET NOUR 250g";"008926801";"NO BRAND";0.25;"KG";1.29;5.16;0;0;0;1.29;"8005120011549";"VOĆE SUHO"
"DATELJI DEGLET NOUR 250g";"008926801";"NO BRAND";0.25;"KG";1.29;5.16;0;0;0;1.29;"6194001130430";"VOĆE SUHO"
"DATELJI DEGLET NOUR 250g";"008926801";"NO BRAND";0.25;"KG";1.29;5.16;0;0;0;1.29;"8059916231550";"VOĆE SUHO"
"SUHI VRGANJI 30g";"008931701";"DELIZIE DAL SOLE";0.03;"KG";2.19;73;0;0;0;2.19;"8017596005311";"RAJČICA/DODACI"
"LASAGNE S JAJIMA 500g";"008934801";"TRE MULINI";0.5;"KG";1.79;3.58;0;0;0;1.79;"8017596002655";"TJESTENINA"
"SRED. ZA UKLA. MRLJA \\\"OXY BLU\\\" 1kg";"008987601";"DEXAL";1;"KG";3.65;3.65;0;0;0;3.65;"8017596014733";"SRED. ZA PRANJE RUBLJA/POSUĐA"
"BRAŠNO PŠENICNO ZA PIZZE 1Kg";"008990701";"TRE MULINI";1;"KG";0.75;0.75;0;0;0;0.75;"8017596013651";"BRAŠNO"
"*SIR GRANBAVARESE S PLAVOM PLIJESNI";"008996601";"NO BRAND";1;"KG";16.9;16.9;0;0;0;16.9;"";"DELIKATESA - SIREVI"
"TORTELLINI S PRŠUTOM 500g";"009002901";"TRE MULINI";0.5;"KG";2.35;4.7;0;0;0;2.35;"8017596015587";"TJESTENINA SVJEŽA - PUNJENA"
"MOUSSE VOĆNI 125g";"009023601";"LAND";0.125;"KG";0.55;4.4;0;0;0;0.55;"8017596008947";"JOGURTI I DESERTI"
"MOUSSE VOĆNI 125g";"009023601";"LAND";0.125;"KG";0.55;4.4;0;0;0;0.55;"8017596102782";"JOGURTI I DESERTI"
"MOUSSE VOĆNI 125g";"009023601";"LAND";0.125;"KG";0.55;4.4;0;0;0;0.55;"8017596070029";"JOGURTI I DESERTI"
"MOUSSE VOĆNI 125g";"009023601";"LAND";0.125;"KG";0.55;4.4;0;0;0;0.55;"8017596070012";"JOGURTI I DESERTI"
"DESERT SIR VOĆE 6X50g";"009023701";"LAND";0.3;"KG";1.05;3.5;0;0;0;1.05;"8017596015198";"JOGURTI I DESERTI"
"FILETI LOKARDE U MASLINO ULJU 250g";"009024701";"ONDINA";0.25;"KG";4.29;17.16;0;0;0;4.29;"8017596014689";"RIBLJE KONZERVE"
"FILETI LOKARDE U MASLINO ULJU 250g";"009024701";"ONDINA";0.25;"KG";4.29;17.16;0;0;0;4.29;"80810537";"RIBLJE KONZERVE"
"GLJIVE MIJEŠANE 450g";"009028301";"DELIZIE DAL SOLE";0.45;"KG";2.29;5.09;0;0;0;2.29;"8017596001580";"ZAMRZNUTO POVRĆE"
"PIZZA MARGHERITA 3kom 1200g";"009041801";"TRE MULINI";1.2;"KG";6.99;5.83;0;0;0;6.99;"8002050043992";"ZAMRZNUTA POLUGOTOVA JELA"
"PIZZA MARGHERITA 3kom 1200g";"009041801";"TRE MULINI";1.2;"KG";6.99;5.83;0;0;0;6.99;"8017596041241";"ZAMRZNUTA POLUGOTOVA JELA"
"MINESTRONE MIKS 14 VRSTA POVR 1,5kg";"009053801";"DELIZIE DAL SOLE";1.5;"KG";2.89;1.93;0;0;0;2.89;"8017596042088";"ZAMRZNUTO POVRĆE"
"ŠUNKA SUHA JUŽNI TIROL IGP 100g";"009057601";"FRESCHE FETTE";0.1;"KG";2.19;21.9;0;0;0;2.19;"8019315037238";"SALAME SVJEŽE - EGALIZIRANE"
"ŠUNKA SUHA JUŽNI TIROL IGP 100g";"009057601";"FRESCHE FETTE";0.1;"KG";2.19;21.9;0;0;0;2.19;"8019315076220";"SALAME SVJEŽE - EGALIZIRANE"
"ŠUNKA SUHA JUŽNI TIROL IGP 100g";"009057601";"FRESCHE FETTE";0.1;"KG";2.19;21.9;0;0;0;2.19;"8017596052988";"SALAME SVJEŽE - EGALIZIRANE"
"ŠUNKA SUHA JUŽNI TIROL IGP 100g";"009057601";"FRESCHE FETTE";0.1;"KG";2.19;21.9;0;0;0;2.19;"8019315047145";"SALAME SVJEŽE - EGALIZIRANE"
"PANIRANE MINI MOZZARELLE 300g";"009095201";"VARIAGUSTO";0.3;"KG";2.39;7.97;0;0;0;2.39;"8017596041166";"ZAMRZNUTA POLUGOTOVA JELA"
"BEZALK.PIĆE MULTIVITAMIN 1500ml";"009111201";"PUERTOSOL";1.5;"LT";1.29;0.86;0;0;0;1.29;"8017596119780";"BEZALKOHOLNA PIĆA"
"BEZALK. PIĆE ANANAS/JABUKA 1500ml";"009111203";"PUERTOSOL";1.5;"LT";1.29;0.86;0;0;0;1.29;"8017596130556";"BEZALKOHOLNA PIĆA"
"SRED. ZA IZBJELJIVANJE SPREJ 1l";"009215901";"DEXAL";1;"LT";1.49;1.49;0;0;0;1.49;"8017596015877";"SREDSTVA ZA ČIŠĆENJE"
"KRASTAVCI KISELI 670g/370g";"009232702";"VARIAGUSTO";0.37;"KG";1.89;5.11;0;0;0;1.89;"8017596110749";"KONZER.PROIZVODI U ULJU/OCTU"
"PILEĆI FILE OD PRSA MAP";"009241001";"NO BRAND";1;"KG";8.49;8.49;0;0;0;8.49;"";"MESO PERADI"
"PILEĆI BATAK I ZABATAK MAP";"009241201";"NO BRAND";1;"KG";5.29;5.29;0;0;0;5.29;"";"MESO PERADI"
"PILEĆI ZABATAK GASTRO";"009244801";"NO BRAND";1;"KG";4.33;4.33;0;0;0;4.33;"";"MESO PERADI"
"PILEĆI BATAK GASTRO";"009245401";"NO BRAND";1;"KG";4.33;4.33;0;0;0;4.33;"";"MESO PERADI"
"PILE CIJELO B CCA. 900 DO 1000G";"009245701";"NO BRAND";1;"KG";3.13;3.13;0;0;0;3.13;"";"MESO PERADI"
"PUREĆI FILE VP CCA. 2 DO 3 KG";"009245901";"NO BRAND";1;"KG";8.03;8.03;0;0;0;8.03;"";"MESO PERADI"
"SVINJSKA POLOVICA - RASJEK";"009272501";"NO BRAND";1;"KG";3.71;3.71;0;0;0;3.71;"";"MESO SVINJSKO"
"SVINJSKO CARSKO MESO NEOBRAĐENO";"009273401";"NO BRAND";1;"KG";4.97;4.97;0;0;0;4.97;"";"MESO SVINJSKO"
"ENERGETSKI NAPITAK 250ml";"009281501";"NO BRAND";0.25;"LT";0.53;2.12;0;0;0;0.53;"8009980896216";"BEZALKOHOLNA PIĆA"
"ENERGETSKI NAPITAK 250ml";"009281501";"NO BRAND";0.25;"LT";0.53;2.12;0;0;0;0.53;"4260110410373";"BEZALKOHOLNA PIĆA"
"ENERGETSKI NAPITAK 250ml";"009281501";"NO BRAND";0.25;"LT";0.53;2.12;0;0;0;0.53;"4021285901147";"BEZALKOHOLNA PIĆA"
"ENERGETSKI NAPITAK 250ml";"009281501";"NO BRAND";0.25;"LT";0.53;2.12;0;0;0;0.53;"8033903052168";"BEZALKOHOLNA PIĆA"
"CIMET 30g";"009309301";"DON JEREZ";0.03;"KG";0.99;33;0;0;0;0.99;"80731016";"ZAČINI/LIOFILIZIRANO"
"KLINČIĆ 28g";"009309501";"DON JEREZ";0.028;"KG";0.99;35.36;0;0;0;0.99;"80731054";"ZAČINI/LIOFILIZIRANO"
"VLASAC 6g";"009309601";"DON JEREZ";0.006;"KG";0.99;165;0;0;0;0.99;"80731009";"ZAČINI/LIOFILIZIRANO"
"RUŽMARIN 25g";"009309701";"DON JEREZ";0.025;"KG";1.09;43.6;0;0;0;1.09;"80730965";"ZAČINI/LIOFILIZIRANO"
"KADULJA 12g";"009313301";"DON JEREZ";0.012;"KG";0.99;82.5;0;0;0;0.99;"80730989";"ZAČINI/LIOFILIZIRANO"
"MUŠKATNI ORAŠČIĆ 40g";"009313401";"DON JEREZ";0.04;"KG";1.09;27.25;0;0;0;1.09;"80731030";"ZAČINI/LIOFILIZIRANO"
"CHILLI U PRAHU 35g";"009313501";"DON JEREZ";0.035;"KG";0.99;28.29;0;0;0;0.99;"80731085";"ZAČINI/LIOFILIZIRANO"
"CRNI PAPAR 50g";"009319101";"DON JEREZ";0.05;"KG";1.09;21.8;0;0;0;1.09;"80731047";"ZAČINI/LIOFILIZIRANO"
"ČEŠNJAK U GRANULAMA 55g";"009320201";"DON JEREZ";0.055;"KG";1.09;19.82;0;0;0;1.09;"80730934";"ZAČINI/LIOFILIZIRANO"
"LUK U GRANULAMA 55g";"009321301";"DON JEREZ";0.045;"KG";0.99;22;0;0;0;0.99;"80730996";"ZAČINI/LIOFILIZIRANO"
"CHILLI U PRAHU 40g";"009323901";"DON JEREZ";0.04;"KG";0.99;24.75;0;0;0;0.99;"80731078";"ZAČINI/LIOFILIZIRANO"
"BIJELI PAPAR 50g";"009324001";"DON JEREZ";0.05;"KG";1.09;21.8;0;0;0;1.09;"80731023";"ZAČINI/LIOFILIZIRANO"
"CHILLI LJUTE PAPRIČICE 15g";"009352101";"DON JEREZ";0.015;"KG";0.99;66;0;0;0;0.99;"80731061";"ZAČINI/LIOFILIZIRANO"
"FLIPS SIR 140g";"009352601";"MAMBO KIDS";0.14;"KG";0.99;7.07;0;0;0;0.99;"8017596018168";"KEKSI/VAFLI/SNACKS"
"VINO ROSE SOLEMORO IGP 750ml";"009352701";"NO BRAND";0.75;"LT";3.42;4.56;0;0;0;3.42;"8020685010738";"VINA"
"VINO ROSE SOLEMORO IGP 750ml";"009352701";"NO BRAND";0.75;"LT";3.42;4.56;0;0;0;3.42;"8023354600025";"VINA"
"VINO ROSE SOLEMORO IGP 750ml";"009352701";"NO BRAND";0.75;"LT";3.42;4.56;0;0;0;3.42;"8023354020212";"VINA"
"VINO PRIMITIVO SOLEMORO IGP 750ml";"009352901";"NO BRAND";0.75;"LT";3.92;5.23;0;0;0;3.92;"8020685010752";"VINA"
"VINO PRIMITIVO SOLEMORO IGP 750ml";"009352901";"NO BRAND";0.75;"LT";3.92;5.23;0;0;0;3.92;"8023354060218";"VINA"
"VINO PRIMITIVO SOLEMORO IGP 750ml";"009352901";"NO BRAND";0.75;"LT";3.92;5.23;0;0;0;3.92;"8023354600056";"VINA"
"PERŠIN 9g";"009355301";"DON JEREZ";0.009;"KG";0.99;110;0;0;0;0.99;"80730941";"ZAČINI/LIOFILIZIRANO"
"BOSILJAK 15g";"009355401";"DON JEREZ";0.015;"KG";0.99;66;0;0;0;0.99;"80730958";"ZAČINI/LIOFILIZIRANO"
"PAŠTETA OD GOV/SVINJSKOG MESA 200g";"009364101";"BUON PASCOLO";0.2;"KG";1.59;7.95;0;0;0;1.59;"8000250331246";"MESNE KONZERVE"
"PAŠTETA OD GOV/SVINJSKOG MESA 200g";"009364101";"BUON PASCOLO";0.2;"KG";1.59;7.95;0;0;0;1.59;"8000250991242";"MESNE KONZERVE"
"PAŠTETA OD GOV/SVINJSKOG MESA 200g";"009364101";"BUON PASCOLO";0.2;"KG";1.59;7.95;0;0;0;1.59;"8017596017499";"MESNE KONZERVE"
"ROLADA S KAKAO PRELJEVOM 300g";"009391501";"DOLCIANDO";0.3;"KG";1.59;5.3;0;0;0;1.59;"8017596018489";"TORTE I ROLADE"
"PROZIRNA FOLIJA FRIŽID/MIKROVAL.20m";"009401801";"SISTEMA CASA";1;"PZ";0.79;0.79;0;0;0;0.79;"8017596018281";"JEDNOKR. PRIBOR/VREĆE ZA SMEĆE"
"PROZIRNA FOLIJA FRIŽID/MIKROVAL.20m";"009401801";"SISTEMA CASA";1;"PZ";0.79;0.79;0;0;0;0.79;"4007749703885";"JEDNOKR. PRIBOR/VREĆE ZA SMEĆE"
"MINI PIZZE MARGHERITA 12kom 1080g";"009409201";"TRE MULINI";1.08;"KG";7.99;7.4;0;0;0;7.99;"8017596041210";"ZAMRZNUTA POLUGOTOVA JELA"
"BRANDY 36% 700ml";"009415601";"NO BRAND";0.7;"LT";6.29;8.99;0;0;0;6.29;"8003230001191";"JAKA ALKOHOLNA PIĆA"
"BRANDY 36% 700ml";"009415601";"NO BRAND";0.7;"LT";6.29;8.99;0;0;0;6.29;"8007525151882";"JAKA ALKOHOLNA PIĆA"
"SIR RIBANI GRANA PADANO 200g";"009440001";"PASCOLI ITALIANI";0.2;"KG";4.49;22.45;0;0;0;4.49;"8017596018564";"MLIJEČNI PROIZ. SVJEŽI - EGAL."
"PIVO B.B PREM.STRONG LIM 8,4% 500ml";"009458401";"BEST BRAU";0.5;"LT";0.99;1.98;0;0;0;0.99;"8017596050335";"PIVA"
"PIVO B.B PREM.STRONG LIM 8,4% 500ml";"009458401";"BEST BRAU";0.5;"LT";0.99;1.98;0;0;0;0.99;"5900535000153";"PIVA"
"PIVO B.B PREM.STRONG LIM 8,4% 500ml";"009458401";"BEST BRAU";0.5;"LT";0.99;1.98;0;0;0;0.99;"3700311820904";"PIVA"
"PAPRIKE PUNJENE TUNOM 190g";"009465301";"DELIZIE DAL SOLE";0.19;"KG";1.99;10.47;0;0;0;1.99;"8017596060709";"KONZER.PROIZVODI U ULJU/OCTU"
"TJESTENINA PIPE RIGATE 500g";"009520501";"TRE MULINI";0.5;"KG";0.89;1.78;0;0;0;0.89;"8017596006103";"TJESTENINA"
"GEL ZA IZBJELJIVANJE 1,5l";"009541101";"DEXAL";1.5;"LT";1.39;0.93;0;0;0;1.39;"8017596019783";"SREDSTVA ZA ČIŠĆENJE"
"SVINJSKI BUT BEZ KOSTI ODREZAK MAP";"009547901";"IL BRACIERE";1;"KG";6.99;6.99;0;0;0;6.99;"";"MESO SVINJSKO"
"LASAGNE OD DURUM PŠENICE 500g";"009583801";"NO BRAND";0.5;"KG";1.49;2.98;0;0;0;1.49;"8003541000050";"TJESTENINA"
"LASAGNE OD DURUM PŠENICE 500g";"009583801";"NO BRAND";0.5;"KG";1.49;2.98;0;0;0;1.49;"8016060412006";"TJESTENINA"
"*BRIE SIR";"009620501";"NO BRAND";1;"KG";19.9;19.9;0;0;0;19.9;"";"DELIKATESA - SIREVI"
"ČOK.JAJE PLIŠANI MEDVJEDIĆ 300g";"009655001";"NO BRAND";0.3;"KG";8.49;28.3;4.49;14.97;4.49;8.49;"8000017068460";"PROIZVODI BOŽIĆ/USKRS"
"MLIJEČNO ČOKOLADNO JAJE 250g";"009656301";"DOLCIANDO";0.25;"KG";4.99;19.96;3.99;15.96;4.99;4.99;"8017596013170";"PROIZVODI BOŽIĆ/USKRS"
"ČOKOLADNO JAJE TAMNA ČOK.250g";"009656401";"DOLCIANDO";0.25;"KG";4.99;19.96;3.99;15.96;4.99;4.99;"8017596013200";"PROIZVODI BOŽIĆ/USKRS"
"ČOKOLADNO JAJE IZNENAĐ. MLIJEČ.600g";"009656601";"DOLCIANDO";0.6;"KG";10.99;18.32;8.79;14.65;9.49;10.99;"8017596013187";"PROIZVODI BOŽIĆ/USKRS"
"ČOKOLADNO JAJE IZNENAĐ. TAMNA 600g";"009656701";"DOLCIANDO";0.6;"KG";10.99;18.32;8.79;14.65;9.49;10.99;"8017596013217";"PROIZVODI BOŽIĆ/USKRS"
"SRED. ZA UKL.MRLJA ZA RUBLJE 1kg";"009664301";"DEXAL";1;"KG";2.99;2.99;0;0;0;2.99;"8032779811350";"SRED. ZA PRANJE RUBLJA/POSUĐA"
"SRED. ZA UKL.MRLJA ZA RUBLJE 1kg";"009664301";"DEXAL";1;"KG";2.99;2.99;0;0;0;2.99;"8017596019981";"SRED. ZA PRANJE RUBLJA/POSUĐA"
"KROKETI ZA PSE PREMIUM M 2kg";"009681101";"RADAMES";2;"KG";3.65;1.83;0;0;0;3.59;"8017596018748";"HRANA ZA KUĆNE LJUBIMCE"
"KROKETI ZA PSE PREMIUM M 2kg";"009681101";"RADAMES";2;"KG";3.65;1.83;0;0;0;3.59;"8017596102720";"HRANA ZA KUĆNE LJUBIMCE"
"VINO ROSE TETRAPAK 1,5l";"009745101";"NO BRAND";1.5;"LT";2.49;1.66;0;0;0;2.49;"8008295000271";"VINA"
"SIR LISTIĆI LIGHT 200g";"009791001";"LAND";0.2;"KG";1.59;7.95;0;0;0;1.59;"8017596062796";"MLIJEČNI PROIZ. SVJEŽI - EGAL."
"TUNA S GRAHOM 2X160g";"009800201";"ATHENA";0.32;"KG";2.69;8.41;0;0;0;2.69;"8017596051240";"RIBLJE KONZERVE"
"TUNA S GRAŠKOM 2X160g";"009800301";"ATHENA";0.32;"KG";2.69;8.41;0;0;0;2.69;"8017596051233";"RIBLJE KONZERVE"
"ARTIČOKE ČEŠNJAK/PERŠIN 285g/171g";"009814201";"DELIZIE DAL SOLE";0.285;"KG";1.59;5.58;0;0;0;1.59;"8017596000248";"KONZER.PROIZVODI U ULJU/OCTU"
"PUREĆA KRILA";"009820601";"NO BRAND";1;"KG";2.43;2.43;0;0;0;2.43;"";"MESO PERADI"
"GROŽĐICE SUHE VELIKE 250g";"009834601";"MISTER SIBAMBA";0.25;"KG";1.89;7.56;0;0;0;1.89;"8017596010094";"VOĆE SUHO"
"KUKURUZ PRŽENI I SLANI 250g";"009834901";"MISTER SIBAMBA";0.25;"KG";0.89;3.56;0;0;0;0.89;"8017596015778";"VOĆE SUHO/ORAŠASTO"
"HRENOVKE SA SIROM 3 kom 150g";"009873701";"TOBIAS";0.15;"KG";0.89;5.93;0;0;0;0.89;"8017596114280";"SALAME SVJEŽE - EGALIZIRANE"
"HRENOVKE SA SIROM 3 kom 150g";"009873701";"TOBIAS";0.15;"KG";0.89;5.93;0;0;0;0.89;"8017596051400";"SALAME SVJEŽE - EGALIZIRANE"
"BADEM JEZGRA 100g";"009889201";"MISTER SIBAMBA";0.1;"KG";1.49;14.9;0;0;0;1.49;"8017596002693";"VOĆE SUHO/ORAŠASTO"
"TEKUĆINA ZA ODČEPLJIVANJE ODVODA 1l";"009898301";"DEXAL";1;"LT";1.49;1.49;0;0;0;1.49;"8017596004031";"SREDSTVA ZA ČIŠĆENJE"
"SVINJSKA SLABINA I LEĐA BK";"009913701";"NO BRAND";1;"KG";7.59;7.59;0;0;0;7.59;"";"MESO SVINJSKO"
"VRHNJE ZA KUHANJE UHT 200ml";"009920701";"LAND";0.2;"LT";0.99;4.95;0;0;0;0.99;"8017596004307";"MLIJEČNI PROIZVODI UHT - JAJA"
"KEKSI GRAN GIORNO 500g";"009975001";"DOLCIANDO";0.5;"KG";1.69;3.38;0;0;0;1.69;"8017596051806";"KEKSI/VAFLI/SNACKS"
"FILETI JUŽNOAFRIČKOG OSLIĆA 600g";"009978701";"ONDINA";0.6;"KG";5.99;9.98;0;0;0;5.99;"8017596040114";"ZAMRZNUTA RIBA/MORSKI PLODOVI"
"RIŽA ROMA 1kg";"009982501";"DELIZIE DAL SOLE";1;"KG";2.89;2.89;0;0;0;2.89;"8017596010285";"RIŽA"
"RIŽA PARBOILED 1kg";"009982601";"DELIZIE DAL SOLE";1;"KG";2.49;2.49;0;0;0;2.49;"8017596010308";"RIŽA"
"RIŽA ARBORIO 1kg";"009982701";"DELIZIE DAL SOLE";1;"KG";3.49;3.49;0;0;0;3.49;"8017596010292";"RIŽA"
"SIPE OČIŠĆENE 450g";"010182101";"ONDINA";0.45;"KG";4.49;9.98;0;0;0;4.49;"8017596040152";"ZAMRZNUTA RIBA/MORSKI PLODOVI"
"LAZANJE S JAJIMA 500g";"010182601";"TRE MULINI";0.5;"KG";1.99;3.98;0;0;0;1.99;"8017596014948";"TJESTENINA SVJEŽA - PUNJENA"
"LAZANJE S JAJIMA 500g";"010182601";"TRE MULINI";0.5;"KG";1.99;3.98;0;0;0;1.99;"8017596102331";"TJESTENINA SVJEŽA - PUNJENA"
"MASKA ZA OBNOVU KOSE 500ml";"010198201";"NEAR YOUR XXX";0.5;"LT";1.99;3.98;0;0;0;1.99;"8017596051967";"NJEGA KOSE/BRADE"
"GEL ZA ODMAŠĆIVANJE KONCENTRAT 1,5l";"010225901";"DEXAL";1.5;"LT";2.09;1.39;0;0;0;2.09;"8017596052483";"SREDSTVA ZA ČIŠĆENJE"
"KUS KUS 1kg";"010260301";"TRE MULINI";1;"KG";2.29;2.29;0;0;0;2.29;"8017596078568";"BRAŠNO"
"PAŠTETA OD LOSOSA 100g";"010262201";"ONDINA";0.1;"KG";1.49;14.9;0;0;0;1.49;"8017596052360";"RIBLJE KONZERVE"
"PAŠTETA OD TUNE TUBA 100g";"010262301";"ONDINA";0.1;"KG";1.49;14.9;0;0;0;1.49;"8017596052353";"RIBLJE KONZERVE"
"ALUMINIJSKA FOLIJA 150m";"010269601";"SISTEMA CASA";1;"PZ";11.99;11.99;0;0;0;11.99;"8017596019356";"JEDNOKR. PRIBOR/VREĆE ZA SMEĆE"
"PROZIRNA FOLIJA ZA NAMIRNICE 300m";"010269701";"SISTEMA CASA";1;"PZ";5.49;5.49;0;0;0;5.49;"8017596019349";"JEDNOKR. PRIBOR/VREĆE ZA SMEĆE"
"GNOJIVO TEKUĆE UNIVERZALNO 1l";"010280001";"EUROGARDEN";1;"KG";1.89;1.89;0;0;0;1.89;"8017596012722";"SEZONSKI PROIZVODI"
"GNOJIVO TEKUĆE UNIVERZALNO 1l";"010280001";"EUROGARDEN";1;"KG";1.89;1.89;0;0;0;1.89;"8009985013526";"SEZONSKI PROIZVODI"
"GNOJIVO TEKUĆE UNIVERZALNO 1l";"010280001";"EUROGARDEN";1;"KG";1.89;1.89;0;0;0;1.89;"8017596050748";"SEZONSKI PROIZVODI"
"GNOJIVO TEKUĆE UNIVERZALNO 1l";"010280001";"EUROGARDEN";1;"KG";1.89;1.89;0;0;0;1.89;"8007446101393";"SEZONSKI PROIZVODI"
"VINO NEGROMARO SOLEMORO IGP 750ml";"010284601";"NO BRAND";0.75;"LT";3.39;4.52;0;0;0;3.39;"8020685015986";"VINA"
"VINO NEGROMARO SOLEMORO IGP 750ml";"010284601";"NO BRAND";0.75;"LT";3.39;4.52;0;0;0;3.39;"8006853001128";"VINA"
"MLIJEČNI N. FERMENTI.VOĆNI 6X100g";"010289801";"LAND";0.6;"KG";1.69;2.82;0;0;0;1.69;"8017596018571";"JOGURTI I DESERTI"
"ŠLJIVE SUHE BEZ KOŠTICE 250g";"010292801";"MISTER SIBAMBA";0.25;"KG";2.89;11.56;2.39;9.56;2.89;2.89;"8017596010117";"VOĆE SUHO"
"CROISSANT S KREMOM 10 kom 500g";"010310001";"DOLCIANDO";0.5;"KG";2.89;5.78;0;0;0;2.89;"8017596053220";"BISKVIT PROIZVODI/KROASAN"
"CROISSANT S MARELICOM 10 kom 500g";"010310002";"DOLCIANDO";0.5;"KG";2.89;5.78;0;0;0;2.89;"8017596053206";"BISKVIT PROIZVODI/KROASAN"
"CROISSANT S ČOKOLADOM 10 kom 500g";"010310003";"DOLCIANDO";0.5;"KG";2.89;5.78;0;0;0;2.89;"8017596053213";"BISKVIT PROIZVODI/KROASAN"
"PIĆE NA BAZI ČAJA BRESKVA 6x200ml";"010311101";"BLUES";1.2;"LT";1.59;1.33;0;0;0;1.59;"8017596051936";"BEZALKOHOLNA PIĆA"
"COLA ZERO 500ml";"010318201";"BLUES";0.5;"LT";0.29;0.58;0;0;0;0.29;"8017596053312";"BEZALKOHOLNA PIĆA"
"ŠEĆER SMEĐI 500g";"010318801";"DOLCIANDO";0.5;"KG";0.99;1.98;0;0;0;0.99;"8000265503003";"ŠEĆER"
"ŠEĆER SMEĐI 500g";"010318801";"DOLCIANDO";0.5;"KG";0.99;1.98;0;0;0;0.99;"8017596074409";"ŠEĆER"
"PANIRANI KOLUTIĆI LIGNJUNA 400g";"010319801";"ATHENA";0.4;"KG";3.49;8.73;0;0;0;3.49;"8424113508109";"ZAMRZNUTA RIBA/MORSKI PLODOVI"
"PANIRANI KOLUTIĆI LIGNJUNA 400g";"010319801";"ATHENA";0.4;"KG";3.49;8.73;0;0;0;3.49;"8424113508710";"ZAMRZNUTA RIBA/MORSKI PLODOVI"
"PANIRANI KOLUTIĆI LIGNJUNA 400g";"010319801";"ATHENA";0.4;"KG";3.49;8.73;0;0;0;3.49;"8424113509649";"ZAMRZNUTA RIBA/MORSKI PLODOVI"
"PANIRANI KOLUTIĆI LIGNJUNA 400g";"010319801";"ATHENA";0.4;"KG";3.49;8.73;0;0;0;3.49;"8017596040237";"ZAMRZNUTA RIBA/MORSKI PLODOVI"
"PANIRANI KOLUTIĆI LIGNJUNA 400g";"010319801";"ATHENA";0.4;"KG";3.49;8.73;0;0;0;3.49;"8410019543962";"ZAMRZNUTA RIBA/MORSKI PLODOVI"
"SL.ŠTAP.B.B.VAN.ČOK.PRELJ.3KOM 240g";"010319901";"DOLCIANDO";0.24;"KG";2.25;9.38;0;0;0;2.25;"8017596043078";"SLADOLEDI I DESERTI"
"VALJAK ZA ČIŠĆENJE ODJEĆE 50 LIST.";"010324601";"SISTEMA CASA";1;"PZ";1.06;1.06;0;0;0;1.06;"8017596053244";"PROIZVODI ZA UREĐENJE DOMA"
"RIŽA ORIGINARIO 2kg";"010325301";"DELIZIE DAL SOLE";2;"KG";3.99;2;0;0;0;3.99;"8017301020035";"RIŽA"
"RIŽA ORIGINARIO 2kg";"010325301";"DELIZIE DAL SOLE";2;"KG";3.99;2;0;0;0;3.99;"8017596061430";"RIŽA"
"RIŽA ARBORIO 2kg";"010325401";"DELIZIE DAL SOLE";2;"KG";4.99;2.5;0;0;0;4.99;"8017301020011";"RIŽA"
"RIŽA ARBORIO 2kg";"010325401";"DELIZIE DAL SOLE";2;"KG";4.99;2.5;0;0;0;4.99;"8017596061416";"RIŽA"
"MASLINE ZELENE BEZ KOŠTICE 150g";"010334001";"VARIAGUSTO";0.15;"KG";1.29;8.6;0;0;0;1.29;"8017596052216";"KONZER.PROIZVODI U ULJU/OCTU"
"MASLINE ZELENE BEZ KOŠTICE 150g";"010334001";"VARIAGUSTO";0.15;"KG";1.29;8.6;0;0;0;1.29;"8017596015143";"KONZER.PROIZVODI U ULJU/OCTU"
"SPUŽVA ZA KUPANJE MASAŽNA";"010338501";"NEAR YOUR XXX";1;"PZ";0.49;0.49;0;0;0;0.49;"8017596053305";"KOZMETIKA/NJEGA TIJELA I LICA"
"NEKTAR KRUŠKA 6X200ml";"010339401";"PUERTOSOL";1.2;"LT";2.29;1.91;0;0;0;2.29;"8017596050298";"BEZALKOHOLNA PIĆA"
"NEKTAR BRESKVA 6X200ml";"010339501";"PUERTOSOL";1.2;"LT";2.29;1.91;0;0;0;2.29;"8017596050281";"BEZALKOHOLNA PIĆA"
"BEZALK. PIĆE ACE MULTIVITA. 6X200ml";"010339601";"PUERTOSOL";1.2;"LT";2.29;1.91;0;0;0;2.29;"8017596050328";"BEZALKOHOLNA PIĆA"
"MASLINE CRNE BEZ KOŠTICE 150g";"010344701";"VARIAGUSTO";0.15;"KG";1.39;9.27;0;0;0;1.39;"8017596015150";"KONZER.PROIZVODI U ULJU/OCTU"
"SIR MOZZARELLA 125g";"010349101";"LAND";0.125;"KG";1.09;8.72;0;0;0;1.09;"8017596051202";"MLIJEČNI PROIZ. SVJEŽI - EGAL."
"SIR MOZZARELLA U VREĆICI 4X125g";"010349301";"LAND";0.5;"KG";3.99;7.98;0;0;0;3.99;"8017596006684";"MLIJEČNI PROIZ. SVJEŽI - EGAL."
"SIR MOZZARELLA U VREĆICI 4X125g";"010349301";"LAND";0.5;"KG";3.99;7.98;0;0;0;3.99;"8017596059963";"MLIJEČNI PROIZ. SVJEŽI - EGAL."
"NEKTAR MARELICA 6X200ml";"010350601";"PUERTOSOL";1.2;"LT";2.29;1.91;0;0;0;2.29;"8017596050304";"BEZALKOHOLNA PIĆA"
"KROKETI ZA PSE 10kg";"010375301";"RADAMES";10;"KG";9.99;1;0;0;0;9.99;"8017596052704";"HRANA ZA KUĆNE LJUBIMCE"
"RAKIJA OD VILJAMOVKE 40% 700ml";"010377601";"NO BRAND";0.7;"LT";11.99;17.13;0;0;0;11.99;"8006063004247";"JAKA ALKOHOLNA PIĆA"
"RAKIJA OD VILJAMOVKE 40% 700ml";"010377601";"NO BRAND";0.7;"LT";11.99;17.13;0;0;0;11.99;"8007525151332";"JAKA ALKOHOLNA PIĆA"
"ČOKOLADNI LISTIĆI 3 VRSTE 125g";"010412201";"DOLCIANDO";0.125;"KG";2.99;23.92;0;0;0;2.99;"5400265024707";"ČOKOLADE"
"ČOKOLADNI LISTIĆI 3 VRSTE 125g";"010412201";"DOLCIANDO";0.125;"KG";2.99;23.92;0;0;0;2.99;"5400265024714";"ČOKOLADE"
"ČOKOLADNI LISTIĆI 3 VRSTE 125g";"010412201";"DOLCIANDO";0.125;"KG";2.99;23.92;0;0;0;2.99;"5400265024721";"ČOKOLADE"
"ČOKOLADNI LISTIĆI 3 VRSTE 125g";"010412201";"DOLCIANDO";0.125;"KG";2.99;23.92;0;0;0;2.99;"5400265024738";"ČOKOLADE"
"ČOKOLADNI LISTIĆI 3 VRSTE 125g";"010412201";"DOLCIANDO";0.125;"KG";2.99;23.92;0;0;0;2.99;"8017596101372";"ČOKOLADE"
"ČOKOLADNI LISTIĆI 3 VRSTE 125g";"010412201";"DOLCIANDO";0.125;"KG";2.99;23.92;0;0;0;2.99;"8017596101365";"ČOKOLADE"
"ČOKOLADNI LISTIĆI 3 VRSTE 125g";"010412201";"DOLCIANDO";0.125;"KG";2.99;23.92;0;0;0;2.99;"8017596101341";"ČOKOLADE"
"ČOKOLADNI LISTIĆI 3 VRSTE 125g";"010412201";"DOLCIANDO";0.125;"KG";2.99;23.92;0;0;0;2.99;"8017596101358";"ČOKOLADE"
"SLANUTAK 400g/240g";"010429501";"DELIZIE DAL SOLE";0.24;"KG";0.59;2.46;0.45;1.88;0.59;0.59;"8017596014832";"POVRĆE KONZERVIRANO/SUHO"
"GRAH BIJELI 400g/240g";"010429601";"DELIZIE DAL SOLE";0.24;"KG";0.59;2.46;0;0;0;0.59;"8017596014801";"POVRĆE KONZERVIRANO/SUHO"
"GRAH ŠARENI 400g/240g";"010429701";"DELIZIE DAL SOLE";0.24;"KG";0.59;2.46;0;0;0;0.59;"8017596014818";"POVRĆE KONZERVIRANO/SUHO"
"GRAH BIJELI CANNELLINI 400g/240g";"010429801";"DELIZIE DAL SOLE";0.24;"KG";0.59;2.46;0;0;0;0.59;"8017596014795";"POVRĆE KONZERVIRANO/SUHO"
"LEĆA ZELENA 400g/240g";"010430001";"DELIZIE DAL SOLE";0.24;"KG";0.59;2.46;0;0;0;0.59;"8017596014825";"POVRĆE KONZERVIRANO/SUHO"
"KREKERI BEZ ZRNA SOLI 500g";"010445301";"TRE MULINI";0.5;"KG";1.79;3.58;0;0;0;1.79;"8017596053299";"PEKARSKI PROIZVODI"
"PISTACIJA PRŽENA I SLANA 350g";"010453001";"MISTER SIBAMBA";0.35;"KG";5.59;15.97;0;0;0;5.59;"8017596054104";"VOĆE SUHO/ORAŠASTO"
"HAMBURGER GOVEĐI 10KOM 750g";"010460601";"NO BRAND";0.75;"KG";5.31;7.08;0;0;0;5.31;"8008203802010";"ZAMRZNUTA POLUGOTOVA JELA"
"HAMBURGER GOVEĐI 10KOM 750g";"010460601";"NO BRAND";0.75;"KG";5.31;7.08;0;0;0;5.31;"8017596041029";"ZAMRZNUTA POLUGOTOVA JELA"
"KROKETI ZA MAČKE PIL/PUR/POV 2kg";"010491501";"RADAMES";2;"KG";3.45;1.73;0;0;0;3.45;"8017596010469";"HRANA ZA KUĆNE LJUBIMCE"
"SVJEŽE TIJESTO ZA PIZZU 400g";"010492201";"TRE MULINI";0.4;"KG";1.39;3.48;0;0;0;1.39;"8017596018342";"TJESTENINA SVJEŽA - PUNJENA"
"PAPIRNATI RUČNICI 2S, 500L,2R";"010530101";"SOFT DREAM";1;"PZ";7.49;7.49;0;0;0;7.49;"8017596008916";"PAPIRNATI PROIZVODI"
"PAPIRNATI RUČNICI 2S, 500L,2R";"010530101";"SOFT DREAM";1;"PZ";7.49;7.49;0;0;0;7.49;"8018426008458";"PAPIRNATI PROIZVODI"
"LUČICE BIJELE 50kom";"010574201";"VICINO A TE";1;"PZ";3.49;3.49;0;0;0;3.49;"8017596051523";"INSEKTICIDI/SVIJEĆE/OSVJEŽIVAČ"
"LUČICE BIJELE 50kom";"010574201";"VICINO A TE";1;"PZ";3.49;3.49;0;0;0;3.49;"8017596123749";"INSEKTICIDI/SVIJEĆE/OSVJEŽIVAČ"
"DEPILACIJSKA KREMA 150 ml";"010582301";"FIOR DI MAGNOLIA";0.15;"LT";2.19;14.6;0;0;0;2.19;"8017596018519";"KOZMETIKA/NJEGA TIJELA I LICA"
"KOCKA ZA JUHU POVRTNA 220g";"010587101";"DON JEREZ";0.22;"KG";1.19;5.41;0;0;0;1.19;"8017596054968";"RAJČICA/DODACI"
"RIŽA BASMATI 2kg";"010612901";"DELIZIE DAL SOLE";2;"KG";5.89;2.95;0;0;0;5.89;"8032605020338";"RIŽA"
"RIŽA BASMATI 2kg";"010612901";"DELIZIE DAL SOLE";2;"KG";5.89;2.95;0;0;0;5.89;"8017596061423";"RIŽA"
"SL.KORNET VAN. AMARENA 6 KOM 450g";"010619901";"DOLCIANDO";0.45;"KG";2.99;6.64;0;0;0;2.99;"8017596043290";"SLADOLEDI I DESERTI"
"TUNA KOMADIĆI U MASLI. ULJU 300g";"010622901";"ATHENA";0.3;"KG";3.79;12.63;0;0;0;3.79;"8005850232320";"RIBLJE KONZERVE"
"TUNA KOMADIĆI U MASLI. ULJU 300g";"010622901";"ATHENA";0.3;"KG";3.79;12.63;0;0;0;3.79;"8017596066947";"RIBLJE KONZERVE"
"SL.KORN.VANILIJA KAKAO 6KOM 450g";"010623001";"DOLCIANDO";0.45;"KG";2.75;6.11;0;0;0;2.75;"8017596043245";"SLADOLEDI I DESERTI"
"SVJEŽA TJESTENINA TROFIE 500g";"010628501";"TRE MULINI";0.5;"KG";1.59;3.18;0;0;0;1.59;"8017596118271";"TJESTENINA SVJEŽA - PUNJENA"
"SVJEŽA TJESTENINA TROFIE 500g";"010628501";"TRE MULINI";0.5;"KG";1.59;3.18;0;0;0;1.59;"8017596008053";"TJESTENINA SVJEŽA - PUNJENA"
"SL.ŠTAP.B.C.VAN.ČOK.S BAD.3KOM 255g";"010629001";"DOLCIANDO";0.255;"KG";2.25;8.82;1.69;6.63;2.25;2.25;"8017596043191";"SLADOLEDI I DESERTI"
"SVJEŽE TIJESTO ZA FOCACCIU 385g";"010629401";"TRE MULINI";0.385;"KG";1.59;4.13;0;0;0;1.59;"8017596018359";"TJESTENINA SVJEŽA - PUNJENA"
"SL.ŠTAPIĆ MINI VIŠE VRSTA 8KOM 285g";"010635701";"DOLCIANDO";0.285;"KG";3.59;12.6;0;0;0;3.59;"8017596002501";"SLADOLEDI I DESERTI"
"JOGURT TEKUĆI VOĆNI 500g";"010641701";"LAND";0.5;"KG";1.22;2.44;0;0;0;1.22;"8017596018793";"JOGURTI I DESERTI"
"JOGURT TEKUĆI VOĆNI 500g";"010641701";"LAND";0.5;"KG";1.22;2.44;0;0;0;1.22;"8017596018809";"JOGURTI I DESERTI"
"JOGURT TEKUĆI VOĆNI 500g";"010641701";"LAND";0.5;"KG";1.22;2.44;0;0;0;1.22;"8017596057068";"JOGURTI I DESERTI"
"JOGURT TEKUĆI VOĆNI 500g";"010641701";"LAND";0.5;"KG";1.22;2.44;0;0;0;1.22;"8017596018786";"JOGURTI I DESERTI"
"MASLAC BAVARSKI 250g";"010685801";"LAND";0.25;"KG";2.49;9.96;0;0;0;2.49;"4008432082812";"MLIJEČNI PROIZ. SVJEŽI - EGAL."
"MASLAC BAVARSKI 250g";"010685801";"LAND";0.25;"KG";2.49;9.96;0;0;0;2.49;"8017596072429";"MLIJEČNI PROIZ. SVJEŽI - EGAL."
"*PRŠUT PARMA DOP";"010686101";"NO BRAND";1;"KG";27.9;27.9;0;0;0;27.9;"";"DELIKATESA - SALAME"
"SVJEŽA PIADINA 5 KOM 600g";"010701301";"TRE MULINI";0.6;"KG";2.29;3.82;0;0;0;2.29;"8017596014252";"TJESTENINA SVJEŽA - PUNJENA"
"SVINJSKO MESO 80/20";"010711101";"NO BRAND";1;"KG";4.36;4.36;0;0;0;4.36;"";"MESO SVINJSKO"
"SALVETE SPACE 1S, 450KOM";"010727001";"SOFT DREAM";1;"PZ";3.29;3.29;0;0;0;3.29;"8017596015181";"PAPIRNATI PROIZVODI"
"VODA GAZIRANA 1,5l";"010734401";"BLUES";1.5;"LT";0.3;0.2;0;0;0;0.3;"8017596056405";"BEZALKOHOLNA PIĆA"
"VODA GAZIRANA 1,5l";"010734401";"BLUES";1.5;"LT";0.3;0.2;0;0;0;0.3;"8017596056399";"BEZALKOHOLNA PIĆA"
"MILANO SALAMA 350g";"010754301";"LA BOTTEGA DEL GUSTO";0.35;"KG";4.49;12.83;0;0;0;4.49;"8017596057587";"SALAME SVJEŽE - EGALIZIRANE"
"UNGHERESE SALAMA 350g";"010754701";"LA BOTTEGA DEL GUSTO";0.35;"KG";4.49;12.83;0;0;0;4.49;"8017596057594";"SALAME SVJEŽE - EGALIZIRANE"
"PUREĆA PRSA 140g";"010754801";"FRESCHE FETTE";0.14;"KG";1.99;14.21;0;0;0;1.99;"8017596052957";"SALAME SVJEŽE - EGALIZIRANE"
"HRENOVKE PILEĆE PUREĆE 100g";"010760101";"TOBIAS";0.1;"KG";0.39;3.9;0;0;0;0.39;"8017596057600";"SALAME SVJEŽE - EGALIZIRANE"
"GROŽĐICE 250g";"010769701";"MISTER SIBAMBA";0.25;"KG";1.39;5.56;0;0;0;1.39;"8017596014429";"VOĆE SUHO"
"GROŽĐICE 250g";"010769701";"MISTER SIBAMBA";0.25;"KG";1.39;5.56;0;0;0;1.39;"8033247639636";"VOĆE SUHO"
"GROŽĐICE 250g";"010769701";"MISTER SIBAMBA";0.25;"KG";1.39;5.56;0;0;0;1.39;"8005912002458";"VOĆE SUHO"
"KEKSI FROLLINI KAKAO LJEŠNJAK 700g";"010770901";"DOLCIANDO";0.7;"KG";2.49;3.56;0;0;0;2.49;"8017596003133";"KEKSI/VAFLI/SNACKS"
"KEKSI FROLLINI S KAPLJ. ČOK.700g";"010771001";"DOLCIANDO";0.7;"KG";2.29;3.27;0;0;0;2.29;"8017596003126";"KEKSI/VAFLI/SNACKS"
"PRIPRAVAK PIRE KRUMPIR  500g";"010780501";"TRE MULINI";0.5;"KG";2.59;5.18;0;0;0;2.59;"8017596018847";"KAKAO/DOD. ZA KOLAČE/PREHRANU"
"PRIPRAVAK PIRE KRUMPIR  500g";"010780501";"TRE MULINI";0.5;"KG";2.59;5.18;0;0;0;2.59;"8017596077257";"KAKAO/DOD. ZA KOLAČE/PREHRANU"
"PLOČICE ŠLAG KARAM. 6KOM 250g";"010797201";"DOLCIANDO";0.25;"KG";2.89;11.56;0;0;0;2.89;"8017596043313";"SLADOLEDI I DESERTI"
"PLOČICE ŠLAG KOKOS 6KOM 250g";"010797203";"DOLCIANDO";0.25;"KG";2.89;11.56;0;0;0;2.89;"8017596044211";"SLADOLEDI I DESERTI"
"PILEĆA PRSA BEZ KOŽE S KOSTI MAP";"010804501";"NO BRAND";1;"KG";6.39;6.39;0;0;0;6.39;"";"MESO PERADI"
"KAVA U ZRNU KLASIK 1kg";"010805201";"NO BRAND";1;"KG";11.99;11.99;0;0;0;9.99;"8003012011011";"KAVA/ČAJEVI/DRUGO"
"JANJEĆI TRUP BEZ GLAVE";"010833701";"NO BRAND";1;"KG";11.05;11.05;0;0;0;11.05;"";"MESO JANJEĆE/OVČIJE"
"ODOJAK";"010846801";"NO BRAND";1;"KG";6.73;6.73;0;0;0;6.73;"";"MESO SVINJSKO"
"KEKSI FROLLINI S VRHNJEM 700g";"010848201";"DOLCIANDO";0.7;"KG";2.09;2.99;0;0;0;2.09;"8017596003119";"KEKSI/VAFLI/SNACKS"
"KEKSI FROLLINI KAKAO I VRHNJE 700g";"010849301";"DOLCIANDO";0.7;"KG";2.59;3.7;0;0;0;2.59;"8017596015372";"KEKSI/VAFLI/SNACKS"
"PANIRANI SIR EDAMER 200g";"010850301";"VARIAGUSTO";0.2;"KG";1.99;9.95;0;0;0;1.99;"5900972002475";"ZAMRZNUTA POLUGOTOVA JELA"
"PANIRANI SIR EDAMER 200g";"010850301";"VARIAGUSTO";0.2;"KG";1.99;9.95;0;0;0;1.99;"8017596041494";"ZAMRZNUTA POLUGOTOVA JELA"
"SIR MAASDAM";"010861702";"LAND";1;"KG";9.29;9.29;0;0;0;9.29;"";"MLIJEČNI PROIZ. SVJEŽI - TEŽI."
"KAVOVINA JEČAM KAVA 120g";"010864901";"DON JEREZ";0.12;"KG";1.99;16.58;0;0;0;1.99;"8017596058898";"KAVA/ČAJEVI/DRUGO"
"SIR GOUDA";"010865302";"LAND";1;"KG";9.95;9.95;0;0;0;9.95;"";"MLIJEČNI PROIZ. SVJEŽI - TEŽI."
".ČOKOLADNO JAJE TAMNA ČO. 3kg";"010884001";"NO BRAND";3;"KG";59.99;20;53.99;18;59.99;59.99;"8001943027316";"PROIZVODI BOŽIĆ/USKRS"
"EL.APARAT KOMARCI S 10 TABLETA";"010894601";"NOOZE";1;"PZ";3.49;3.49;0;0;0;3.49;"8017596059765";"INSEKTICIDI/SVIJEĆE/OSVJEŽIVAČ"
"EL.APARAT KOMARCI S TEK.PUNJ.40ml";"010894701";"NOOZE";1;"PZ";3.49;3.49;0;0;0;3.49;"8017596059772";"INSEKTICIDI/SVIJEĆE/OSVJEŽIVAČ"
"EL.APARAT KOMARCI TABLETE 30kom";"010894801";"NOOZE";1;"PZ";1.49;1.49;0;0;0;1.49;"8017596059789";"INSEKTICIDI/SVIJEĆE/OSVJEŽIVAČ"
"EL.APARAT KOMARCI TEK.PUNJENJ.35ml";"010894901";"NOOZE";0.035;"LT";1.49;42.57;0;0;0;1.49;"8017596059796";"INSEKTICIDI/SVIJEĆE/OSVJEŽIVAČ"
"ARGENTINSKI OSLIĆ BEZ UTROBE 500g";"010902701";"ATHENA";0.5;"KG";2.49;4.98;0;0;0;2.49;"8017596040350";"ZAMRZNUTA RIBA/MORSKI PLODOVI"
"RAJČICA PASIRANA 2x350g";"010903401";"DELIZIE DAL SOLE";0.7;"KG";2.09;2.99;0;0;0;2.09;"8017596058874";"RAJČICA/DODACI"
"EVID. \\\"PRODOTTO CROATO\\\" PER GRIPP";"010907901";"NO BRAND";1;"KG";3.94;3.94;0;0;0;3.94;"";"KRUH SVJEŽI"
"TERMO PLASTIČNA VREČICA 34l 52X59";"010908301";"NO BRAND";1;"PZ";1.06;1.06;0;0;0;1.06;"8017596060167";"SHOPPER"
"JUNEĆA REBRA SK.";"010917501";"NO BRAND";1;"KG";9.17;9.17;0;0;0;9.17;"";"MESO GOVEĐE"
"GEL ZA KAMENAC PERILICA RUBLJA 1,5l";"010930301";"DEXAL";1.5;"LT";2.19;1.46;1.59;1.06;2.19;2.19;"8017596059215";"SRED. ZA PRANJE RUBLJA/POSUĐA"
"MORTADELA 150g";"010931201";"LA BOTTEGA DEL GUSTO";0.15;"KG";1.79;11.93;0;0;0;1.79;"8017596007117";"SALAME SVJEŽE - EGALIZIRANE"
"MORTADELA 150g";"010931201";"LA BOTTEGA DEL GUSTO";0.15;"KG";1.79;11.93;0;0;0;1.79;"8005214000305";"SALAME SVJEŽE - EGALIZIRANE"
"GEL ZA UČVRŠĆIVANJE KOŽE 200ml";"010947501";"FIOR DI MAGNOLIA";0.2;"LT";3.39;16.95;0;0;0;3.39;"8017596017765";"KOZMETIKA/NJEGA TIJELA I LICA"
"ŠUNKA KUHANA 150g";"010957401";"LA BOTTEGA DEL GUSTO";0.15;"KG";2.19;14.6;1.39;9.27;2.19;2.19;"8017596007155";"SALAME SVJEŽE - EGALIZIRANE"
"ŠUNKA KUHANA 150g";"010957401";"LA BOTTEGA DEL GUSTO";0.15;"KG";2.19;14.6;1.39;9.27;2.19;2.19;"8005214000312";"SALAME SVJEŽE - EGALIZIRANE"
"GLJIVE U ULJU 285g";"010961801";"DELIZIE DAL SOLE";0.285;"KG";2.19;7.68;0;0;0;2.19;"8017596007070";"KONZER.PROIZVODI U ULJU/OCTU"
"SL.Š.MIN.VAN.PREL.ČOK I BAD.8K 328g";"010964901";"DOLCIANDO";0.328;"KG";3.29;10.03;0;0;0;3.29;"8017596043320";"SLADOLEDI I DESERTI"
"MUFFIN 300g";"010969801";"DOLCIANDO";0.3;"KG";2.29;7.63;1.79;5.97;2.29;2.29;"8017596060990";"BISKVIT PROIZVODI/KROASAN"
"MUFFIN 300g";"010969801";"DOLCIANDO";0.3;"KG";2.29;7.63;1.79;5.97;2.29;2.29;"8017596061003";"BISKVIT PROIZVODI/KROASAN"
"KEKSI GRANELLI SA ŠEĆEROM 700g";"010997701";"DOLCIANDO";0.7;"KG";2.19;3.13;0;0;0;2.19;"8017596018939";"KEKSI/VAFLI/SNACKS"
"KRPE ZA BRISANJE PRAŠINE 6kom";"011006801";"SISTEMA CASA";1;"PZ";1.09;1.09;0;0;0;1.09;"8017596051745";"PROIZVODI ZA UREĐENJE DOMA"
"JOGURT 0,1% m.m. 500g";"011024001";"LAND";0.5;"KG";1.09;2.18;0;0;0;1.09;"8017596059192";"JOGURTI I DESERTI"
"SRED.ZA ČIŠĆENJE VIŠENAMJ.OCAT 2l";"011029901";"DEXAL";2;"LT";1.99;1;0;0;0;1.99;"8017596017093";"SREDSTVA ZA ČIŠĆENJE"
"KREMA ZA LICE HIDRAT/HRANJIV 50ml";"011040001";"FIOR DI MAGNOLIA";0.05;"LT";2.65;53;0;0;0;2.65;"8017596057884";"KOZMETIKA/NJEGA TIJELA I LICA"
"KREMA ZA LICE HIDRAT/HRANJIV 50ml";"011040001";"FIOR DI MAGNOLIA";0.05;"LT";2.65;53;0;0;0;2.65;"8017596057877";"KOZMETIKA/NJEGA TIJELA I LICA"
"KREMA LIFTING/ANTIAGE 50ml";"011040101";"FIOR DI MAGNOLIA";0.05;"LT";3.59;71.8;0;0;0;3.59;"8017596057860";"KOZMETIKA/NJEGA TIJELA I LICA"
"KREMA LIFTING/ANTIAGE 50ml";"011040101";"FIOR DI MAGNOLIA";0.05;"LT";3.59;71.8;0;0;0;3.59;"8017596057853";"KOZMETIKA/NJEGA TIJELA I LICA"
"KEKS FROLLINI S HELJDOM 700g";"011059401";"DOLCIANDO";0.7;"KG";2.59;3.7;0;0;0;2.59;"8017596060716";"KEKSI/VAFLI/SNACKS"
"HRENOVKE PILEĆE PUREĆE 12 kom 1000g";"011060501";"TOBIAS";1;"KG";2.69;2.69;2.19;2.19;2.69;2.69;"8004248002200";"SALAME SVJEŽE - EGALIZIRANE"
"HRENOVKE PILEĆE PUREĆE 12 kom 1000g";"011060501";"TOBIAS";1;"KG";2.69;2.69;2.19;2.19;2.69;2.69;"8017596062765";"SALAME SVJEŽE - EGALIZIRANE"
"LAZANJE BOLOGNESE 400g";"011106401";"TRE MULINI";0.4;"KG";2.69;6.73;0;0;0;2.69;"8001439017197";"GOTOVA RIBLJA JELA"
"LAZANJE BOLOGNESE 400g";"011106401";"TRE MULINI";0.4;"KG";2.69;6.73;0;0;0;2.69;"8017596051462";"GOTOVA RIBLJA JELA"
"PJENA ZA BRIJANJE 300ml";"011106801";"NISSHE";0.3;"LT";1.59;5.3;0;0;0;1.59;"8017596002556";"NJEGA KOSE/BRADE"
"PJENA ZA BRIJANJE 300ml";"011106801";"NISSHE";0.3;"LT";1.59;5.3;0;0;0;1.59;"8017596059338";"NJEGA KOSE/BRADE"
"PJENA ZA BRIJANJE 300ml";"011106801";"NISSHE";0.3;"LT";1.59;5.3;0;0;0;1.59;"8017596059345";"NJEGA KOSE/BRADE"
"*GORGONZOLA DOLCE SIR";"011146201";"NO BRAND";1;"KG";15.9;15.9;0;0;0;15.9;"";"DELIKATESA - SIREVI"
"SVINJSKE  NOGICE.";"011151201";"NO BRAND";1;"KG";1.33;1.33;0;0;0;1.33;"";"IZNUTRICE"
"RAJČICA PASIRANA TETRAPAK 1kg";"011171001";"DELIZIE DAL SOLE";1;"KG";1.29;1.29;0;0;0;1.29;"8017596016843";"RAJČICA/DODACI"
"BLAGI IZBJELJIVAČ ZA ODJEĆU 2l";"011178401";"DEXAL";2;"LT";1.49;0.75;0;0;0;1.49;"8017596005090";"SRED. ZA PRANJE RUBLJA/POSUĐA"
"SIR MOZZARELLA BUF.C.DOP MINI 300g";"011214501";"PASCOLI ITALIANI";0.3;"KG";4.39;14.63;0;0;0;4.39;"8017596053763";"MLIJEČNI PROIZ. SVJEŽI - EGAL."
"SVINJSKA LEĐNA SLANINA.";"011214801";"NO BRAND";1;"KG";1.71;1.71;0;0;0;1.71;"";"MESO SVINJSKO"
"OSVJEŽIVAČ ZA PERILICU LIMUN 60P";"011234201";"DEXAL";1;"PZ";1.09;1.09;0;0;0;1.09;"8017596061737";"SRED. ZA PRANJE RUBLJA/POSUĐA"
"OSVJEŽIVAČ ZA PERILICU LIMUN 60P";"011234201";"DEXAL";1;"PZ";1.09;1.09;0;0;0;1.09;"8031447220241";"SRED. ZA PRANJE RUBLJA/POSUĐA"
"OSVJEŽIVAČ ZA PERILICU LIMUN 60P";"011234201";"DEXAL";1;"PZ";1.09;1.09;0;0;0;1.09;"8017596105240";"SRED. ZA PRANJE RUBLJA/POSUĐA"
"OMEKŠIVAČ ZA RUB.VIŠE VRSTA 2l 27p";"011236401";"DEXAL";2;"LT";1.49;0.75;0;0;0;1.49;"8017596118684";"SRED. ZA PRANJE RUBLJA/POSUĐA"
"OMEKŠIVAČ ZA RUB.VIŠE VRSTA 2l 27p";"011236401";"DEXAL";2;"LT";1.49;0.75;0;0;0;1.49;"8017596118691";"SRED. ZA PRANJE RUBLJA/POSUĐA"
"OMEKŠIVAČ ZA RUB.VIŠE VRSTA 2l 27p";"011236401";"DEXAL";2;"LT";1.49;0.75;0;0;0;1.49;"8017596059451";"SRED. ZA PRANJE RUBLJA/POSUĐA"
"OMEKŠIVAČ ZA RUB.VIŠE VRSTA 2l 27p";"011236401";"DEXAL";2;"LT";1.49;0.75;0;0;0;1.49;"8017596050434";"SRED. ZA PRANJE RUBLJA/POSUĐA"
"OMEKŠIVAČ ZA RUB.VIŠE VRSTA 2l 27p";"011236401";"DEXAL";2;"LT";1.49;0.75;0;0;0;1.49;"8017596000699";"SRED. ZA PRANJE RUBLJA/POSUĐA"
"OMEKŠIVAČ ZA RUB.VIŠE VRSTA 2l 27p";"011236401";"DEXAL";2;"LT";1.49;0.75;0;0;0;1.49;"8017596069269";"SRED. ZA PRANJE RUBLJA/POSUĐA"
"TIRAMISU 500g";"011241401";"DOLCIANDO";0.5;"KG";3.99;7.98;0;0;0;3.99;"8017596055750";"JOGURTI I DESERTI"
"TIRAMISU 500g";"011241401";"DOLCIANDO";0.5;"KG";3.99;7.98;0;0;0;3.99;"8017596073488";"JOGURTI I DESERTI"
"OMEKŠIVAČ MICROPERLE 1,5l 60P";"011271201";"DEXAL";1.5;"LT";2.09;1.39;0;0;0;2.09;"8017596118721";"SRED. ZA PRANJE RUBLJA/POSUĐA"
"OMEKŠIVAČ MICROPERLE 1,5l 60P";"011271201";"DEXAL";1.5;"LT";2.09;1.39;0;0;0;2.09;"8017596118714";"SRED. ZA PRANJE RUBLJA/POSUĐA"
"OMEKŠIVAČ MICROPERLE 1,5l 60P";"011271201";"DEXAL";1.5;"LT";2.09;1.39;0;0;0;2.09;"8017596118707";"SRED. ZA PRANJE RUBLJA/POSUĐA"
"OMEKŠIVAČ MICROPERLE 1,5l 60P";"011271201";"DEXAL";1.5;"LT";2.09;1.39;0;0;0;2.09;"8017596064301";"SRED. ZA PRANJE RUBLJA/POSUĐA"
"OMEKŠIVAČ MICROPERLE 1,5l 60P";"011271201";"DEXAL";1.5;"LT";2.09;1.39;0;0;0;2.09;"8017596064288";"SRED. ZA PRANJE RUBLJA/POSUĐA"
"OMEKŠIVAČ MICROPERLE 1,5l 60P";"011271201";"DEXAL";1.5;"LT";2.09;1.39;0;0;0;2.09;"8017596064295";"SRED. ZA PRANJE RUBLJA/POSUĐA"
"OMEKŠIVAČ MICROPERLE 1,5l 60P";"011271201";"DEXAL";1.5;"LT";2.09;1.39;0;0;0;2.09;"8017596075901";"SRED. ZA PRANJE RUBLJA/POSUĐA"
"OMEKŠIVAČ MICROPERLE 1,5l 60P";"011271201";"DEXAL";1.5;"LT";2.09;1.39;0;0;0;2.09;"8017596075918";"SRED. ZA PRANJE RUBLJA/POSUĐA"
"OMEKŠIVAČ MICROPERLE 1,5l 60P";"011271201";"DEXAL";1.5;"LT";2.09;1.39;0;0;0;2.09;"8017596075925";"SRED. ZA PRANJE RUBLJA/POSUĐA"
"PANIRANI ŠTAP. OD POVRĆA 10km 300g";"011283601";"AMO ESSERE VEG";0.3;"KG";1.59;5.3;0;0;0;1.59;"5900972003601";"ZAMRZNUTA POLUGOTOVA JELA"
"PANIRANI ŠTAP. OD POVRĆA 10km 300g";"011283601";"AMO ESSERE VEG";0.3;"KG";1.59;5.3;0;0;0;1.59;"8017596041487";"ZAMRZNUTA POLUGOTOVA JELA"
"PANIRANI ŠTAP. OD POVRĆA 10km 300g";"011283601";"AMO ESSERE VEG";0.3;"KG";1.59;5.3;0;0;0;1.59;"8017596046260";"ZAMRZNUTA POLUGOTOVA JELA"
"UMAK MORSKI PLODOVI 300g";"011283701";"ATHENA";0.3;"KG";3.19;10.63;0;0;0;3.19;"8017596041463";"ZAMRZNUTA RIBA/MORSKI PLODOVI"
"FILETI INĆUNA U ULJU 720g";"011288601";"NO BRAND";0.72;"KG";11.99;16.65;0;0;0;11.99;"8017596115843";"RIBLJE KONZERVE"
"FILETI INĆUNA U ULJU 720g";"011288601";"NO BRAND";0.72;"KG";11.99;16.65;0;0;0;11.99;"8000828000772";"RIBLJE KONZERVE"
"FILETI INĆUNA U ULJU 720g";"011288601";"NO BRAND";0.72;"KG";11.99;16.65;0;0;0;11.99;"8007820087770";"RIBLJE KONZERVE"
"FILETI INĆUNA U ULJU 720g";"011288601";"NO BRAND";0.72;"KG";11.99;16.65;0;0;0;11.99;"8001247000695";"RIBLJE KONZERVE"
"FILETI LOSOSA U MASLINOVOM UL. 150g";"011302001";"ONDINA";0.15;"KG";3.98;26.53;0;0;0;3.98;"8017596062901";"RIBLJE KONZERVE"
"FILETI LOSOSA U MASLINOVOM UL. 150g";"011302001";"ONDINA";0.15;"KG";3.98;26.53;0;0;0;3.98;"8003294027465";"RIBLJE KONZERVE"
".ČIPS SLANI 320g";"011305901";"MAMBO KIDS";0.32;"KG";2.69;8.41;2.29;7.16;2.69;2.69;"8017596061584";"KEKSI/VAFLI/SNACKS"
"RIŽA BIJELA RIBE 1kg";"011315201";"DELIZIE DAL SOLE";1;"KG";2.39;2.39;0;0;0;2.39;"8017596052605";"RIŽA"
"NEKTAR JABUKA 1,5l";"011317201";"PUERTOSOL";1.5;"LT";1.69;1.13;0;0;0;1.69;"8017596051837";"BEZALKOHOLNA PIĆA"
"LIKER LIMONCINO 22% 700ml";"011318501";"NO BRAND";0.7;"LT";5.89;8.41;0;0;0;5.89;"8009710091300";"SLATKI LIKERI/APERITIVI"
"TOALETNI PAPIR 3 S, 180L, 12R";"011323801";"SOFT DREAM";1;"PZ";3.19;3.19;0;0;0;3.19;"8017596018717";"PAPIRNATI PROIZVODI"
"ŠLJIVE SUHE BEZ KOŠTICA 500g";"011330101";"MISTER SIBAMBA";0.5;"KG";3.19;6.38;0;0;0;3.19;"8017596014658";"VOĆE SUHO"
"LIZALICE 250g";"011336001";"DOLCIANDO";0.25;"KG";2.49;9.96;0;0;0;2.49;"4021144002640";"SLATKIŠI I BOMBONI"
"LIZALICE 250g";"011336001";"DOLCIANDO";0.25;"KG";2.49;9.96;0;0;0;2.49;"4021144000479";"SLATKIŠI I BOMBONI"
"LIZALICE 250g";"011336001";"DOLCIANDO";0.25;"KG";2.49;9.96;0;0;0;2.49;"5411376002935";"SLATKIŠI I BOMBONI"
"LIZALICE 250g";"011336001";"DOLCIANDO";0.25;"KG";2.49;9.96;0;0;0;2.49;"5411376003376";"SLATKIŠI I BOMBONI"
"LIZALICE 250g";"011336001";"DOLCIANDO";0.25;"KG";2.49;9.96;0;0;0;2.49;"8017596102690";"SLATKIŠI I BOMBONI"
"KROKETI ZA PSE PREMIUM 5kg";"011339801";"RADAMES";5;"KG";7.99;1.6;0;0;0;7.99;"8017596059390";"HRANA ZA KUĆNE LJUBIMCE"
"KROKETI ZA PSE PREMIUM 5kg";"011339801";"RADAMES";5;"KG";7.99;1.6;0;0;0;7.99;"8017596059406";"HRANA ZA KUĆNE LJUBIMCE"
"JUNEĆA SLABINA I LEĐA BK";"011367601";"NO BRAND";1;"KG";19.57;19.57;0;0;0;19.57;"";"MESO GOVEĐE"
"MILANO SALAMA 150g";"011371001";"LA BOTTEGA DEL GUSTO";0.15;"KG";2.19;14.6;0;0;0;2.19;"8017596007131";"SALAME SVJEŽE - EGALIZIRANE"
"MILANO SALAMA 150g";"011371001";"LA BOTTEGA DEL GUSTO";0.15;"KG";2.19;14.6;0;0;0;2.19;"8005214000336";"SALAME SVJEŽE - EGALIZIRANE"
"TOALETNI PAPIR DUGI 2S,600L,4R";"011373801";"SOFT DREAM";1;"PZ";2.99;2.99;0;0;0;2.99;"8017596004482";"PAPIRNATI PROIZVODI"
"UNGHERESE SALAMA 150g";"011382101";"LA BOTTEGA DEL GUSTO";0.15;"KG";2.19;14.6;0;0;0;2.19;"8017596007124";"SALAME SVJEŽE - EGALIZIRANE"
"KRUMPIR REZANI PREDPRŽENI 1kg";"011395501";"DELIZIE DAL SOLE";1;"KG";2.49;2.49;0;0;0;2.49;"8017596042378";"ZAMRZNUTO POVRĆE"
"TELEĆE LOPATICA BK";"011398901";"NO BRAND";1;"KG";16.51;16.51;0;0;0;16.51;"";"MESO TELEĆE"
"VOĆNI PIRE JABUKA/BANANA 100g";"011400501";"PUERTOSOL";0.1;"KG";0.79;7.9;0;0;0;0.79;"8017596030672";"VOĆE V GAMMA"
"VOĆNI PIRE JABUKA 100g";"011400601";"PUERTOSOL";0.1;"KG";0.79;7.9;0;0;0;0.79;"8017596030689";"VOĆE V GAMMA"
"*SIR MAASDAM KOLUT 1/4 VP";"011411901";"NO BRAND";1;"KG";13.9;13.9;0;0;0;13.9;"";"DELIKATESA - SIREVI"
".TOALETNI PAPIR 3 S, 180 L, 24 R";"011433301";"SOFT DREAM";1;"PZ";5.99;5.99;0;0;0;5.99;"8017596061928";"PAPIRNATI PROIZVODI"
".PAPIRNATI RUČNICI 2 S, 50 L, 8 R";"011433401";"SOFT DREAM";1;"PZ";4.49;4.49;0;0;0;4.49;"8017596061935";"PAPIRNATI PROIZVODI"
"PESTO GENOVESE 190g";"011448201";"DELIZIE DAL SOLE";0.19;"KG";1.69;8.89;0;0;0;1.69;"8017596120298";"RAJČICA/DODACI"
"PESTO GENOVESE 190g";"011448201";"DELIZIE DAL SOLE";0.19;"KG";1.69;8.89;0;0;0;1.69;"8017596050625";"RAJČICA/DODACI"
"KAŠICA VOĆNA  JABUKA BIO 2X125g";"011467101";"PRIME PAPPE";0.25;"KG";1.39;5.56;1.19;4.76;1.39;1.39;"8017596073686";"DJEČJA HRANA"
"KAŠICA VOĆNA  JABUKA BIO 2X125g";"011467101";"PRIME PAPPE";0.25;"KG";1.39;5.56;1.19;4.76;1.39;1.39;"8017596062536";"DJEČJA HRANA"
"KAŠICA VOĆNA KRUŠKA BIO 2X125g";"011467102";"PRIME PAPPE";0.25;"KG";1.39;5.56;1.19;4.76;1.39;1.39;"8017596073709";"DJEČJA HRANA"
"KAŠICA VOĆNA KRUŠKA BIO 2X125g";"011467102";"PRIME PAPPE";0.25;"KG";1.39;5.56;1.19;4.76;1.39;1.39;"8017596062543";"DJEČJA HRANA"
"KAŠICA VOĆNA MIX VOĆA BIO 2X125g";"011467103";"PRIME PAPPE";0.25;"KG";1.39;5.56;1.19;4.76;1.39;1.39;"8017596073556";"DJEČJA HRANA"
"KAŠICA VOĆNA MIX VOĆA BIO 2X125g";"011467103";"PRIME PAPPE";0.25;"KG";1.39;5.56;1.19;4.76;1.39;1.39;"8017596062512";"DJEČJA HRANA"
"SPREJ PROTIV ŽOHARA I MRAVA 300ml";"011470701";"NOOZE";0.3;"LT";2.69;8.97;0;0;0;2.69;"8017596062604";"INSEKTICIDI/SVIJEĆE/OSVJEŽIVAČ"
"LOPATICA KUHANA NAREZAK 150g";"011500401";"LA BOTTEGA DEL GUSTO";0.15;"KG";1.59;10.6;0;0;0;1.59;"8017596015884";"SALAME SVJEŽE - EGALIZIRANE"
"SPREJ PROTIV MUHA I KOMARACA 400ml";"011523001";"NOOZE";0.4;"LT";2.49;6.23;0;0;0;2.49;"8017596062598";"INSEKTICIDI/SVIJEĆE/OSVJEŽIVAČ"
"OSVJEŽIVAČ PROSTORA PERLE V.V. 110g";"011541701";"SISTEMA CASA";0.11;"KG";1.59;14.45;0;0;0;1.59;"8017596063779";"INSEKTICIDI/SVIJEĆE/OSVJEŽIVAČ"
"OSVJEŽIVAČ PROSTORA PERLE V.V. 110g";"011541701";"SISTEMA CASA";0.11;"KG";1.59;14.45;0;0;0;1.59;"8017596063786";"INSEKTICIDI/SVIJEĆE/OSVJEŽIVAČ"
"OSVJEŽIVAČ PROSTORA PERLE V.V. 110g";"011541701";"SISTEMA CASA";0.11;"KG";1.59;14.45;0;0;0;1.59;"8017596063793";"INSEKTICIDI/SVIJEĆE/OSVJEŽIVAČ"
"OSVJEŽIVAČ PROSTORA PERLE V.V. 110g";"011541701";"SISTEMA CASA";0.11;"KG";1.59;14.45;0;0;0;1.59;"8017596063809";"INSEKTICIDI/SVIJEĆE/OSVJEŽIVAČ"
"JUNEĆA PRSA SK";"011544601";"NO BRAND";1;"KG";6.8;6.8;0;0;0;6.8;"";"MESO GOVEĐE"
"TUNA U VLASTITOM SOKU 3X80g";"011548501";"ATHENA";0.168;"KG";2.65;15.77;0;0;0;2.65;"8017596019103";"RIBLJE KONZERVE"
"TUNA U MASLINOVOM ULJU ŽP 4X80g";"011548701";"ONDINA";0.32;"KG";4.39;13.72;0;0;0;4.39;"8017596007865";"RIBLJE KONZERVE"
"KRUH ZA SENDVIČE 250g";"011555701";"TRE MULINI";0.25;"KG";1.29;5.16;0;0;0;1.29;"8017596000910";"PEKARSKI PROIZVODI"
"SIR EMMENTAL BAVARSKI 400g";"011565301";"LAND";0.4;"KG";3.99;9.98;0;0;0;3.99;"8017596063304";"MLIJEČNI PROIZ. SVJEŽI - EGAL."
"PLOČICE KROKANT MIX 65g";"011570101";"DOLCIANDO";0.065;"KG";0.69;10.62;0;0;0;0.69;"8002457000376";"SLATKIŠI I BOMBONI"
"PLOČICE KROKANT MIX 65g";"011570101";"DOLCIANDO";0.065;"KG";0.69;10.62;0;0;0;0.69;"8006167026008";"SLATKIŠI I BOMBONI"
"PLOČICE KROKANT MIX 65g";"011570101";"DOLCIANDO";0.065;"KG";0.69;10.62;0;0;0;0.69;"8017596110299";"SLATKIŠI I BOMBONI"
"TARALLI DJEVIČANSKO MASL.ULJE 500g";"011572801";"TRE MULINI";0.5;"KG";1.69;3.38;0;0;0;1.69;"8017596008299";"PEKARSKI PROIZVODI"
"MINESTRONE 10 MINUTA 450g";"011608401";"DELIZIE DAL SOLE";0.45;"KG";1.99;4.42;1.09;2.42;1.19;1.99;"8017596042187";"ZAMRZNUTA POLUGOTOVA JELA"
"DVOPEK SA ŽITARICAMA 320g";"011614701";"TRE MULINI";0.32;"KG";1.39;4.34;0;0;0;1.39;"8017596063236";"DORUČAK - PAHULJICE/NAMAZI/MED"
"DVOPEK SA ŽITARICAMA 320g";"011614701";"TRE MULINI";0.32;"KG";1.39;4.34;0;0;0;1.39;"8017596105028";"DORUČAK - PAHULJICE/NAMAZI/MED"
"ŠEĆER VOĆNI FRUKTOZA 500g";"011635001";"DOLCIANDO";0.5;"KG";2.59;5.18;0;0;0;2.59;"8017596063069";"ŠEĆER"
"CURRY 35g";"011644801";"DON JEREZ";0.035;"KG";0.99;28.29;0;0;0;0.99;"8017596063250";"ZAČINI/LIOFILIZIRANO"
"SVJEŽE LISNATO TIJESTO 265g";"011661801";"TRE MULINI";0.265;"KG";1.15;4.34;0;0;0;1.15;"8017596018335";"TJESTENINA SVJEŽA - PUNJENA"
"MLIJEKO BEZ LAKTOZE 1l";"011683001";"AMO ESSERE SENZA LATTOSIO";1;"LT";1.39;1.39;0.95;0.95;1.39;1.39;"8017596073938";"MLIJEČNI PROIZVODI UHT - JAJA"
"KEKS SA ŽITARICAMA 500g";"011687402";"DOLCIANDO";0.5;"KG";1.79;3.58;0;0;0;1.79;"8017596063427";"KEKSI/VAFLI/SNACKS"
"KEKS SA ŽITARICAMA HRSKAVI 250g";"011687403";"DOLCIANDO";0.25;"KG";1.19;4.76;0;0;0;1.19;"8017596063410";"KEKSI/VAFLI/SNACKS"
"ČIPS PAPRIKA 170g";"011693601";"MAMBO KIDS";0.17;"KG";2.09;12.29;0;0;0;1.59;"8017596062451";"KEKSI/VAFLI/SNACKS"
"TJESTENINA S JAJIMA GRATTINI 250g";"011693701";"TRE MULINI";0.25;"KG";0.89;3.56;0;0;0;0.89;"8017596008596";"TJESTENINA"
"SIR BRIE 200g";"011696501";"LAND";0.2;"KG";2.25;11.25;0;0;0;2.25;"3333750051976";"MLIJEČNI PROIZ. SVJEŽI - EGAL."
"SIR BRIE 200g";"011696501";"LAND";0.2;"KG";2.25;11.25;0;0;0;2.25;"8017596075024";"MLIJEČNI PROIZ. SVJEŽI - EGAL."
"TJESTENINA S JAJIMA FILINI 250g";"011699801";"TRE MULINI";0.25;"KG";0.89;3.56;0;0;0;0.89;"8017596008602";"TJESTENINA"
"BISKVIT PLUM CAKE JOGURT 350g";"011709301";"DOLCIANDO";0.35;"KG";1.79;5.11;0;0;0;1.79;"8017596019134";"BISKVIT PROIZVODI/KROASAN"
"BISKVIT PLUM CAKE S ČOK.10 kom 350g";"011719701";"DOLCIANDO";0.35;"KG";1.99;5.69;0;0;0;1.99;"8017596063700";"BISKVIT PROIZVODI/KROASAN"
"KRPE ZA BRISANJE PODA 12kom";"011729201";"SISTEMA CASA";1;"PZ";1.79;1.79;0;0;0;1.79;"8017596063540";"PROIZVODI ZA UREĐENJE DOMA"
"VIŠENAMJ.MARAMICE ZA ČIŠĆENJE 80kom";"011729501";"SISTEMA CASA";1;"PZ";1.85;1.85;1.29;1.29;1.85;1.85;"8017596063557";"PROIZVODI ZA UREĐENJE DOMA"
"KRPE ZA BRISANJE DRVENIH POVR 12kom";"011729701";"SISTEMA CASA";1;"PZ";1.79;1.79;0;0;0;1.79;"8017596063564";"PROIZVODI ZA UREĐENJE DOMA"
"GRISSINI TORINESI 300g";"011741901";"TRE MULINI";0.3;"KG";1.39;4.63;0;0;0;1.39;"8017596018212";"PEKARSKI PROIZVODI"
"MINESTRONE MIKS LAGANI 600g";"011743501";"DELIZIE DAL SOLE";0.6;"KG";1.29;2.15;0;0;0;1.29;"8017596042309";"ZAMRZNUTO POVRĆE"
"JUNEĆA PRSA/REBRA/POTRBUŠINA SK";"011785601";"NO BRAND";1;"KG";9.48;9.48;0;0;0;9.48;"";"MESO GOVEĐE"
"RIŽOTO S GLJIVAMA 175g";"011790101";"TRE MULINI";0.175;"KG";1.29;7.37;0;0;0;1.29;"8017596013514";"JUHE/DEHIDRIRANI PROIZVODI"
"RIŽOTO S PLODOVIMA MORA 175g";"011790102";"TRE MULINI";0.175;"KG";1.29;7.37;0;0;0;1.29;"8017596017055";"JUHE/DEHIDRIRANI PROIZVODI"
"RIŽOTO SA ŠPAROGAMA 175g";"011790103";"TRE MULINI";0.175;"KG";1.29;7.37;0;0;0;1.29;"8017596013507";"JUHE/DEHIDRIRANI PROIZVODI"
"ČARAPE KRATKE ŠK.PAM.VLAKNO 2 PARA";"011801501";"JACKBERG/GLISSADE";1;"PZ";3.99;3.99;0;0;0;3.99;"8017596064707";"ČARAPE/BATERIJE"
"ČARAPE KRATKE ŠK.PAM.VLAKNO 2 PARA";"011801501";"JACKBERG/GLISSADE";1;"PZ";3.99;3.99;0;0;0;3.99;"8017596120199";"ČARAPE/BATERIJE"
"ČARAPE DUGE ŠK.PAM.VLAKNO 2 PARA";"011801601";"JACKBERG/GLISSADE";1;"PZ";4.69;4.69;0;0;0;4.69;"8017596064714";"ČARAPE/BATERIJE"
"ČARAPE DUGE ŠK.PAM.VLAKNO 2 PARA";"011801601";"JACKBERG/GLISSADE";1;"PZ";4.69;4.69;0;0;0;4.69;"8017596120205";"ČARAPE/BATERIJE"
"*SIR GORGONZOLA I MASCARPONE";"011811001";"NO BRAND";1;"KG";17.9;17.9;0;0;0;17.9;"";"DELIKATESA - SIREVI"
"JUNEĆI VRAT/ZPLEĆAK (PODLOPATICA) B";"011827401";"NO BRAND";1;"KG";13.09;13.09;0;0;0;13.09;"";"MESO GOVEĐE"
"BEŠAMEL UHT 500ml";"011832201";"LAND";0.5;"LT";1.99;3.98;0;0;0;1.99;"8017596011862";"MLIJEČNI PROIZVODI UHT - JAJA"
"KRUH INTEGRALNI 400g";"011840801";"TRE MULINI";0.4;"KG";0.99;2.48;0;0;0;0.99;"8017596053039";"PEKARSKI PROIZVODI"
"SREDSTVO ZA IZBJELJIVANJE 5L";"011846401";"DEXAL";5;"LT";2.19;0.44;0;0;0;2.19;"8017596064387";"SRED. ZA PRANJE RUBLJA/POSUĐA"
"SOK TROPIK 100% 1l";"011848101";"PUERTOSOL";1;"LT";1.79;1.79;0;0;0;1.79;"8017596011466";"BEZALKOHOLNA PIĆA"
"MIRISNA VODA ZA TIJELO 200ml";"011850201";"FIOR DI MAGNOLIA";0.2;"LT";3.99;19.95;0;0;0;3.99;"8017596075826";"KOZMETIKA/NJEGA TIJELA I LICA"
"MIRISNA VODA ZA TIJELO 200ml";"011850201";"FIOR DI MAGNOLIA";0.2;"LT";3.99;19.95;0;0;0;3.99;"8017596075796";"KOZMETIKA/NJEGA TIJELA I LICA"
"MIRISNA VODA ZA TIJELO 200ml";"011850201";"FIOR DI MAGNOLIA";0.2;"LT";3.99;19.95;0;0;0;3.99;"8017596075802";"KOZMETIKA/NJEGA TIJELA I LICA"
"MIRISNA VODA ZA TIJELO 200ml";"011850201";"FIOR DI MAGNOLIA";0.2;"LT";3.99;19.95;0;0;0;3.99;"8017596075819";"KOZMETIKA/NJEGA TIJELA I LICA"
"MIRISNA VODA ZA TIJELO 200ml";"011850201";"FIOR DI MAGNOLIA";0.2;"LT";3.99;19.95;0;0;0;3.99;"8017596075864";"KOZMETIKA/NJEGA TIJELA I LICA"
"MIRISNA VODA ZA TIJELO 200ml";"011850201";"FIOR DI MAGNOLIA";0.2;"LT";3.99;19.95;0;0;0;3.99;"8017596075871";"KOZMETIKA/NJEGA TIJELA I LICA"
"MIRISNA VODA ZA TIJELO 200ml";"011850201";"FIOR DI MAGNOLIA";0.2;"LT";3.99;19.95;0;0;0;3.99;"8017596075840";"KOZMETIKA/NJEGA TIJELA I LICA"
"MIRISNA VODA ZA TIJELO 200ml";"011850201";"FIOR DI MAGNOLIA";0.2;"LT";3.99;19.95;0;0;0;3.99;"8017596075857";"KOZMETIKA/NJEGA TIJELA I LICA"
"MIRISNA VODA ZA TIJELO 200ml";"011850201";"FIOR DI MAGNOLIA";0.2;"LT";3.99;19.95;0;0;0;3.99;"8017596065971";"KOZMETIKA/NJEGA TIJELA I LICA"
"MIRISNA VODA ZA TIJELO 200ml";"011850201";"FIOR DI MAGNOLIA";0.2;"LT";3.99;19.95;0;0;0;3.99;"8017596065957";"KOZMETIKA/NJEGA TIJELA I LICA"
"MIRISNA VODA ZA TIJELO 200ml";"011850201";"FIOR DI MAGNOLIA";0.2;"LT";3.99;19.95;0;0;0;3.99;"8017596065964";"KOZMETIKA/NJEGA TIJELA I LICA"
"MIRISNA VODA ZA TIJELO 200ml";"011850201";"FIOR DI MAGNOLIA";0.2;"LT";3.99;19.95;0;0;0;3.99;"8017596065988";"KOZMETIKA/NJEGA TIJELA I LICA"
"KREKER SLANI 3 kom 300g";"011853001";"MAMBO KIDS";0.3;"KG";1.49;4.97;0;0;0;1.49;"8017596063991";"KEKSI/VAFLI/SNACKS"
"*PECORINO ROMANO TVRDI OVČJI SIR";"011853501";"NO BRAND";1;"KG";29.9;29.9;0;0;0;29.9;"";"DELIKATESA - SIREVI"
"KEKS AMARETTI 200g";"011861801";"DOLCIANDO";0.2;"KG";1.29;6.45;0;0;0;1.29;"8017596011930";"KEKSI/VAFLI/SNACKS"
"TELEĆI VRAT SK";"011918301";"NO BRAND";1;"KG";11.16;11.16;0;0;0;11.16;"";"MESO TELEĆE"
"TORTA KREMA LIMUN 650g";"011924501";"DOLCIANDO";0.65;"KG";4.89;7.52;0;0;0;4.89;"8017596065940";"TORTE I ROLADE"
"TORTA KREMA LIMUN 650g";"011924501";"DOLCIANDO";0.65;"KG";4.89;7.52;0;0;0;4.89;"8001865000534";"TORTE I ROLADE"
"PILEĆA KRILA";"011924601";"NO BRAND";1;"KG";2.65;2.65;0;0;0;2.65;"";"MESO PERADI"
".KROKETI ZA PSE PREMIUM 10kg";"011952601";"RADAMES";10;"KG";14.99;1.5;0;0;0;14.99;"8017596064837";"HRANA ZA KUĆNE LJUBIMCE"
".KROKETI ZA PSE PREMIUM 10kg";"011952601";"RADAMES";10;"KG";14.99;1.5;0;0;0;14.99;"8017596064844";"HRANA ZA KUĆNE LJUBIMCE"
"SIR MASCARPONE 250g";"011963501";"PASCOLI ITALIANI";0.25;"KG";2.39;9.56;0;0;0;2.39;"8017596006752";"MLIJEČNI PROIZ. SVJEŽI - EGAL."
"KRPE ZA BRISANJE PODA 40x50cm 3kom";"011966001";"SISTEMA CASA";1;"PZ";1.59;1.59;0;0;0;1.59;"8017596066053";"PROIZVODI ZA UREĐENJE DOMA"
"BATERIJA 1,5V AA POWER TECH 4kom";"011969101";"KEIROS";1;"PZ";1.19;1.19;0;0;0;1.19;"8017596018830";"ČARAPE/BATERIJE"
"BATERIJA 1,5V AA KEIROS 8kom";"011969301";"KEIROS";1;"PZ";1.99;1.99;0;0;0;1.99;"8017596011725";"ČARAPE/BATERIJE"
"BATERIJA 9V KEIROS 1kom";"011969601";"KEIROS";1;"PZ";1.29;1.29;0;0;0;1.29;"8017596011756";"ČARAPE/BATERIJE"
"BATERIJA 1,5V AAA POWER TECH 4kom";"011969701";"KEIROS";1;"PZ";1.19;1.19;0;0;0;1.19;"8017596018823";"ČARAPE/BATERIJE"
"SPIRALA PROTIV KOMARACA 10kom";"011987301";"NOOZE";1;"PZ";0.99;0.99;0;0;0;0.99;"8017596059758";"INSEKTICIDI/SVIJEĆE/OSVJEŽIVAČ"
"ŠUNKA KUHANA TOAST 2X100g";"012013201";"LA BOTTEGA DEL GUSTO";0.2;"KG";2.19;10.95;0;0;0;2.19;"8005214000091";"SALAME SVJEŽE - EGALIZIRANE"
"ŠUNKA KUHANA TOAST 2X100g";"012013201";"LA BOTTEGA DEL GUSTO";0.2;"KG";2.19;10.95;0;0;0;2.19;"8005214000381";"SALAME SVJEŽE - EGALIZIRANE"
"ŠUNKA KUHANA TOAST 2X100g";"012013201";"LA BOTTEGA DEL GUSTO";0.2;"KG";2.19;10.95;0;0;0;2.19;"8017596068507";"SALAME SVJEŽE - EGALIZIRANE"
"ŠPAROGE BIJELE 330g/205g";"012032502";"DELIZIE DAL SOLE";0.205;"KG";2.39;11.66;0;0;0;2.39;"8017596111920";"POVRĆE KONZERVIRANO/SUHO"
"VIŠENAMJENSKI TEPIH 44x75cm";"012055001";"SISTEMA CASA";1;"PZ";3.49;3.49;0;0;0;3.49;"8017596066374";"PROIZVODI ZA UREĐENJE DOMA"
"PECIVA ZA MAXI HAMBURGER 4kom 300g";"012061301";"TRE MULINI";0.3;"KG";1.19;3.97;0;0;0;1.19;"8017596065339";"PEKARSKI PROIZVODI"
"KUKURUZ SLATKI 3X150g/420g";"012064501";"DELIZIE DAL SOLE";0.42;"KG";2.09;4.98;0;0;0;2.09;"8017596013965";"POVRĆE KONZERVIRANO/SUHO"
"KUKURUZ SLATKI 3X150g/420g";"012064501";"DELIZIE DAL SOLE";0.42;"KG";2.09;4.98;0;0;0;2.09;"8017596115232";"POVRĆE KONZERVIRANO/SUHO"
"TORTA TIRAMISU 400g";"012078701";"DOLCIANDO";0.4;"KG";2.39;5.98;0;0;0;2.39;"8017596065643";"TORTE I ROLADE"
"TORTA ČOKOLADNA 400g";"012087101";"DOLCIANDO";0.4;"KG";2.39;5.98;0;0;0;2.39;"8017596065650";"TORTE I ROLADE"
"TORTELLI RICOTTA I ŠPINAT 500g";"012091901";"TRE MULINI";0.5;"KG";2.29;4.58;1.49;2.98;2.29;2.29;"8017596012371";"TJESTENINA SVJEŽA - PUNJENA"
"TORTELLI RICOTTA I ŠPINAT 500g";"012091901";"TRE MULINI";0.5;"KG";2.29;4.58;1.49;2.98;2.29;2.29;"8006515025660";"TJESTENINA SVJEŽA - PUNJENA"
"SVINJSKI PRSNI VRŠCI";"012096101";"NO BRAND";1;"KG";2.9;2.9;0;0;0;2.9;"";"MESO SVINJSKO"
"DETERDŽ.POSUĐE LIMUN ZELENI 1l";"012108101";"DEXAL";1;"LT";2.09;2.09;0;0;0;2.09;"8017596066084";"SRED. ZA PRANJE RUBLJA/POSUĐA"
"DETERDŽ.POSUĐE LIMUN ZELENI 1l";"012108101";"DEXAL";1;"LT";2.09;2.09;0;0;0;2.09;"8017596066091";"SRED. ZA PRANJE RUBLJA/POSUĐA"
"RAJČICA PASIRANA 700g";"012111901";"DELIZIE DAL SOLE";0.7;"KG";1.49;2.13;0;0;0;1.49;"8017596005359";"RAJČICA/DODACI"
"PRALINE ČOKOLADNE U VREĆICI 1kg";"012112101";"DOLCIANDO";1;"KG";9.99;9.99;0;0;0;9.99;"8017596108784";"ČOKOLADE"
"PRALINE ČOKOLADNE U VREĆICI 1kg";"012112101";"DOLCIANDO";1;"KG";9.99;9.99;0;0;0;9.99;"8000017510358";"ČOKOLADE"
"PILE CIJELO A CCA. 1500 DO 1600G";"012113001";"NO BRAND";1;"KG";2.79;2.79;0;0;0;2.79;"";"MESO PERADI"
"TORTA CROSTATA MARELICA 500g";"012119501";"DOLCIANDO";0.5;"KG";2.99;5.98;0;0;0;2.99;"8017596065667";"TORTE I ROLADE"
"PJENUŠAVO VINO MOSCATO 750ml";"012121801";"NO BRAND";0.75;"LT";2.89;3.85;0;0;0;2.89;"8008920001987";"PJENUŠCI"
"PJENUŠAVO VINO MOSCATO 750ml";"012121801";"NO BRAND";0.75;"LT";2.89;3.85;0;0;0;2.89;"8003295007879";"PJENUŠCI"
"PJENUŠAVO VINO MOSCATO 750ml";"012121801";"NO BRAND";0.75;"LT";2.89;3.85;0;0;0;2.89;"8008920001840";"PJENUŠCI"
"ČOKOLADNI NOVČIĆI U MREŽICI 150g";"012124801";"DOLCIANDO";0.15;"KG";1.49;9.93;0;0;0;1.49;"8017596078148";"ČOKOLADE"
"ČOKOLADNI NOVČIĆI U MREŽICI 150g";"012124801";"DOLCIANDO";0.15;"KG";1.49;9.93;0;0;0;1.49;"8008743002987";"ČOKOLADE"
"VINO BIJELO LE BRICOLE 5l";"012128601";"NO BRAND";5;"LT";7.89;1.58;0;0;0;7.89;"8000128090510";"VINA"
"VINO CRNO LE BRICOLE PET 5l";"012128602";"NO BRAND";5;"LT";7.89;1.58;0;0;0;7.89;"8000128090503";"VINA"
"ČOKOLADNI BOMBONI MIX TAM/MLI.170g";"012128901";"DOLCIANDO";0.17;"KG";2.49;14.65;0;0;0;2.49;"8017596066022";"ČOKOLADE"
"PRALINE MIX 200g";"012129001";"DOLCIANDO";0.2;"KG";2.29;11.45;0;0;0;2.29;"8000017510150";"ČOKOLADE"
"PRALINE MIX 200g";"012129001";"DOLCIANDO";0.2;"KG";2.29;11.45;0;0;0;2.29;"8017596108999";"ČOKOLADE"
"NAPOLITANKE VANILIJA 200g";"012133201";"DOLCIANDO";0.2;"KG";1.09;5.45;0;0;0;1.09;"8017596065261";"KEKSI/VAFLI/SNACKS"
".TJESTENINA MEZZE PENNE RIG. 1,5kg";"012134401";"TRE MULINI";1.5;"KG";1.69;1.13;0;0;0;1.69;"8017596064813";"TJESTENINA"
"GIN LONDON DRY 37,5% 700ml";"012140401";"NO BRAND";0.7;"LT";5.62;8.03;0;0;0;5.62;"8009710091201";"JAKA ALKOHOLNA PIĆA"
"ČOKOLADNA JAJA 3KOM 60g";"012144501";"NO BRAND";0.06;"KG";2.19;36.5;0;0;0;2.19;"8004735065329";"ČOKOLADE"
"PIZZA MARGHERITA 3kom 960g";"012145201";"TRE MULINI";0.96;"KG";5.89;6.14;0;0;0;5.89;"8017596001887";"ZAMRZNUTA POLUGOTOVA JELA"
"ŽVAKAĆA G.WHITE MENTA STRONG 70g";"012146301";"NO BRAND";0.07;"KG";1.89;27;0;0;0;1.89;"4009900380324";"SLATKIŠI I BOMBONI"
"ŽVAKAĆE G.WHITE ZELENA MENTA 70g";"012146401";"NO BRAND";0.07;"KG";1.89;27;0;0;0;1.89;"4009900396455";"SLATKIŠI I BOMBONI"
"JUNEĆA SLABINA I LEĐA SK BF";"012168401";"NO BRAND";1;"KG";10.84;10.84;0;0;0;10.84;"";"MESO GOVEĐE"
"BB KREMA ZA LICE 50ml";"012191101";"FIOR DI MAGNOLIA";0.05;"LT";2.64;52.8;0;0;0;2.64;"8017596069870";"KOZMETIKA/NJEGA TIJELA I LICA"
"BB KREMA ZA LICE 50ml";"012191101";"FIOR DI MAGNOLIA";0.05;"LT";2.64;52.8;0;0;0;2.64;"8017596069887";"KOZMETIKA/NJEGA TIJELA I LICA"
"KEKSI PETIT 500g";"012210601";"DOLCIANDO";0.5;"KG";1.29;2.58;0;0;0;1.29;"8017596012319";"KEKSI/VAFLI/SNACKS"
"TELEĆI BUT BK";"012217801";"NO BRAND";1;"KG";18.96;18.96;0;0;0;18.96;"";"MESO TELEĆE"
"PILEĆA PRSA 140g";"012221101";"FRESCHE FETTE";0.14;"KG";2.09;14.93;0;0;0;2.09;"8017596065704";"SALAME SVJEŽE - EGALIZIRANE"
"KREKERI S MASLINOVIM ULJEM 250g";"012227201";"TRE MULINI";0.25;"KG";1.29;5.16;0;0;0;1.29;"8017596066077";"PEKARSKI PROIZVODI"
"BOMBONI MENTA 200g";"012265001";"DOLCIANDO";0.2;"KG";1.69;8.45;0;0;0;1.69;"8017596065421";"SLATKIŠI I BOMBONI"
"BOMBONI ŠUMEĆI DUDICE 300g";"012265401";"DOLCIANDO";0.3;"KG";1.59;5.3;0;0;0;1.59;"8017596066305";"SLATKIŠI I BOMBONI"
"BOMBONI GUMENI MEDVJEDIĆI 300g";"012268601";"DOLCIANDO";0.3;"KG";1.59;5.3;0;0;0;1.59;"8017596066343";"SLATKIŠI I BOMBONI"
"BOMBONI  MLIJEČNE TOFFEE 300g";"012273001";"DOLCIANDO";0.3;"KG";1.49;4.97;0;0;0;1.49;"8017596065872";"SLATKIŠI I BOMBONI"
"PUREĆA PRSA PEČENA 350g";"012297601";"LA BOTTEGA DEL GUSTO";0.35;"KG";3.49;9.97;0;0;0;3.49;"8017596052759";"SALAME SVJEŽE - EGALIZIRANE"
"JUNEĆE KOSTI.";"012306001";"NO BRAND";1;"KG";2.45;2.45;0;0;0;2.45;"";"IZNUTRICE"
"GRAŠAK 3X150g";"012310101";"DELIZIE DAL SOLE";0.42;"KG";2.29;5.45;0;0;0;2.29;"8017596057617";"POVRĆE KONZERVIRANO/SUHO"
"GRAŠAK 3X150g";"012310101";"DELIZIE DAL SOLE";0.42;"KG";2.29;5.45;0;0;0;2.29;"8017596131218";"POVRĆE KONZERVIRANO/SUHO"
"SRED.ZA ČIŠĆ.PODOVA LAVA/BAUQ.1,25l";"012313601";"DEXAL";1.25;"LT";1.59;1.27;0;0;0;1.59;"8017596066619";"SREDSTVA ZA ČIŠĆENJE"
"SRED.ZA ČIŠĆ.PODOVA LAVA/BAUQ.1,25l";"012313601";"DEXAL";1.25;"LT";1.59;1.27;0;0;0;1.59;"8017596066626";"SREDSTVA ZA ČIŠĆENJE"
"ČETKICA ZA ZUBE DJEČAK";"012322301";"NO BRAND";1;"PZ";1.29;1.29;0;0;0;1.29;"8032979437749";"KOZMETIKA/NJEGA TIJELA I LICA"
"ČETKICA ZA ZUBE DJEČAK";"012322301";"NO BRAND";1;"PZ";1.29;1.29;0;0;0;1.29;"8032979438487";"KOZMETIKA/NJEGA TIJELA I LICA"
"ČETKICA ZA ZUBE DJEČAK";"012322301";"NO BRAND";1;"PZ";1.29;1.29;0;0;0;1.29;"0672935940098";"KOZMETIKA/NJEGA TIJELA I LICA"
"ČETKICA ZA ZUBE DJEČAK";"012322301";"NO BRAND";1;"PZ";1.29;1.29;0;0;0;1.29;"8032979433987";"KOZMETIKA/NJEGA TIJELA I LICA"
"ČETKICA ZA ZUBE DJEČAK";"012322301";"NO BRAND";1;"PZ";1.29;1.29;0;0;0;1.29;"8032979434700";"KOZMETIKA/NJEGA TIJELA I LICA"
"ČETKICA ZA ZUBE DJEČAK";"012322301";"NO BRAND";1;"PZ";1.29;1.29;0;0;0;1.29;"0672935920090";"KOZMETIKA/NJEGA TIJELA I LICA"
"ČETKICA ZA ZUBE DJEČAK";"012322301";"NO BRAND";1;"PZ";1.29;1.29;0;0;0;1.29;"8032979436544";"KOZMETIKA/NJEGA TIJELA I LICA"
"ČETKICA ZA ZUBE DJEČAK";"012322301";"NO BRAND";1;"PZ";1.29;1.29;0;0;0;1.29;"0672935840053";"KOZMETIKA/NJEGA TIJELA I LICA"
"ČETKICA ZA ZUBE DJEČAK";"012322301";"NO BRAND";1;"PZ";1.29;1.29;0;0;0;1.29;"8032979436896";"KOZMETIKA/NJEGA TIJELA I LICA"
"ČETKICA ZA ZUBE DJEČAK";"012322301";"NO BRAND";1;"PZ";1.29;1.29;0;0;0;1.29;"8032979439583";"KOZMETIKA/NJEGA TIJELA I LICA"
"ČETKICA ZA ZUBE DJEČAK";"012322301";"NO BRAND";1;"PZ";1.29;1.29;0;0;0;1.29;"8032979438449";"KOZMETIKA/NJEGA TIJELA I LICA"
"ČETKICA ZA ZUBE DJEČAK";"012322301";"NO BRAND";1;"PZ";1.29;1.29;0;0;0;1.29;"8056234641825";"KOZMETIKA/NJEGA TIJELA I LICA"
"ČETKICA ZA ZUBE DJEČAK";"012322301";"NO BRAND";1;"PZ";1.29;1.29;0;0;0;1.29;"8056234640286";"KOZMETIKA/NJEGA TIJELA I LICA"
"ČETKICA ZA ZUBE DJEVOJČICA";"012322401";"NO BRAND";1;"PZ";1.29;1.29;0;0;0;1.29;"8032979438777";"KOZMETIKA/NJEGA TIJELA I LICA"
"ČETKICA ZA ZUBE DJEVOJČICA";"012322401";"NO BRAND";1;"PZ";1.29;1.29;0;0;0;1.29;"0672935790051";"KOZMETIKA/NJEGA TIJELA I LICA"
"ČETKICA ZA ZUBE DJEVOJČICA";"012322401";"NO BRAND";1;"PZ";1.29;1.29;0;0;0;1.29;"0672935590057";"KOZMETIKA/NJEGA TIJELA I LICA"
"ČETKICA ZA ZUBE DJEVOJČICA";"012322401";"NO BRAND";1;"PZ";1.29;1.29;0;0;0;1.29;"8032979430641";"KOZMETIKA/NJEGA TIJELA I LICA"
"ČETKICA ZA ZUBE DJEVOJČICA";"012322401";"NO BRAND";1;"PZ";1.29;1.29;0;0;0;1.29;"8032979432331";"KOZMETIKA/NJEGA TIJELA I LICA"
"ČETKICA ZA ZUBE DJEVOJČICA";"012322401";"NO BRAND";1;"PZ";1.29;1.29;0;0;0;1.29;"8032979436605";"KOZMETIKA/NJEGA TIJELA I LICA"
"ČETKICA ZA ZUBE DJEVOJČICA";"012322401";"NO BRAND";1;"PZ";1.29;1.29;0;0;0;1.29;"0672935350057";"KOZMETIKA/NJEGA TIJELA I LICA"
"ČETKICA ZA ZUBE DJEVOJČICA";"012322401";"NO BRAND";1;"PZ";1.29;1.29;0;0;0;1.29;"8032979439552";"KOZMETIKA/NJEGA TIJELA I LICA"
"ČETKICA ZA ZUBE DJEVOJČICA";"012322401";"NO BRAND";1;"PZ";1.29;1.29;0;0;0;1.29;"8032979439958";"KOZMETIKA/NJEGA TIJELA I LICA"
"ČETKICA ZA ZUBE DJEVOJČICA";"012322401";"NO BRAND";1;"PZ";1.29;1.29;0;0;0;1.29;"8056234641146";"KOZMETIKA/NJEGA TIJELA I LICA"
"ČETKICA ZA ZUBE DJEVOJČICA";"012322401";"NO BRAND";1;"PZ";1.29;1.29;0;0;0;1.29;"8056234640286";"KOZMETIKA/NJEGA TIJELA I LICA"
"PILING ZA TIJELO S MORS.SOLI 600ml";"012327901";"FIOR DI MAGNOLIA";0.6;"KG";3.49;5.82;0;0;0;3.49;"8017596076854";"KOZMETIKA/NJEGA TIJELA I LICA"
"JUNEĆE MESO 80/20";"012337101";"NO BRAND";1;"KG";10.24;10.24;0;0;0;10.24;"";"MESO GOVEĐE"
"KEKS S ČOKOLADOM 10 kom 250g";"012337301";"DOLCIANDO";0.25;"KG";2.69;10.76;0;0;0;2.69;"8017596065377";"KEKSI/VAFLI/SNACKS"
"SPUŽVICE KUĆANSTVO ABRAZIVNE 6kom";"012338701";"SISTEMA CASA";1;"PZ";0.95;0.95;0.65;0.65;0.95;0.95;"8017596064851";"PROIZVODI ZA UREĐENJE DOMA"
"ŽITARICE CHOCO BALLS 500g";"012380001";"TRE MULINI";0.5;"KG";2.29;4.58;0;0;0;2.29;"8017596057747";"DORUČAK - PAHULJICE/NAMAZI/MED"
"VINO CASTELLI ROM. DOC ROSE 1500ml";"012383201";"NO BRAND";1.5;"LT";3.42;2.28;0;0;0;3.42;"8003295008180";"VINA"
"VINO CASTELLI ROM. DOC ROSE 1500ml";"012383201";"NO BRAND";1.5;"LT";3.42;2.28;0;0;0;3.42;"8004300356814";"VINA"
"VINO CASTELLI ROM. DOC ROSE 1500ml";"012383201";"NO BRAND";1.5;"LT";3.42;2.28;0;0;0;3.42;"8000128095157";"VINA"
"ŠUNKA PEČENA PUREĆA 100g";"012384101";"LA BOTTEGA DEL GUSTO";0.1;"KG";1.19;11.9;0;0;0;1.19;"8017596066503";"SALAME SVJEŽE - EGALIZIRANE"
"VINO FRAGOLINO 750ml";"012407301";"NO BRAND";0.75;"LT";2.42;3.23;0;0;0;2.42;"8003295009293";"VINA"
"VINO FRAGOLINO 750ml";"012407301";"NO BRAND";0.75;"LT";2.42;3.23;0;0;0;2.42;"8008920001963";"VINA"
"VINO FRAGOLINO 750ml";"012407301";"NO BRAND";0.75;"LT";2.42;3.23;0;0;0;2.42;"8008920002007";"VINA"
"VIŠENAMJENSKE KRPE ZA ČIŠĆENJE 5kom";"012411401";"SISTEMA CASA";1;"PZ";1.99;1.99;0;0;0;1.99;"8017596066442";"PROIZVODI ZA UREĐENJE DOMA"
"SRED.ZA IZBJELJIVANJE S MIRISOM 2l";"012416901";"DEXAL";2;"LT";1.09;0.55;0;0;0;1.09;"8017596005076";"SRED. ZA PRANJE RUBLJA/POSUĐA"
"SLANINA ZA PEČENJE 150g";"012425201";"LA BOTTEGA DEL GUSTO";0.15;"KG";1.86;12.4;0;0;0;1.86;"8017596066398";"SALAME SVJEŽE - EGALIZIRANE"
"MED CVJETNI SQUEEZER 400g";"012426901";"DOLCIANDO";0.4;"KG";2.99;7.48;2.29;5.73;2.99;2.99;"8017596066824";"DORUČAK - PAHULJICE/NAMAZI/MED"
"SRED.ČIŠĆ.VIŠENAMJENSKO MIRIS.750ml";"012435401";"DEXAL";0.75;"LT";1.79;2.39;1.19;1.59;1.79;1.79;"8017596015099";"SREDSTVA ZA ČIŠĆENJE"
"SRED.ČIŠĆ.VIŠENAMJENSKO MIRIS.750ml";"012435401";"DEXAL";0.75;"LT";1.79;2.39;1.19;1.59;1.79;1.79;"8017596075161";"SREDSTVA ZA ČIŠĆENJE"
"NAPITAK OD RIŽE BIO 1l";"012449201";"AMO ESSERE BIO";1;"LT";1.15;1.15;0;0;0;1.15;"8017596066701";"BEZALKOHOLNA PIĆA"
"NAPITAK OD RIŽE BIO 1l";"012449201";"AMO ESSERE BIO";1;"LT";1.15;1.15;0;0;0;1.15;"8017596100122";"BEZALKOHOLNA PIĆA"
"TELEĆA SLABINA I LEDA SK BF";"012452001";"NO BRAND";1;"KG";17.28;17.28;0;0;0;17.28;"";"MESO TELEĆE"
"KEKS ČOKOLADNI ŠTAPIĆI 150g";"012471302";"DOLCIANDO";0.15;"KG";1.59;10.6;0;0;0;1.49;"8017596006516";"KEKSI/VAFLI/SNACKS"
"SREDSTVO ZA KUPAONICU SPREJ 750ml";"012478401";"DEXAL";0.75;"LT";1.79;2.39;0;0;0;1.79;"8017596008978";"SREDSTVA ZA ČIŠĆENJE"
"KREMA ZA RUKE BRZO UPIJANJE 125ml";"012486801";"FIOR DI MAGNOLIA";0.125;"LT";1.39;11.12;0;0;0;1.39;"8017596067548";"KOZMETIKA/NJEGA TIJELA I LICA"
"PRIPRAVAK ZA PAELLU 160g";"012500601";"TRE MULINI";0.16;"KG";1.79;11.19;0;0;0;1.79;"8017596066787";"JUHE/DEHIDRIRANI PROIZVODI"
"*CACIOTTA KRAVLJI SIR CHILI PAPRIKA";"012503701";"NO BRAND";1;"KG";22.9;22.9;0;0;0;22.9;"";"DELIKATESA - SIREVI"
"*CACIOTTA KRAVLJI SIR S MASLINAMA";"012503801";"NO BRAND";1;"KG";22.9;22.9;0;0;0;22.9;"";"DELIKATESA - SIREVI"
"PRŠUT 9 MJ. 100g";"012510001";"LA BOTTEGA DEL GUSTO";0.1;"KG";2.45;24.5;0;0;0;2.45;"8017596007148";"SALAME SVJEŽE - EGALIZIRANE"
"PRŠUT 11 MJ. 100g";"012510101";"FRESCHE FETTE";0.1;"KG";2.59;25.9;0;0;0;2.69;"8017596052964";"SALAME SVJEŽE - EGALIZIRANE"
"SLADOLED KORNET ČOKOLADA 6KOM 450g";"012510201";"DOLCIANDO";0.45;"KG";3.29;7.31;0;0;0;3.29;"8017596043696";"SLADOLEDI I DESERTI"
"RAJČICA PELATI 800g";"012512501";"DELIZIE DAL SOLE";0.5;"KG";1.55;3.1;0;0;0;1.55;"8017596010247";"RAJČICA/DODACI"
"SREDSTVO PROTIV KAMENCA SPREJ 750ml";"012523201";"DEXAL";0.75;"LT";1.99;2.65;0;0;0;1.99;"8017596061911";"SREDSTVA ZA ČIŠĆENJE"
"*MARINIRANO PEČENO PILE 1000g";"012533001";"NO BRAND";0.65;"KG";4.64;7.14;0;0;0;4.64;"";"DELIKATESA - GOTOVA JELA"
"DET.ZA UKLA.NEUG.MIRISA 1,98l 30P";"012554601";"DEXAL";1.98;"LT";3.99;2.02;0;0;0;3.99;"8017596064684";"SRED. ZA PRANJE RUBLJA/POSUĐA"
"SIR PROVOLONE SLATKI 300g";"012622001";"LAND";0.3;"KG";3.99;13.3;0;0;0;3.99;"8017596067074";"MLIJEČNI PROIZ. SVJEŽI - EGAL."
"SIR PROVOLONE PIKANTNI 300g";"012622002";"LAND";0.3;"KG";3.99;13.3;0;0;0;3.99;"8017596067081";"MLIJEČNI PROIZ. SVJEŽI - EGAL."
".TEKUĆI DETERDŽENT SUPERBIANCO 5l";"012634601";"DEXAL";5;"LT";4.99;1;0;0;0;4.99;"8017596067661";"SRED. ZA PRANJE RUBLJA/POSUĐA"
"SL.KORN.MINI ŠLAG I ČOK. 12KOM 225g";"012634701";"DOLCIANDO";0.225;"KG";2.99;13.29;0;0;0;2.99;"8017596043757";"SLADOLEDI I DESERTI"
"ZUBNA PASTA ZA DJEVOJČICE 75ml";"012643601";"NO BRAND";0.075;"LT";1.49;19.87;0;0;0;1.49;"8032979438463";"KOZMETIKA/NJEGA TIJELA I LICA"
"ZUBNA PASTA ZA DJEVOJČICE 75ml";"012643601";"NO BRAND";0.075;"LT";1.49;19.87;0;0;0;1.49;"8032979438753";"KOZMETIKA/NJEGA TIJELA I LICA"
"ZUBNA PASTA ZA DJEVOJČICE 75ml";"012643601";"NO BRAND";0.075;"LT";1.49;19.87;0;0;0;1.49;"5010994819682";"KOZMETIKA/NJEGA TIJELA I LICA"
"ZUBNA PASTA ZA DJEVOJČICE 75ml";"012643601";"NO BRAND";0.075;"LT";1.49;19.87;0;0;0;1.49;"8032979436667";"KOZMETIKA/NJEGA TIJELA I LICA"
"ZUBNA PASTA ZA DJEČAKE 75ml";"012643701";"NO BRAND";0.075;"LT";1.49;19.87;0;0;0;1.49;"8032979438463";"KOZMETIKA/NJEGA TIJELA I LICA"
"ZUBNA PASTA ZA DJEČAKE 75ml";"012643701";"NO BRAND";0.075;"LT";1.49;19.87;0;0;0;1.49;"8032979437657";"KOZMETIKA/NJEGA TIJELA I LICA"
"ZUBNA PASTA ZA DJEČAKE 75ml";"012643701";"NO BRAND";0.075;"LT";1.49;19.87;0;0;0;1.49;"8032979432621";"KOZMETIKA/NJEGA TIJELA I LICA"
"ZUBNA PASTA ZA DJEČAKE 75ml";"012643701";"NO BRAND";0.075;"LT";1.49;19.87;0;0;0;1.49;"2032979432627";"KOZMETIKA/NJEGA TIJELA I LICA"
"ZUBNA PASTA ZA DJEČAKE 75ml";"012643701";"NO BRAND";0.075;"LT";1.49;19.87;0;0;0;1.49;"8032979432027";"KOZMETIKA/NJEGA TIJELA I LICA"
"ZUBNA PASTA ZA DJEČAKE 75ml";"012643701";"NO BRAND";0.075;"LT";1.49;19.87;0;0;0;1.49;"0672935640066";"KOZMETIKA/NJEGA TIJELA I LICA"
"ZUBNA PASTA ZA DJEČAKE 75ml";"012643701";"NO BRAND";0.075;"LT";1.49;19.87;0;0;0;1.49;"8032979434403";"KOZMETIKA/NJEGA TIJELA I LICA"
"ZUBNA PASTA ZA DJEČAKE 75ml";"012643701";"NO BRAND";0.075;"LT";1.49;19.87;0;0;0;1.49;"8032979436421";"KOZMETIKA/NJEGA TIJELA I LICA"
"ZUBNA PASTA ZA DJEČAKE 75ml";"012643701";"NO BRAND";0.075;"LT";1.49;19.87;0;0;0;1.49;"8032979434069";"KOZMETIKA/NJEGA TIJELA I LICA"
"ZUBNA PASTA ZA DJEČAKE 75ml";"012643701";"NO BRAND";0.075;"LT";1.49;19.87;0;0;0;1.49;"8032979435967";"KOZMETIKA/NJEGA TIJELA I LICA"
"ZUBNA PASTA ZA DJEČAKE 75ml";"012643701";"NO BRAND";0.075;"LT";1.49;19.87;0;0;0;1.49;"8032979439637";"KOZMETIKA/NJEGA TIJELA I LICA"
"ŠLAG U SPREJU 250ml";"012644301";"LAND";0.25;"KG";2.29;9.16;0;0;0;2.29;"8017596013859";"MLIJEČNI PROIZVODI UHT - JAJA"
"OSVJEŽIVAČ GEL VIŠE VRSTA 150g";"012660101";"SISTEMA CASA";0.15;"KG";0.99;6.6;0.69;4.6;0.99;0.99;"8017596053732";"INSEKTICIDI/SVIJEĆE/OSVJEŽIVAČ"
"OSVJEŽIVAČ GEL VIŠE VRSTA 150g";"012660101";"SISTEMA CASA";0.15;"KG";0.99;6.6;0.69;4.6;0.99;0.99;"8017596053749";"INSEKTICIDI/SVIJEĆE/OSVJEŽIVAČ"
"OSVJEŽIVAČ GEL VIŠE VRSTA 150g";"012660101";"SISTEMA CASA";0.15;"KG";0.99;6.6;0.69;4.6;0.99;0.99;"8017596053725";"INSEKTICIDI/SVIJEĆE/OSVJEŽIVAČ"
"OSVJEŽIVAČ GEL VIŠE VRSTA 150g";"012660101";"SISTEMA CASA";0.15;"KG";0.99;6.6;0.69;4.6;0.99;0.99;"8017596053770";"INSEKTICIDI/SVIJEĆE/OSVJEŽIVAČ"
"OSVJEŽIVAČ GEL VIŠE VRSTA 150g";"012660101";"SISTEMA CASA";0.15;"KG";0.99;6.6;0.69;4.6;0.99;0.99;"80849001";"INSEKTICIDI/SVIJEĆE/OSVJEŽIVAČ"
"OSVJEŽIVAČ GEL VIŠE VRSTA 150g";"012660101";"SISTEMA CASA";0.15;"KG";0.99;6.6;0.69;4.6;0.99;0.99;"80792802";"INSEKTICIDI/SVIJEĆE/OSVJEŽIVAČ"
"OSVJEŽIVAČ GEL VIŠE VRSTA 150g";"012660101";"SISTEMA CASA";0.15;"KG";0.99;6.6;0.69;4.6;0.99;0.99;"80784302";"INSEKTICIDI/SVIJEĆE/OSVJEŽIVAČ"
"OSVJEŽIVAČ GEL VIŠE VRSTA 150g";"012660101";"SISTEMA CASA";0.15;"KG";0.99;6.6;0.69;4.6;0.99;0.99;"80766193";"INSEKTICIDI/SVIJEĆE/OSVJEŽIVAČ"
"KREMA ZA RUKE SUHA KOŽA 100ml";"012664801";"FIOR DI MAGNOLIA";0.1;"LT";1.49;14.9;0;0;0;1.49;"8017596067654";"KOZMETIKA/NJEGA TIJELA I LICA"
"KRUH ZA SENDVIČE AMERICAN 750g";"012671901";"TRE MULINI";0.75;"KG";1.69;2.25;0;0;0;1.69;"8017596062253";"PEKARSKI PROIZVODI"
"HUGO WHY NOT 750ml";"012675301";"NO BRAND";0.75;"LT";2.79;3.72;0;0;0;2.79;"8003295008685";"VINA"
"KROKETI PREMIUM STERIL.MAČ.800g";"012678901";"RADAMES";0.8;"KG";2.69;3.36;0;0;0;2.99;"8011789891712";"HRANA ZA KUĆNE LJUBIMCE"
"KROKETI PREMIUM STERIL.MAČ.800g";"012678901";"RADAMES";0.8;"KG";2.69;3.36;0;0;0;2.99;"8017596077851";"HRANA ZA KUĆNE LJUBIMCE"
"SIRNI NAMAZ BEZ LAKTOZE 175g";"012744801";"AMO ESSERE SENZA LATTOSIO";0.175;"KG";1.59;9.09;0;0;0;1.59;"8017596070852";"MLIJEČNI PROIZ. SVJEŽI - EGAL."
".OMEKŠIVAČ ZA RUBLJE JASMIN 5l";"012777301";"DEXAL";5;"LT";2.69;0.54;0;0;0;2.69;"8017596068576";"SRED. ZA PRANJE RUBLJA/POSUĐA"
"RAJČICA PELAT 400g";"012788401";"DELIZIE DAL SOLE";0.25;"KG";0.79;3.16;0;0;0;0.79;"8017596005434";"RAJČICA/DODACI"
"KROKETI ZA PSE PREMIUM S 1,5kg";"012793101";"RADAMES";1.5;"KG";2.99;1.99;0;0;0;2.99;"8017596114037";"HRANA ZA KUĆNE LJUBIMCE"
"KROKETI ZA PSE PREMIUM S 1,5kg";"012793101";"RADAMES";1.5;"KG";2.99;1.99;0;0;0;2.99;"8001541003453";"HRANA ZA KUĆNE LJUBIMCE"
"KROKETI ZA PSE PREMIUM S 1,5kg";"012793101";"RADAMES";1.5;"KG";2.99;1.99;0;0;0;2.99;"8017596077844";"HRANA ZA KUĆNE LJUBIMCE"
"FILETI DIVLJI LOSOS 250g";"012810601";"ONDINA";0.25;"KG";5.29;21.16;0;0;0;5.29;"8017596040275";"ZAMRZNUTA RIBA/MORSKI PLODOVI"
"PRIPRAVAK PANNA COTTA 95g";"012814301";"DOLCIANDO";0.095;"KG";0.99;10.42;0;0;0;0.99;"8017596068606";"KAKAO/DOD. ZA KOLAČE/PREHRANU"
"PRIPRAVAK KREMA KARAMELA 2kom 190g";"012814401";"DOLCIANDO";0.19;"KG";1.39;7.32;0;0;0;1.39;"8017596013408";"KAKAO/DOD. ZA KOLAČE/PREHRANU"
"PRALINE CREMINI LJEŠ.KAVA.VAN 230g";"012824801";"DOLCIANDO";0.23;"KG";3.99;17.35;0;0;0;3.99;"8017596069658";"ČOKOLADE"
"ČOK.BOMBONI GIANDUIOTTI 180g";"012829501";"DOLCIANDO";0.18;"KG";2.99;16.61;0;0;0;2.99;"8017596014351";"ČOKOLADE"
"PRALINE ČOKOLADNE S KARAMELOM 100g";"012829901";"DOLCIANDO";0.1;"KG";1.39;13.9;0;0;0;1.39;"8008743019268";"ČOKOLADE"
"PRALINE ČOKOLADNE S KARAMELOM 100g";"012829901";"DOLCIANDO";0.1;"KG";1.39;13.9;0;0;0;1.39;"8017596104724";"ČOKOLADE"
"PRIPRAVAK ZA TORTU MARGHERITA 440g";"012843701";"DOLCIANDO";0.44;"KG";1.49;3.39;0;0;0;1.49;"8017596069054";"KAKAO/DOD. ZA KOLAČE/PREHRANU"
"CVJETAČA 600g";"012843901";"DELIZIE DAL SOLE";0.6;"KG";1.59;2.65;0;0;0;1.59;"8017596042279";"ZAMRZNUTO POVRĆE"
"FILETI LOSOSA NATURALE 150g";"012844401";"ONDINA";0.1;"KG";3.98;39.8;0;0;0;3.98;"8017596067630";"RIBLJE KONZERVE"
".MLIJEKO TRAJNO 1,5% m.m. 6x1l";"012854901";"LAND";6;"LT";4.62;0.77;0;0;0;3.99;"8017596070180";"MLIJEČNI PROIZVODI UHT - JAJA"
".MLIJEKO TRAJNO 1,5% m.m. 6x1l";"012854901";"LAND";6;"LT";4.62;0.77;0;0;0;3.99;"8017596131812";"MLIJEČNI PROIZVODI UHT - JAJA"
"SIR FETA GRČKI 200g";"012858801";"LAND";0.2;"KG";3.29;16.45;0;0;0;3.29;"5201301120304";"MLIJEČNI PROIZ. SVJEŽI - EGAL."
"SIR FETA GRČKI 200g";"012858801";"LAND";0.2;"KG";3.29;16.45;0;0;0;3.29;"8017596075895";"MLIJEČNI PROIZ. SVJEŽI - EGAL."
"PRALINE ČOKOLADNE CUORE 200g";"012866701";"DOLCIANDO";0.2;"KG";2.69;13.45;0;0;0;2.69;"8017596068125";"ČOKOLADE"
"WC GEL ZA IZBJELJIVANJE BIKARBON.1l";"012869501";"DEXAL";1;"LT";1.59;1.59;0;0;0;1.59;"8017596068651";"SREDSTVA ZA ČIŠĆENJE"
"GEL ZA KOSU BAMBUS/KAKTUS 200ml";"012870401";"NEAR YOUR XXX";0.2;"LT";1.79;8.95;0;0;0;1.79;"8017596068699";"NJEGA KOSE/BRADE"
"GEL ZA KOSU BAMBUS/KAKTUS 200ml";"012870401";"NEAR YOUR XXX";0.2;"LT";1.79;8.95;0;0;0;1.79;"8017596068705";"NJEGA KOSE/BRADE"
"NAPOLITANKE S LJEŠNJAKOM 5 kom 240g";"012909601";"DOLCIANDO";0.24;"KG";1.39;5.79;0;0;0;1.39;"8017596068675";"KEKSI/VAFLI/SNACKS"
"PJEN.VINO PRINCE CASTELLBRUT 750ml";"012914501";"NO BRAND";0.75;"LT";2.89;3.85;0;0;0;2.89;"80418382";"PJENUŠCI"
".PAP.RUČ.MAXI BOB 2S, 800L, 2R";"012919901";"SOFT DREAM";1;"PZ";6.99;6.99;0;0;0;6.99;"8017596076588";"PAPIRNATI PROIZVODI"
"DETERDŽ.POSUĐE ACETO/LIMON.1,250l";"012931801";"DEXAL";1.25;"LT";1.59;1.27;0;0;0;1.59;"8017596051592";"SRED. ZA PRANJE RUBLJA/POSUĐA"
"DETERDŽ.POSUĐE ACETO/LIMON.1,250l";"012931801";"DEXAL";1.25;"LT";1.59;1.27;0;0;0;1.59;"8017596051608";"SRED. ZA PRANJE RUBLJA/POSUĐA"
"LJEŠNJAK JEZGRA 100g";"012932301";"MISTER SIBAMBA";0.1;"KG";1.49;14.9;0;0;0;1.49;"8017596002716";"VOĆE SUHO/ORAŠASTO"
"LJEŠNJAK JEZGRA 100g";"012932301";"MISTER SIBAMBA";0.1;"KG";1.49;14.9;0;0;0;1.49;"8005750000791";"VOĆE SUHO/ORAŠASTO"
"BADEM OGULJENI 100g";"012932601";"MISTER SIBAMBA";0.1;"KG";1.69;16.9;0;0;0;1.69;"8017596012463";"VOĆE SUHO/ORAŠASTO"
"KIŠOBRAN MALI ALUMINIJSKI";"012940201";"ES BASIC";1;"PZ";3.98;3.98;0;0;0;3.98;"8017596070845";"SEZONSKI PROIZVODI"
"PRIPRAVAK ZA TORTE 380g";"012944401";"DOLCIANDO";0.38;"KG";1.19;3.13;0;0;0;1.19;"8017596013422";"KAKAO/DOD. ZA KOLAČE/PREHRANU"
"GEL PERIL. POSUĐA VIŠENAM. 1l 40P";"012946701";"DEXAL";1;"LT";4.29;4.29;0;0;0;4.29;"8017596068736";"SRED. ZA PRANJE RUBLJA/POSUĐA"
"DEPIL.TRAKE ZA LICE 20KOM + 4 MARAM";"012949601";"FIOR DI MAGNOLIA";1;"PZ";1.29;1.29;0;0;0;1.29;"8017596069177";"KOZMETIKA/NJEGA TIJELA I LICA"
"SVINJSKI VRAT BK PAK VP";"012951501";"NO BRAND";1;"KG";6.99;6.99;0;0;0;6.99;"";"MESO PRERAĐENO SIROVO"
"MASLAC 10x10g";"012952801";"LAND";0.1;"KG";1.49;14.9;0;0;0;1.49;"8001605015217";"MLIJEČNI PROIZ. SVJEŽI - EGAL."
"MASLAC 10x10g";"012952801";"LAND";0.1;"KG";1.49;14.9;0;0;0;1.49;"8017596074508";"MLIJEČNI PROIZ. SVJEŽI - EGAL."
"DEPIL.TRAKE TIJELO 30KOM + 4 MARAM";"012972501";"FIOR DI MAGNOLIA";1;"PZ";2.65;2.65;0;0;0;2.65;"8017596069184";"KOZMETIKA/NJEGA TIJELA I LICA"
"MARELICE SUHE BEZ KOŠTICE 200g";"012976501";"MISTER SIBAMBA";0.2;"KG";2.49;12.45;0;0;0;2.49;"8017596070203";"VOĆE SUHO"
"PAPIR ZA PEČENJE 20m";"012990001";"SISTEMA CASA";1;"PZ";1.89;1.89;0;0;0;1.89;"8017596069955";"JEDNOKR. PRIBOR/VREĆE ZA SMEĆE"
"PRŠUT PARMA DOP 100g";"012990601";"NO BRAND";0.1;"KG";3.49;34.9;0;0;0;3.49;"8023918011014";"SALAME SVJEŽE - EGALIZIRANE"
"PRŠUT PARMA DOP 100g";"012990601";"NO BRAND";0.1;"KG";3.49;34.9;0;0;0;3.49;"8018397141017";"SALAME SVJEŽE - EGALIZIRANE"
"MIX SUHO VOĆE 150g";"012993501";"MISTER SIBAMBA";0.15;"KG";1.99;13.27;0;0;0;1.99;"8017596108609";"VOĆE SUHO/ORAŠASTO"
"MIX SUHO VOĆE 150g";"012993501";"MISTER SIBAMBA";0.15;"KG";1.99;13.27;0;0;0;1.99;"8028618003208";"VOĆE SUHO/ORAŠASTO"
"KUKURUZNI ŠKROB 250g";"012994101";"TRE MULINI";0.25;"KG";0.99;3.96;0;0;0;0.99;"8017596069030";"KAKAO/DOD. ZA KOLAČE/PREHRANU"
"ČOK.FIGURICE U MREŽICI 100g";"013008401";"DOLCIANDO";0.1;"KG";1.39;13.9;0;0;0;1.39;"8008743038672";"ČOKOLADE"
"ČOK.FIGURICE U MREŽICI 100g";"013008401";"DOLCIANDO";0.1;"KG";1.39;13.9;0;0;0;1.39;"8008743038689";"ČOKOLADE"
"ČOK.FIGURICE U MREŽICI 100g";"013008401";"DOLCIANDO";0.1;"KG";1.39;13.9;0;0;0;1.39;"8008743037873";"ČOKOLADE"
"ČOK.FIGURICE U MREŽICI 100g";"013008401";"DOLCIANDO";0.1;"KG";1.39;13.9;0;0;0;1.39;"8008743037125";"ČOKOLADE"
"ČOK.FIGURICE U MREŽICI 100g";"013008401";"DOLCIANDO";0.1;"KG";1.39;13.9;0;0;0;1.39;"8008743036609";"ČOKOLADE"
"ČOK.FIGURICE U MREŽICI 100g";"013008401";"DOLCIANDO";0.1;"KG";1.39;13.9;0;0;0;1.39;"8017596112606";"ČOKOLADE"
"ČOK.FIGURICE U MREŽICI 100g";"013008401";"DOLCIANDO";0.1;"KG";1.39;13.9;0;0;0;1.39;"8017596112590";"ČOKOLADE"
"ČOK.JAJA MLIJEČNO PUNJENJE 200g";"013009001";"DOLCIANDO";0.2;"KG";1.99;9.95;0;0;0;1.99;"8017596006943";"ČOKOLADE"
"ČOK. JAJA S KREM. OD LJEŠNJAKA 200g";"013009101";"DOLCIANDO";0.2;"KG";1.99;9.95;0;0;0;1.99;"8017596006950";"ČOKOLADE"
"ULJE ZA KOSU 2 VRSTE 100ml";"013020301";"COLOR LOOK";0.1;"LT";3.98;39.8;0;0;0;3.98;"8017596109538";"NJEGA KOSE/BRADE"
"ULJE ZA KOSU 2 VRSTE 100ml";"013020301";"COLOR LOOK";0.1;"LT";3.98;39.8;0;0;0;3.98;"8017596069153";"NJEGA KOSE/BRADE"
"ULJE ZA KOSU 2 VRSTE 100ml";"013020301";"COLOR LOOK";0.1;"LT";3.98;39.8;0;0;0;3.98;"8017596069160";"NJEGA KOSE/BRADE"
"ULJE ZA KOSU 2 VRSTE 100ml";"013020301";"COLOR LOOK";0.1;"LT";3.98;39.8;0;0;0;3.98;"8017596102256";"NJEGA KOSE/BRADE"
"ULJE ZA KOSU 2 VRSTE 100ml";"013020301";"COLOR LOOK";0.1;"LT";3.98;39.8;0;0;0;3.98;"8017596102263";"NJEGA KOSE/BRADE"
"ČOKOLADA 3 VRSTE 200g";"013037701";"DOLCIANDO";0.2;"KG";2.89;14.45;0;0;0;2.89;"8017596069450";"ČOKOLADE"
"ČOKOLADA 3 VRSTE 200g";"013037701";"DOLCIANDO";0.2;"KG";2.89;14.45;0;0;0;2.89;"8017596062130";"ČOKOLADE"
"ČOKOLADA 3 VRSTE 200g";"013037701";"DOLCIANDO";0.2;"KG";2.89;14.45;0;0;0;2.89;"8017596069443";"ČOKOLADE"
"TJESTENINA SPAGHETTI P.P. 1kg";"013048601";"NO BRAND";1;"KG";1.39;1.39;0;0;0;1.39;"8017596072030";"TJESTENINA"
"TJESTENINA PENNE RIGATE P.P. 1kg";"013048701";"NO BRAND";1;"KG";1.39;1.39;0;0;0;1.39;"8017596072047";"TJESTENINA"
"RIŽA INTEGRALNA PARBOILED 1kg";"013049101";"DELIZIE DAL SOLE";1;"KG";2.49;2.49;0;0;0;2.49;"8017596070340";"RIŽA"
"GEL ZA ČIŠČENJE/PILING LICA 150ml";"013050201";"FIOR DI MAGNOLIA";0.15;"LT";1.85;12.33;0;0;0;1.85;"8017596069238";"KOZMETIKA/NJEGA TIJELA I LICA"
"GEL ZA ČIŠČENJE/PILING LICA 150ml";"013050201";"FIOR DI MAGNOLIA";0.15;"LT";1.85;12.33;0;0;0;1.85;"8017596069221";"KOZMETIKA/NJEGA TIJELA I LICA"
".KOLAČ COLOMBINA 100g";"013058301";"DM DUCA MOSCATI";0.1;"KG";1.59;15.9;0.99;9.9;1.29;1.59;"8017596103475";"PROIZVODI BOŽIĆ/USKRS"
"VOĆNI NAMAZ BIO BOROVNICA 240g";"013058801";"AMO ESSERE BIO";0.24;"KG";2.39;9.96;0;0;0;2.39;"80768913";"DORUČAK - PAHULJICE/NAMAZI/MED"
"VOĆNI NAMAZ BIO BOROVNICA 240g";"013058801";"AMO ESSERE BIO";0.24;"KG";2.39;9.96;0;0;0;2.39;"24101417";"DORUČAK - PAHULJICE/NAMAZI/MED"
"VOĆNI NAMAZ BIO GORKA NARANČA 250g";"013058901";"AMO ESSERE BIO";0.25;"KG";2.39;9.56;0;0;0;2.39;"80818489";"DORUČAK - PAHULJICE/NAMAZI/MED"
"VOĆNI NAMAZ BIO GORKA NARANČA 250g";"013058901";"AMO ESSERE BIO";0.25;"KG";2.39;9.56;0;0;0;2.39;"24101400";"DORUČAK - PAHULJICE/NAMAZI/MED"
"CROISSANT DUO 10 kom 500g";"013069001";"DOLCIANDO";0.5;"KG";2.89;5.78;0;0;0;2.89;"8017596011817";"BISKVIT PROIZVODI/KROASAN"
"KRAFNE 8KOM 300g";"013089101";"DOLCIANDO";0.3;"KG";2.19;7.3;0;0;0;2.19;"8017596070463";"BISKVIT PROIZVODI/KROASAN"
"LOSOS DIMLJENI NORVEŠKI 150g";"013089501";"NO BRAND";0.15;"KG";5.29;35.27;0;0;0;5.29;"5902627493423";"GOTOVA RIBLJA JELA"
"LOSOS DIMLJENI NORVEŠKI 150g";"013089501";"NO BRAND";0.15;"KG";5.29;35.27;0;0;0;5.29;"8019138521433";"GOTOVA RIBLJA JELA"
"LOSOS DIMLJENI NORVEŠKI 150g";"013089501";"NO BRAND";0.15;"KG";5.29;35.27;0;0;0;5.29;"8019138521419";"GOTOVA RIBLJA JELA"
"LOSOS DIMLJENI NORVEŠKI 150g";"013089501";"NO BRAND";0.15;"KG";5.29;35.27;0;0;0;5.29;"4770190119849";"GOTOVA RIBLJA JELA"
"LOSOS DIMLJENI NORVEŠKI 150g";"013089501";"NO BRAND";0.15;"KG";5.29;35.27;0;0;0;5.29;"4770190125390";"GOTOVA RIBLJA JELA"
"LOSOS DIMLJENI NORVEŠKI 150g";"013089501";"NO BRAND";0.15;"KG";5.29;35.27;0;0;0;5.29;"8019138522430";"GOTOVA RIBLJA JELA"
"LOSOS DIMLJENI NORVEŠKI 150g";"013089501";"NO BRAND";0.15;"KG";5.29;35.27;0;0;0;5.29;"8019138524434";"GOTOVA RIBLJA JELA"
".GRAH CANNELLINI 400gx6 kom";"013094901";"DELIZIE DAL SOLE";1.44;"KG";2.99;2.08;0;0;0;2.99;"8017596072023";"POVRĆE KONZERVIRANO/SUHO"
"TABL.PERIL.POSUĐA LIMUN 720g40kom";"013097001";"DEXAL";0.72;"KG";3.99;5.54;0;0;0;3.99;"8017596068712";"SRED. ZA PRANJE RUBLJA/POSUĐA"
"ŽVAKAĆA G. JAGODA 60kom84g";"013098901";"NO BRAND";0.084;"KG";2.29;27.26;0;0;0;2.29;"4009900483346";"SLATKIŠI I BOMBONI"
"ŽVAKAĆA G. JAGODA 60kom84g";"013098901";"NO BRAND";0.084;"KG";2.29;27.26;0;0;0;2.29;"4009900483360";"SLATKIŠI I BOMBONI"
"PESTO OD  PISTACIJA 190g";"013107203";"DELIZIE DAL SOLE";0.19;"KG";2.99;15.74;0;0;0;2.99;"8017596133632";"RAJČICA/DODACI"
"VOĆNA KAŠA JABUKA I BANANA 100g";"013122401";"PUERTOSOL";0.1;"KG";0.79;7.9;0.59;5.9;0.55;0.79;"8017596030740";"VOĆE V GAMMA"
"VOĆNA KAŠA JABUKA 100g";"013122501";"PUERTOSOL";0.1;"KG";0.79;7.9;0.59;5.9;0.79;0.79;"8017596030696";"VOĆE V GAMMA"
"VOĆNA KAŠA KRUŠKA 100g";"013122601";"PUERTOSOL";0.1;"KG";0.79;7.9;0;0;0;0.79;"8017596030719";"VOĆE V GAMMA"
"VOĆNA KAŠA JABUKA I BRESKVA 100g";"013122701";"PUERTOSOL";0.1;"KG";0.79;7.9;0;0;0;0.79;"8017596030733";"VOĆE V GAMMA"
"VOĆNA KAŠA JABUKA I ŠLJIVA 100g";"013122801";"PUERTOSOL";0.1;"KG";0.79;7.9;0;0;0;0.79;"8017596030702";"VOĆE V GAMMA"
"VOĆNA KAŠA JABUKA I BOROVNICA 100g";"013122901";"PUERTOSOL";0.1;"KG";0.79;7.9;0.55;5.5;0.79;0.79;"8017596030726";"VOĆE V GAMMA"
"ULJE ZA SUNČANJE BRONZE SPF6 150ml";"013125201";"NEAR YOUR XXX";0.15;"LT";3.49;23.27;0;0;0;3.49;"8017596111968";"KOZMETIKA/NJEGA TIJELA I LICA"
"ULJE ZA SUNČANJE BRONZE SPF6 150ml";"013125201";"NEAR YOUR XXX";0.15;"LT";3.49;23.27;0;0;0;3.49;"8017596071149";"KOZMETIKA/NJEGA TIJELA I LICA"
"KREMA ZA SUNČA. DJEČJA SPF50+ 150ml";"013128101";"NEAR YOUR XXX";0.15;"LT";5.19;34.6;0;0;0;5.19;"8017596071132";"KOZMETIKA/NJEGA TIJELA I LICA"
"EXPO INSEKTICIDI";"013136501";"NO BRAND";1;"PZ";75;75;0;0;0;75;"";"INSEKTICIDI/SVIJEĆE/OSVJEŽIVAČ"
"COLA,LIMENKA 4X330ml";"013138001";"BLUES";1.32;"LT";0.45;0.34;0;0;0;0.45;"8017596068415";"BEZALKOHOLNA PIĆA"
"COLA,LIMENKA 4X330ml";"013138001";"BLUES";1.32;"LT";0.45;0.34;0;0;0;0.45;"8017596053787";"BEZALKOHOLNA PIĆA"
"KREMA ZA SUNČANJE SPF20 250ml";"013140801";"NEAR YOUR XXX";0.25;"LT";4.99;19.96;0;0;0;4.99;"8017596071101";"KOZMETIKA/NJEGA TIJELA I LICA"
"EXPO KREMA ZA SUNČANJE";"013141101";"NEAR YOUR XXX";1;"PZ";60;60;0;0;0;60;"";"KOZMETIKA/NJEGA TIJELA I LICA"
"NEKTAR BOROVNICA 6X125ml";"013159201";"PUERTOSOL";0.75;"LT";3.49;4.65;0;0;0;3.49;"8017596071446";"BEZALKOHOLNA PIĆA"
"SLAD.KORNET PISTACIJA 6KOM 450g";"013178101";"DOLCIANDO";0.45;"KG";3.89;8.64;0;0;0;3.89;"8017596043788";"SLADOLEDI I DESERTI"
"ŠTAPIĆI S MLIJEČNOM/TAMNOM ČOK. 90g";"013181601";"DOLCIANDO";0.09;"KG";1.79;19.89;0;0;0;1.79;"3045470098116";"KEKSI/VAFLI/SNACKS"
"ŠTAPIĆI S MLIJEČNOM/TAMNOM ČOK. 90g";"013181601";"DOLCIANDO";0.09;"KG";1.79;19.89;0;0;0;1.79;"3045470107115";"KEKSI/VAFLI/SNACKS"
"ŠTAPIĆI S MLIJEČNOM/TAMNOM ČOK. 90g";"013181601";"DOLCIANDO";0.09;"KG";1.79;19.89;0;0;0;1.79;"8017596106476";"KEKSI/VAFLI/SNACKS"
"ŠTAPIĆI S MLIJEČNOM/TAMNOM ČOK. 90g";"013181601";"DOLCIANDO";0.09;"KG";1.79;19.89;0;0;0;1.79;"8017596106469";"KEKSI/VAFLI/SNACKS"
"ŠTAPIĆI S MLIJEČNOM/TAMNOM ČOK. 90g";"013181601";"DOLCIANDO";0.09;"KG";1.79;19.89;0;0;0;1.79;"8017596136060";"KEKSI/VAFLI/SNACKS"
"IZBJELJIVAČ TRADICIONALNI 2l";"013189901";"DEXAL";2;"LT";1.09;0.55;0;0;0;1.09;"8017596005069";"SRED. ZA PRANJE RUBLJA/POSUĐA"
"KEKSI S KAKAOM I KAPLJ. ČOK. 400g";"013192801";"DOLCIANDO";0.4;"KG";1.99;4.98;0;0;0;1.99;"8017596062857";"KEKSI/VAFLI/SNACKS"
"SVINJSKA SLABINA I LEĐA BK";"013209301";"IL BRACIERE";1;"KG";3.45;3.45;0;0;0;3.45;"";"MESO SVINJSKO"
"FILETI MORSKI PAS MODRULJ 450g";"013225401";"NO BRAND";0.45;"KG";3.29;7.31;0;0;0;3.29;"8420567011479";"ZAMRZNUTA RIBA/MORSKI PLODOVI"
"DETERDŽENT ZA RUB. ARGAN 1,875l 25P";"013228501";"DEXAL";1.875;"LT";3.49;1.86;0;0;0;3.49;"8017596070418";"SRED. ZA PRANJE RUBLJA/POSUĐA"
"PANIR.ODRESCI S./NUGGETS SOJA 200g";"013231501";"AMO ESSERE VEG";0.2;"KG";2.65;13.25;0;0;0;2.65;"8017596101242";"GOTOVA RIBLJA JELA"
"PANIR.ODRESCI S./NUGGETS SOJA 200g";"013231501";"AMO ESSERE VEG";0.2;"KG";2.65;13.25;0;0;0;2.65;"8017596101235";"GOTOVA RIBLJA JELA"
"PANIR.ODRESCI S./NUGGETS SOJA 200g";"013231501";"AMO ESSERE VEG";0.2;"KG";2.65;13.25;0;0;0;2.65;"8017596126009";"GOTOVA RIBLJA JELA"
"PANIR.ODRESCI S./NUGGETS SOJA 200g";"013231501";"AMO ESSERE VEG";0.2;"KG";2.65;13.25;0;0;0;2.65;"8017596125996";"GOTOVA RIBLJA JELA"
"OKRUGL SOJA/ FALAFEL SLANUT.200g";"013231601";"AMO ESSERE VEG";0.2;"KG";2.49;12.45;0;0;0;2.49;"8023788006707";"GOTOVA RIBLJA JELA"
"OKRUGL SOJA/ FALAFEL SLANUT.200g";"013231601";"AMO ESSERE VEG";0.2;"KG";2.49;12.45;0;0;0;2.49;"8023788006684";"GOTOVA RIBLJA JELA"
"OKRUGL SOJA/ FALAFEL SLANUT.200g";"013231601";"AMO ESSERE VEG";0.2;"KG";2.49;12.45;0;0;0;2.49;"8017596101259";"GOTOVA RIBLJA JELA"
"OKRUGL SOJA/ FALAFEL SLANUT.200g";"013231601";"AMO ESSERE VEG";0.2;"KG";2.49;12.45;0;0;0;2.49;"8017596101266";"GOTOVA RIBLJA JELA"
"OKRUGL SOJA/ FALAFEL SLANUT.200g";"013231601";"AMO ESSERE VEG";0.2;"KG";2.49;12.45;0;0;0;2.49;"8017596128126";"GOTOVA RIBLJA JELA"
"OKRUGL SOJA/ FALAFEL SLANUT.200g";"013231601";"AMO ESSERE VEG";0.2;"KG";2.49;12.45;0;0;0;2.49;"8017596128133";"GOTOVA RIBLJA JELA"
"DJEČJI BLAGI TEKUĆI SAPUN 300ml";"013277501";"HELLO BABY";0.3;"LT";1.99;6.63;0;0;0;1.99;"8017596079282";"KOZMETIKA/NJEGA TIJELA I LICA"
"BISKVIT PRELIVE. ČOK./ML.KREM 5X26g";"013281001";"DOLCIANDO";0.13;"KG";1.79;13.77;0;0;0;1.79;"8017596105172";"KEKSI/VAFLI/SNACKS"
"BISKVIT PRELIVE. ČOK./ML.KREM 5X26g";"013281001";"DOLCIANDO";0.13;"KG";1.79;13.77;0;0;0;1.79;"3173990026149";"KEKSI/VAFLI/SNACKS"
"SIR EMENTALER NAREZAN 200g";"013315901";"LAND";0.2;"KG";2.65;13.25;1.79;8.95;2.65;2.65;"8017596050120";"MLIJEČNI PROIZ. SVJEŽI - EGAL."
"SIR EDAMER NAREZAN 200g";"013315902";"LAND";0.2;"KG";2.09;10.45;0;0;0;2.09;"8017596050113";"MLIJEČNI PROIZ. SVJEŽI - EGAL."
"SIR GRANA PADANO DOP KOCKICE 350g";"013328101";"PASCOLI ITALIANI";0.35;"KG";7.89;22.54;0;0;0;7.89;"8017596051998";"MLIJEČNI PROIZ. SVJEŽI - EGAL."
"SIR PARMIGIANO REGGIANO DOP 300g";"013328201";"PASCOLI ITALIANI";0.3;"KG";7.69;25.63;0;0;0;7.69;"8001230054247";"MLIJEČNI PROIZ. SVJEŽI - EGAL."
"SIR PARMIGIANO REGGIANO DOP 300g";"013328201";"PASCOLI ITALIANI";0.3;"KG";7.69;25.63;0;0;0;7.69;"8017596075208";"MLIJEČNI PROIZ. SVJEŽI - EGAL."
"SIR GRANA PADANO 300g";"013328301";"PASCOLI ITALIANI";0.3;"KG";6.49;21.63;0;0;0;6.49;"8001230054698";"MLIJEČNI PROIZ. SVJEŽI - EGAL."
"SIR GRANA PADANO 300g";"013328301";"PASCOLI ITALIANI";0.3;"KG";6.49;21.63;0;0;0;6.49;"8017596075123";"MLIJEČNI PROIZ. SVJEŽI - EGAL."
"SIR GRANA PADANO 300g";"013328301";"PASCOLI ITALIANI";0.3;"KG";6.49;21.63;0;0;0;6.49;"8002710111429";"MLIJEČNI PROIZ. SVJEŽI - EGAL."
"*ITALIANO TVRDI KRAVLJI SIR";"013339201";"NO BRAND";1;"KG";20.9;20.9;0;0;0;20.9;"";"DELIKATESA - SIREVI"
".MAJONEZA STAKLENKA 700g";"013353501";"DELIZIE DAL SOLE";0.7;"LT";2.59;3.7;0;0;0;2.59;"8017596073310";"RAJČICA/DODACI"
".MAJONEZA STAKLENKA 700g";"013353501";"DELIZIE DAL SOLE";0.7;"LT";2.59;3.7;0;0;0;2.59;"8017596103697";"RAJČICA/DODACI"
"KROK.ZA MAČKE PREMIUM 2 VRSTE 800g";"013360001";"RADAMES";0.8;"KG";2.69;3.36;0;0;0;2.99;"8017596059147";"HRANA ZA KUĆNE LJUBIMCE"
"KROK.ZA MAČKE PREMIUM 2 VRSTE 800g";"013360001";"RADAMES";0.8;"KG";2.69;3.36;0;0;0;2.99;"8017596016768";"HRANA ZA KUĆNE LJUBIMCE"
"KROK.ZA MAČKE PREMIUM 2 VRSTE 800g";"013360001";"RADAMES";0.8;"KG";2.69;3.36;0;0;0;2.99;"8017596102713";"HRANA ZA KUĆNE LJUBIMCE"
"TEK.SAPUN INTIMNA NJEGU KAMIL.300ml";"013362801";"FIOR DI MAGNOLIA";0.3;"LT";1.39;4.63;0;0;0;1.39;"8017596066541";"KOZMETIKA/NJEGA TIJELA I LICA"
"TEK.SAPUN INTIMNA NJEGU KAMIL.300ml";"013362801";"FIOR DI MAGNOLIA";0.3;"LT";1.39;4.63;0;0;0;1.39;"8017596014115";"KOZMETIKA/NJEGA TIJELA I LICA"
"SVINJSKI BUT VP";"013386001";"NO BRAND";1;"KG";6.79;6.79;0;0;0;6.79;"";"MESO SVINJSKO"
"PRALINE TAM.ČOKO.TREŠ LIK. 200g";"013386301";"DOLCIANDO";0.2;"KG";2.29;11.45;1.69;8.45;2.29;2.29;"8017596006929";"ČOKOLADE"
"PRALINE ČOKOLADNE S LJEŠNJAKOM 180g";"013386401";"NO BRAND";0.18;"KG";1.99;11.06;1.69;9.39;1.99;1.99;"8017596014337";"ČOKOLADE"
"PRALINE ČOKOLADNE S LJEŠNJAKOM 180g";"013386401";"NO BRAND";0.18;"KG";1.99;11.06;1.69;9.39;1.99;1.99;"8003535088330";"ČOKOLADE"
"PRALINE ČOKOLADNE MLIJE/LJEŠ 200g";"013386501";"DOLCIANDO";0.2;"KG";1.99;9.95;1.69;8.45;1.99;1.99;"8017596006974";"ČOKOLADE"
"PRALINE ČOKOLADNE MLIJE/LJEŠ 200g";"013386501";"DOLCIANDO";0.2;"KG";1.99;9.95;1.69;8.45;1.99;1.99;"8017596006967";"ČOKOLADE"
"SVJEŽI NJOKI OD KRUMPIRA 1kg";"013386601";"TRE MULINI";1;"KG";1.99;1.99;0;0;0;1.99;"8015057000769";"TJESTENINA SVJEŽA - PUNJENA"
"SVJEŽI NJOKI OD KRUMPIRA 1kg";"013386601";"TRE MULINI";1;"KG";1.99;1.99;0;0;0;1.99;"8017596008084";"TJESTENINA SVJEŽA - PUNJENA"
"PRALINE PUNJENE LIMONCELLOM 100g";"013387501";"DOLCIANDO";0.1;"KG";1.39;13.9;0;0;0;1.39;"8008743019985";"ČOKOLADE"
"PRALINE PUNJENE LIMONCELLOM 100g";"013387501";"DOLCIANDO";0.1;"KG";1.39;13.9;0;0;0;1.39;"8017596109200";"ČOKOLADE"
"MANDROLE KARAMELIZIRANI BADEMI 150g";"013391801";"DOLCIANDO";0.15;"KG";1.99;13.27;0;0;0;1.99;"8017596054128";"SLATKIŠI I BOMBONI"
"UMAK RAGU 2x180g";"013405701";"DELIZIE DAL SOLE";0.36;"KG";2.29;6.36;0;0;0;2.29;"8017596072191";"RAJČICA/DODACI"
"SIR GOUDA NAREZANA 200g";"013418101";"LAND";0.2;"KG";2.05;10.25;0;0;0;2.05;"8017596073860";"MLIJEČNI PROIZ. SVJEŽI - EGAL."
"PRIP. BEZGLUT. ZA KRUH I PIZZU 500g";"013452001";"AMO ESSERE SENZA GLUTINE";0.5;"KG";2.39;4.78;1.79;3.58;2.39;2.39;"8017596072917";"BRAŠNO"
"MJE.PRIPR.KOLAČA BEZ GLUT 400g";"013452301";"AMO ESSERE SENZA GLUTINE";0.4;"KG";1.89;4.73;0;0;0;1.89;"8017596072924";"BRAŠNO"
"TJESTENINA FUSILLI BEZ GLUTENA 500g";"013453501";"AMO ESSERE SENZA GLUTINE";0.5;"KG";1.89;3.78;1.39;2.78;1.89;1.89;"8017596071859";"TJESTENINA"
"TJE.PENNE RIGATE BEZ GLUTENA 500g";"013453502";"AMO ESSERE SENZA GLUTINE";0.5;"KG";1.89;3.78;1.39;2.78;1.89;1.89;"8017596071866";"TJESTENINA"
"TJE. SPAGHETTI BEZ GLUTENA 500g";"013453503";"AMO ESSERE SENZA GLUTINE";0.5;"KG";1.89;3.78;1.39;2.78;1.89;1.89;"8017596071842";"TJESTENINA"
"PUDER TALCO MIRISAN 200g";"013453701";"NEAR YOUR XXX";0.2;"KG";1.39;6.95;0;0;0;1.39;"8017596014481";"KOZMETIKA/NJEGA TIJELA I LICA"
"TJE.CONCHIGLIETTE RIGATE JUHA 500g";"013512401";"TRE MULINI";0.5;"KG";0.99;1.98;0;0;0;0.99;"8017596015334";"TJESTENINA"
"SVJEŽI NJOKI OD KRUMPIRA 500g";"013514801";"TRE MULINI";0.5;"KG";1.09;2.18;0;0;0;1.09;"8017596073044";"TJESTENINA SVJEŽA - PUNJENA"
"TJESTENINA DITALI GRANDI 500g";"013516901";"TRE MULINI";0.5;"KG";0.89;1.78;0;0;0;0.89;"8017596010599";"TJESTENINA"
"SIR RIBANI 150g";"013518101";"LAND";0.15;"KG";1.89;12.6;0;0;0;1.89;"8017596018533";"MLIJEČNI PROIZ. SVJEŽI - EGAL."
"TJESTENINA SPAGHETTI 1kg";"013529201";"TRE MULINI";1;"KG";1.49;1.49;1.09;1.09;1.49;1.49;"8017596005908";"TJESTENINA"
"TJESTENINA FUSILLI 1kg";"013529501";"TRE MULINI";1;"KG";1.49;1.49;0;0;0;1.49;"8017596005830";"TJESTENINA"
"PELENE MIDI 3, 4-9kg, 22kom";"013574101";"HELLO BABY";1;"PZ";3.58;3.58;0;0;0;3.58;"8017596073730";"ULOŠCI/PELENE/VATE"
"PELENE JUNIOR 5, 11-25kg, 18kom";"013574201";"HELLO BABY";1;"PZ";3.58;3.58;0;0;0;3.58;"8017596073754";"ULOŠCI/PELENE/VATE"
"BABY PELENE XL 6,15-30kg, 16kom";"013574501";"HELLO BABY";1;"PZ";3.58;3.58;0;0;0;3.58;"8017596073761";"ULOŠCI/PELENE/VATE"
"BURGER OD POVRĆA/SOJE 200g";"013586601";"AMO ESSERE VEG";0.2;"KG";2.69;13.45;0;0;0;2.69;"8017596101280";"GOTOVA RIBLJA JELA"
"BURGER OD POVRĆA/SOJE 200g";"013586601";"AMO ESSERE VEG";0.2;"KG";2.69;13.45;0;0;0;2.69;"8017596101273";"GOTOVA RIBLJA JELA"
"BURGER OD POVRĆA/SOJE 200g";"013586601";"AMO ESSERE VEG";0.2;"KG";2.69;13.45;0;0;0;2.69;"8017596126023";"GOTOVA RIBLJA JELA"
"BURGER OD POVRĆA/SOJE 200g";"013586601";"AMO ESSERE VEG";0.2;"KG";2.69;13.45;0;0;0;2.69;"8017596126016";"GOTOVA RIBLJA JELA"
"PAŠTETA ZA PSE PREMIUM 2 VRSTE 400g";"013612101";"RADAMES";0.4;"KG";1.19;2.98;0;0;0;1.15;"8017596073570";"HRANA ZA KUĆNE LJUBIMCE"
"PAŠTETA ZA PSE PREMIUM 2 VRSTE 400g";"013612101";"RADAMES";0.4;"KG";1.19;2.98;0;0;0;1.15;"8017596073587";"HRANA ZA KUĆNE LJUBIMCE"
"TABLE.PERIL.POSU.MULTI.100kom 1,8kg";"013628001";"DEXAL";1;"PZ";7.99;7.99;0;0;0;7.99;"8017596067586";"SRED. ZA PRANJE RUBLJA/POSUĐA"
"BABY PELENE MAXI 4, 7-18 kg 40kom";"013631901";"HELLO BABY";1;"PZ";6.79;6.79;0;0;0;6.79;"8017596073778";"ULOŠCI/PELENE/VATE"
"VOĆNI PIRE KRUŠKA 100g";"013652201";"PUERTOSOL";0.1;"KG";0.79;7.9;0;0;0;0.79;"8017596030658";"VOĆE V GAMMA"
"VOĆNI PIRE JAB/JAG/BOR 100g";"013652301";"PUERTOSOL";0.1;"KG";0.79;7.9;0;0;0;0.79;"8017596030665";"VOĆE V GAMMA"
"KAŠICA ŽITNA RIŽA BIO 200g";"013655801";"PRIME PAPPE";0.2;"KG";1.89;9.45;1.55;7.75;1.89;1.89;"8017596073334";"DJEČJA HRANA"
"KASIICA KUKUR.,RIA,TAPI. BIO 200g";"013655901";"PRIME PAPPE";0.2;"KG";1.89;9.45;1.55;7.75;1.89;1.89;"8017596073341";"DJEČJA HRANA"
"KAŠICA ŽITNA S VIT. B1 BIO 200g";"013656001";"PRIME PAPPE";0.2;"KG";1.79;8.95;1.55;7.75;1.79;1.79;"8017596073327";"DJEČJA HRANA"
"KAŠICA ŽITNA GRIZ I VIT.B1 BIO 200g";"013656101";"PRIME PAPPE";0.2;"KG";1.89;9.45;1.55;7.75;1.89;1.89;"8017596073358";"DJEČJA HRANA"
"TJESTENINA ZVIJEZDICE BIO 350g";"013656201";"PRIME PAPPE";0.35;"KG";0.99;2.83;0;0;0;0.99;"8017596073501";"DJEČJA HRANA"
"DŽEM MARELICA EXTRA 370g";"013660801";"PUERTOSOL";0.37;"KG";1.99;5.38;1.39;3.76;1.99;1.99;"8017596073945";"DORUČAK - PAHULJICE/NAMAZI/MED"
"DŽEM BRESKVA EXTRA 370g";"013661101";"PUERTOSOL";0.37;"KG";1.99;5.38;1.39;3.76;1.99;1.99;"8017596073976";"DORUČAK - PAHULJICE/NAMAZI/MED"
"DŽEM TREŠNJA EXTRA 370g";"013661201";"PUERTOSOL";0.37;"KG";1.99;5.38;1.39;3.76;1.99;1.99;"8017596073952";"DORUČAK - PAHULJICE/NAMAZI/MED"
"DŽEM JAGODA EXTRA 370g";"013661301";"PUERTOSOL";0.37;"KG";1.99;5.38;1.39;3.76;1.99;1.99;"8017596073969";"DORUČAK - PAHULJICE/NAMAZI/MED"
"DŽEM ŠUMSKO VOĆE EXTRA 370g";"013661401";"PUERTOSOL";0.37;"KG";1.99;5.38;1.39;3.76;1.99;1.99;"8017596073983";"DORUČAK - PAHULJICE/NAMAZI/MED"
"SOL ZA PERILICU POSUĐA 1kg";"013683801";"DEXAL";1;"KG";0.69;0.69;0;0;0;0.69;"8017596074492";"SRED. ZA PRANJE RUBLJA/POSUĐA"
"*PECORINO SARDO MAT.DOP TRVDI SIR";"013690401";"NO BRAND";1;"KG";29.9;29.9;0;0;0;29.9;"";"DELIKATESA - SIREVI"
"ČAJ BOROVNICA I MIJEŠANO VOĆE20F40g";"013693501";"LESTER HOUSE";0.04;"KG";1.19;29.75;0;0;0;1.19;"8017596073402";"KAVA/ČAJEVI/DRUGO"
"ČAJ BILJNI BON RELAX 20F 40g";"013698601";"LESTER HOUSE";0.04;"KG";1.19;29.75;0;0;0;1.19;"8017596051370";"KAVA/ČAJEVI/DRUGO"
"ŠUNKA PUREĆA S MASLINAMA 90g";"013706801";"LA BOTTEGA DEL GUSTO";0.09;"KG";1.29;14.33;0;0;0;1.29;"8017596074171";"SALAME SVJEŽE - EGALIZIRANE"
"ČAJ ZELENI 25F 50g";"013708301";"LESTER HOUSE";0.05;"KG";1.19;23.8;0.89;17.8;1.19;1.19;"8017596073433";"KAVA/ČAJEVI/DRUGO"
"SVJEŽE TAGLIATELLE S JAJIMA 500g";"013711901";"TRE MULINI";0.5;"KG";2.49;4.98;0;0;0;2.49;"8017596013491";"TJESTENINA SVJEŽA - PUNJENA"
"SVJEŽE TAGLIATELLE S JAJIMA 500g";"013711901";"TRE MULINI";0.5;"KG";2.49;4.98;0;0;0;2.49;"8015035001214";"TJESTENINA SVJEŽA - PUNJENA"
"SVJEŽI TAGLIOLINI S JAJIMA 500g";"013711903";"TRE MULINI";0.5;"KG";1.99;3.98;0;0;0;1.99;"8017596013484";"TJESTENINA SVJEŽA - PUNJENA"
"SVJEŽI TAGLIOLINI S JAJIMA 500g";"013711903";"TRE MULINI";0.5;"KG";1.99;3.98;0;0;0;1.99;"8015035000217";"TJESTENINA SVJEŽA - PUNJENA"
"ČAJ BILJNI DIGESTI 20F 40g";"013712001";"LESTER HOUSE";0.04;"KG";1.19;29.75;0;0;0;1.19;"8017596073440";"KAVA/ČAJEVI/DRUGO"
"KEKSI ZA DJECU BIO 320g";"013715401";"PRIME PAPPE";0.32;"KG";2.39;7.47;0;0;0;2.39;"8017596073297";"DJEČJA HRANA"
"*SALAMA FELINO IGP";"013715601";"NO BRAND";1;"KG";23.9;23.9;0;0;0;23.9;"";"DELIKATESA - SALAME"
"ČOKOLADA TAMNA S LJEŠNJACIMA 100g";"013717501";"DOLCIANDO";0.1;"KG";1.69;16.9;0;0;0;1.69;"8017596068149";"ČOKOLADE"
"ČOKOLADA BIJELA S LJEŠNJACIMA 100g";"013717601";"DOLCIANDO";0.1;"KG";1.59;15.9;0;0;0;1.49;"8017596068132";"ČOKOLADE"
"ČOK. MLIJEČNA S LJEŠNJACIMA 100g";"013717701";"DOLCIANDO";0.1;"KG";1.69;16.9;0;0;0;1.69;"8017596068156";"ČOKOLADE"
"SODA BIKARBONA 500g";"013720901";"BLUES";0.5;"KG";0.99;1.98;0;0;0;0.99;"8017596013415";"KAKAO/DOD. ZA KOLAČE/PREHRANU"
"ČAJ CRNI EARL GREY 25F 50g";"013721901";"LESTER HOUSE";0.05;"KG";1.19;23.8;0;0;0;1.19;"8017596073426";"KAVA/ČAJEVI/DRUGO"
"*GRANA PADANO 16 MJESECI";"013724901";"NO BRAND";1;"KG";28.9;28.9;0;0;0;28.9;"";"DELIKATESA - SIREVI"
"*SIR PIAVE DOP";"013731501";"NO BRAND";1;"KG";21.9;21.9;0;0;0;21.9;"";"DELIKATESA - SIREVI"
"ŠEĆER SMEĐI U VREĆICAMA 500g";"013758701";"DOLCIANDO";0.5;"KG";1.19;2.38;0;0;0;1.19;"8017596074416";"ŠEĆER"
"ŠEĆER SMEĐI U VREĆICAMA 500g";"013758701";"DOLCIANDO";0.5;"KG";1.19;2.38;0;0;0;1.19;"8058450630157";"ŠEĆER"
"MAHUNARKE I ŽITARICE MIX 500g";"013760801";"DELIZIE DAL SOLE";0.5;"KG";1.49;2.98;0;0;0;1.49;"8017596000590";"POVRĆE KONZERVIRANO/SUHO"
"JEČAM SUHI OLJUŠTENI 500g";"013760901";"DELIZIE DAL SOLE";0.5;"KG";0.89;1.78;0;0;0;0.89;"8017596002648";"POVRĆE KONZERVIRANO/SUHO"
".VLAŽNE MARAM. MICELARNA V. 25kom";"013761601";"FIOR DI MAGNOLIA";1;"PZ";1;1;0;0;0;1;"8011502007895";"ULOŠCI/PELENE/VATE"
".VLAŽNE MARAM. MICELARNA V. 25kom";"013761601";"FIOR DI MAGNOLIA";1;"PZ";1;1;0;0;0;1;"8017596078247";"ULOŠCI/PELENE/VATE"
".TOA.PAP.MIRISNI DEKO.3 S,240L,12R";"013763801";"SOFT DREAM";1;"PZ";5.99;5.99;0;0;0;5.99;"8005495467972";"PAPIRNATI PROIZVODI"
".TOA.PAP.MIRISNI DEKO.3 S,240L,12R";"013763801";"SOFT DREAM";1;"PZ";5.99;5.99;0;0;0;5.99;"8017596077738";"PAPIRNATI PROIZVODI"
"GEL ZA TUŠ.MUŠKI MEN/GING 300ml";"013767701";"NISSHE";0.3;"LT";0.99;3.3;0;0;0;0.99;"8017596074058";"KOZMETIKA/NJEGA TIJELA I LICA"
"GEL ZA TUŠ.MUŠKI MEN/GING 300ml";"013767701";"NISSHE";0.3;"LT";0.99;3.3;0;0;0;0.99;"8017596074065";"KOZMETIKA/NJEGA TIJELA I LICA"
"RAŽENI MIJEŠANI KRUH 500g";"013784601";"ALPENSPITZ";0.5;"KG";1.29;2.58;0;0;0;1.29;"8017596122186";"PEKARSKI PROIZVODI"
"RAŽENI MIJEŠANI KRUH 500g";"013784601";"ALPENSPITZ";0.5;"KG";1.29;2.58;0;0;0;1.29;"8017596074751";"PEKARSKI PROIZVODI"
"PIZZA MARGH. BEZ GLUT. I LAKT. 300g";"013793201";"AMO ESSERE SENZA GLUTINE";0.3;"KG";3.49;11.63;2.69;8.97;3.49;3.49;"8017596041685";"ZAMRZNUTA POLUGOTOVA JELA"
"PIZZA MARGH. BEZ GLUT. I LAKT. 300g";"013793201";"AMO ESSERE SENZA GLUTINE";0.3;"KG";3.49;11.63;2.69;8.97;3.49;3.49;"8017596041715";"ZAMRZNUTA POLUGOTOVA JELA"
"GRAH BORLOTTI ŠARENI 500g";"013796901";"DELIZIE DAL SOLE";0.5;"KG";1.59;3.18;0;0;0;1.59;"8017596000620";"POVRĆE KONZERVIRANO/SUHO"
"LEĆA ZELENA 500g";"013797101";"DELIZIE DAL SOLE";0.5;"KG";1.19;2.38;0;0;0;1.19;"8017596000576";"POVRĆE KONZERVIRANO/SUHO"
"MASLAC 500g";"013804401";"LAND";0.5;"KG";5.29;10.58;4.19;8.38;5.29;5.29;"8017596075079";"MLIJEČNI PROIZ. SVJEŽI - EGAL."
".ZAČIN MASLINOVO ULJE I FEF. 250ml";"013815501";"IL BRACIERE";0.25;"LT";3.79;15.16;0;0;0;3.79;"8017596108104";"ULJE"
"SVJEŽA TJESTENINA STROZZAPRETI 500g";"013817001";"TRE MULINI";0.5;"KG";1.59;3.18;0;0;0;1.59;"8017596073617";"TJESTENINA SVJEŽA - PUNJENA"
"SVJEŽA TJESTENINA STROZZAPRETI 500g";"013817001";"TRE MULINI";0.5;"KG";1.59;3.18;0;0;0;1.59;"8017596118288";"TJESTENINA SVJEŽA - PUNJENA"
"PILEĆI FILE OD PRSA CCA 2 KG GASTRO";"013820801";"NO BRAND";1;"KG";7.56;7.56;0;0;0;7.56;"";"MESO PERADI"
"VERMOUTH BIJELI 14,5% 1000ml";"013823201";"NO BRAND";1;"LT";4.52;4.52;0;0;0;4.52;"8004565064110";"SLATKI LIKERI/APERITIVI"
"PILEĆA KRILA ZADNJI DIO  GASTRO";"013825901";"LA COLLINA DELLE BONTA'";1;"KG";5.31;5.31;0;0;0;5.31;"";"MESO PERADI"
"PILEĆA KRILA SREDNJI  DIO  GASTRO";"013826001";"LA COLLINA DELLE BONTA'";1;"KG";3.56;3.56;0;0;0;3.56;"";"MESO PERADI"
"SVINJSKA KARE REBRA LOIN RIBS";"013839301";"NO BRAND";1;"KG";5.05;5.05;0;0;0;5.05;"";"MESO SVINJSKO"
"MIX SUHO VOĆE FITNESS 150g";"013843701";"MISTER SIBAMBA";0.15;"KG";1.86;12.4;0;0;0;1.86;"8017596071729";"VOĆE SUHO/ORAŠASTO"
"SOK JABUKA 100% 1l";"013843801";"PUERTOSOL";1;"LT";1.39;1.39;0;0;0;1.39;"8017596070432";"BEZALKOHOLNA PIĆA"
"SL.SANDW.SLAD.BEZ.GL.LAK 6KOM 300g";"013853701";"AMO ESSERE SENZA GLUTINE";0.3;"KG";3.49;11.63;2.59;8.63;3.49;3.49;"8017596075185";"SLADOLEDI I DESERTI"
"SL.KORN.ŠLAG B.GLUT.LAK. 4KOM 300g";"013853702";"AMO ESSERE SENZA GLUTINE";0.3;"KG";3.49;11.63;2.59;8.63;3.49;3.49;"8017596075192";"SLADOLEDI I DESERTI"
"PILEĆA PRSA PEČENA 110g";"013854801";"LA BOTTEGA DEL GUSTO";0.11;"KG";1.69;15.36;1.19;10.82;1.69;1.69;"8017596075246";"SALAME SVJEŽE - EGALIZIRANE"
"SL.ŠTAP.B.C.BI.ČOK.S BAD.3KOM 255g";"013857501";"DOLCIANDO";0.255;"KG";2.25;8.82;1.69;6.63;2.25;2.25;"8017596075253";"SLADOLEDI I DESERTI"
"DATULJE BEZ KOŠTICA 200g";"013860001";"NO BRAND";0.2;"KG";1.29;6.45;0;0;0;1.29;"8009693001013";"VOĆE SUHO"
"DATULJE BEZ KOŠTICA 200g";"013860001";"NO BRAND";0.2;"KG";1.29;6.45;0;0;0;1.29;"6194001130195";"VOĆE SUHO"
"DATULJE BEZ KOŠTICA 200g";"013860001";"NO BRAND";0.2;"KG";1.29;6.45;0;0;0;1.29;"8001735023885";"VOĆE SUHO"
"DATULJE BEZ KOŠTICA 200g";"013860001";"NO BRAND";0.2;"KG";1.29;6.45;0;0;0;1.29;"8005324021115";"VOĆE SUHO"
"DATULJE BEZ KOŠTICA 200g";"013860001";"NO BRAND";0.2;"KG";1.29;6.45;0;0;0;1.29;"8009693007084";"VOĆE SUHO"
"DATULJE BEZ KOŠTICA 200g";"013860001";"NO BRAND";0.2;"KG";1.29;6.45;0;0;0;1.29;"8005912016172";"VOĆE SUHO"
"DATULJE BEZ KOŠTICA 200g";"013860001";"NO BRAND";0.2;"KG";1.29;6.45;0;0;0;1.29;"8059916231581";"VOĆE SUHO"
"KREKERI RAŽENI SA SEZAMOM 250g";"013862001";"TRE MULINI";0.25;"KG";1.29;5.16;0;0;0;1.29;"4009176041011";"PEKARSKI PROIZVODI"
"KREKERI RAŽENI SA SEZAMOM 250g";"013862001";"TRE MULINI";0.25;"KG";1.29;5.16;0;0;0;1.29;"8017596107473";"PEKARSKI PROIZVODI"
"SLAD.TRONCHETTO ČOK.I VANIL.320g";"013863201";"DOLCIANDO";0.32;"KG";2.29;7.16;0;0;0;2.29;"8017596043863";"SLADOLEDI I DESERTI"
"SLADOLED TRONCHETTO VANILIJA 320g";"013863202";"DOLCIANDO";0.32;"KG";2.29;7.16;0;0;0;2.29;"8017596043856";"SLADOLEDI I DESERTI"
"SL.SANDW. OKRUG. BISCOC.6KOM 288g";"013864401";"DOLCIANDO";0.288;"KG";2.69;9.34;0;0;0;2.69;"8004362002490";"SLADOLEDI I DESERTI"
"SL.SANDW. OKRUG. BISCOC.6KOM 288g";"013864401";"DOLCIANDO";0.288;"KG";2.69;9.34;0;0;0;2.69;"8017596044112";"SLADOLEDI I DESERTI"
".SREDSTVO ZA IZBJELJIVANJE BLAGO 4l";"013869501";"DEXAL";4;"LT";2.49;0.62;0;0;0;2.49;"8017596077646";"SRED. ZA PRANJE RUBLJA/POSUĐA"
".PAPIRNATI RUČNIK 3S, 100L, 1R";"013875701";"IL BRACIERE";1;"PZ";1.59;1.59;0;0;0;1.59;"8007541013102";"PAPIRNATI PROIZVODI"
".PAPIRNATI RUČNIK 3S, 100L, 1R";"013875701";"IL BRACIERE";1;"PZ";1.59;1.59;0;0;0;1.59;"8017596107114";"PAPIRNATI PROIZVODI"
"SL.SANDW MAXI ČOKO.STRA.4KOM 400g";"013885201";"DOLCIANDO";0.4;"KG";3.29;8.23;0;0;0;3.29;"8005840095034";"SLADOLEDI I DESERTI"
"SL.SANDW MAXI ČOKO.STRA.4KOM 400g";"013885201";"DOLCIANDO";0.4;"KG";3.29;8.23;0;0;0;3.29;"8017596044129";"SLADOLEDI I DESERTI"
"FILETI INĆUNA U BILJNOM ULJU 160g";"013887301";"ONDINA";0.16;"KG";3.49;21.81;0;0;0;3.49;"24100021";"RIBLJE KONZERVE"
"SIR TOPLJENI TROKUTIĆI 16kom 280g";"013917601";"LAND";0.28;"KG";2.89;10.32;0;0;0;2.89;"8017596014191";"MLIJEČNI PROIZVODI UHT - JAJA"
"SAPUN NEUTRALNI 4X125g";"013919701";"NEAR YOUR XXX";0.5;"KG";2.29;4.58;0;0;0;2.29;"8017596075734";"KOZMETIKA/NJEGA TIJELA I LICA"
"SAPUN NEUTRALNI 4X125g";"013919701";"NEAR YOUR XXX";0.5;"KG";2.29;4.58;0;0;0;2.29;"8017596075741";"KOZMETIKA/NJEGA TIJELA I LICA"
"MLIJEKO ČOKOLADNO 3X200ml";"013947901";"LAND";0.6;"LT";1.45;2.42;0.99;1.65;1.45;1.45;"8017596074560";"MLIJEČNI PROIZVODI UHT - JAJA"
"SAPUN MIRISNI VIŠE VRSTA 125g";"013965601";"NEAR YOUR XXX";0.125;"KG";0.75;6;0;0;0;0.75;"8017596019974";"KOZMETIKA/NJEGA TIJELA I LICA"
"SAPUN MIRISNI VIŠE VRSTA 125g";"013965601";"NEAR YOUR XXX";0.125;"KG";0.75;6;0;0;0;0.75;"8017596019950";"KOZMETIKA/NJEGA TIJELA I LICA"
"SAPUN MIRISNI VIŠE VRSTA 125g";"013965601";"NEAR YOUR XXX";0.125;"KG";0.75;6;0;0;0;0.75;"8017596075765";"KOZMETIKA/NJEGA TIJELA I LICA"
"SAPUN MIRISNI VIŠE VRSTA 125g";"013965601";"NEAR YOUR XXX";0.125;"KG";0.75;6;0;0;0;0.75;"8017596075758";"KOZMETIKA/NJEGA TIJELA I LICA"
"ZASLAĐIVAČ STEVIA U VREĆICAMA 40g";"013985201";"DOLCIANDO";0.04;"KG";1.06;26.5;0;0;0;1.06;"8017596075338";"ŠEĆER"
"ZASLAĐIVAČ 300 TABLETA 15g";"013985401";"DOLCIANDO";0.015;"KG";1.09;72.67;0;0;0;1.09;"8017596075345";"ŠEĆER"
"SAPUN MARSIGLIA VIŠE VRSTA 150g";"013995101";"NEAR YOUR XXX";0.15;"KG";0.89;5.93;0;0;0;0.89;"8017596050571";"KOZMETIKA/NJEGA TIJELA I LICA"
"SAPUN MARSIGLIA VIŠE VRSTA 150g";"013995101";"NEAR YOUR XXX";0.15;"KG";0.89;5.93;0;0;0;0.89;"8017596054586";"KOZMETIKA/NJEGA TIJELA I LICA"
"SAPUN MARSIGLIA VIŠE VRSTA 150g";"013995101";"NEAR YOUR XXX";0.15;"KG";0.89;5.93;0;0;0;0.89;"8017596054593";"KOZMETIKA/NJEGA TIJELA I LICA"
"SAPUN MARSIGLIA VIŠE VRSTA 150g";"013995101";"NEAR YOUR XXX";0.15;"KG";0.89;5.93;0;0;0;0.89;"8017596054609";"KOZMETIKA/NJEGA TIJELA I LICA"
"TOALETNI PAPIR MEKAN 2S,170L,20R";"014025101";"SOFT DREAM";1;"PZ";4.99;4.99;0;0;0;4.99;"8017596074782";"PAPIRNATI PROIZVODI"
"STICK ZA PSE RAZL.OKUSI 10x10g 100g";"014026701";"RADAMES";0.1;"KG";1.29;12.9;0;0;0;1.29;"8017596075789";"HRANA ZA KUĆNE LJUBIMCE"
"STICK ZA PSE RAZL.OKUSI 10x10g 100g";"014026701";"RADAMES";0.1;"KG";1.29;12.9;0;0;0;1.29;"8017596075772";"HRANA ZA KUĆNE LJUBIMCE"
"KRUH BEZ GLUTENA 300g";"014028401";"AMO ESSERE SENZA GLUTINE";0.3;"KG";1.99;6.63;1.69;5.63;1.99;1.99;"8017596075543";"PEKARSKI PROIZVODI"
"GAZIRANO PIĆE TONIC LIMUN BLUES 1l";"014058601";"BLUES";1;"LT";0.89;0.89;0;0;0;0.89;"8017596071323";"BEZALKOHOLNA PIĆA"
"TOALETNI PAPIR FIORITA 4S,150L,6R";"014060601";"SOFT DREAM";1;"PZ";2.09;2.09;0;0;0;2.09;"8017596074775";"PAPIRNATI PROIZVODI"
"SAPUN RUČNO PRANJ.RUB.MARSIG.2x250g";"014083301";"DEXAL";0.5;"KG";1.69;3.38;0;0;0;1.69;"8017596011961";"SRED. ZA PRANJE RUBLJA/POSUĐA"
"RIZA EKSPANDIRANA S VITAMINIMA 1kg";"014085001";"RADAMES";1;"KG";3.19;3.19;0;0;0;3.19;"8017596010421";"HRANA ZA KUĆNE LJUBIMCE"
"PINJOLI JEZGRA 40g SIBAMBA";"014086401";"MISTER SIBAMBA";0.04;"KG";3.49;87.25;0;0;0;3.49;"8017596002723";"VOĆE SUHO/ORAŠASTO"
"SRED. ZA ČIŠĆENJE STAKLA SPREJ 1l";"014106101";"DEXAL";1;"LT";1.79;1.79;0;0;0;1.79;"8017596075017";"SREDSTVA ZA ČIŠĆENJE"
"ULJE ZA TIJELO 200ml";"014114301";"FIOR DI MAGNOLIA";0.2;"LT";2.99;14.95;0;0;0;2.99;"8017596076151";"KOZMETIKA/NJEGA TIJELA I LICA"
"KIKIRIKI PEČENI U LJUSCI 750g";"014116401";"MISTER SIBAMBA";0.75;"KG";3.39;4.52;3.19;4.25;3.39;3.39;"8017596063922";"VOĆE SUHO/ORAŠASTO"
"KIKIRIKI PEČENI U LJUSCI 750g";"014116401";"MISTER SIBAMBA";0.75;"KG";3.39;4.52;3.19;4.25;3.39;3.39;"8033247636475";"VOĆE SUHO/ORAŠASTO"
"KIKIRIKI PEČENI U LJUSCI 750g";"014116401";"MISTER SIBAMBA";0.75;"KG";3.39;4.52;3.19;4.25;3.39;3.39;"8057737403026";"VOĆE SUHO/ORAŠASTO"
"MASLAC ZA TIJELO 250ml";"014129601";"FIOR DI MAGNOLIA";0.25;"LT";2.99;11.96;0;0;0;2.99;"8017596076168";"KOZMETIKA/NJEGA TIJELA I LICA"
"SIR MASCARPONE 500g";"014138001";"PASCOLI ITALIANI";0.5;"KG";4.49;8.98;0;0;0;4.49;"8017596077608";"MLIJEČNI PROIZ. SVJEŽI - EGAL."
"SRED. ODMAŠĆIVANJE REFIL MARSIG. 1l";"014150601";"DEXAL";1;"LT";1.39;1.39;0;0;0;1.39;"8017596075949";"SREDSTVA ZA ČIŠĆENJE"
".KROŠTULE SA ŠEĆEROM 250g";"014151201";"DOLCIANDO";0.25;"KG";1.99;7.96;1.49;5.96;1.99;1.99;"8017596112057";"PROIZVODI BOŽIĆ/USKRS"
"ODMAŠĆIVAČ SPREJ MARSIGLIA 1l";"014153901";"DEXAL";1;"LT";1.99;1.99;0;0;0;1.99;"8017596075932";"SREDSTVA ZA ČIŠĆENJE"
"GRAŠAK I MRKVA 3X450g/390g";"014165001";"DELIZIE DAL SOLE";0.39;"KG";2.29;5.87;0;0;0;2.29;"8017596076519";"POVRĆE KONZERVIRANO/SUHO"
"*KORE OD SIRA RFS";"014168901";"NO BRAND";1;"KG";6.62;6.62;0;0;0;6.62;"";"DELIKATESA - SIREVI"
"OSVJEŽIVAČ PROSTORA SPREJ V.V.400ml";"014186401";"SISTEMA CASA";0.4;"LT";1.59;3.98;0;0;0;1.59;"8017596076502";"INSEKTICIDI/SVIJEĆE/OSVJEŽIVAČ"
"OSVJEŽIVAČ PROSTORA SPREJ V.V.400ml";"014186401";"SISTEMA CASA";0.4;"LT";1.59;3.98;0;0;0;1.59;"8017596076472";"INSEKTICIDI/SVIJEĆE/OSVJEŽIVAČ"
"OSVJEŽIVAČ PROSTORA SPREJ V.V.400ml";"014186401";"SISTEMA CASA";0.4;"LT";1.59;3.98;0;0;0;1.59;"8017596076496";"INSEKTICIDI/SVIJEĆE/OSVJEŽIVAČ"
"OSVJEŽIVAČ PROSTORA SPREJ V.V.400ml";"014186401";"SISTEMA CASA";0.4;"LT";1.59;3.98;0;0;0;1.59;"8017596076489";"INSEKTICIDI/SVIJEĆE/OSVJEŽIVAČ"
"LISNATI PRUTIĆI GLAZIRANI 200g";"014187401";"DOLCIANDO";0.2;"KG";0.99;4.95;0;0;0;0.99;"8017596012593";"KEKSI/VAFLI/SNACKS"
"KROŠTULE SA ŠEĆEROM 250g";"014206501";"DOLCIANDO";0.25;"KG";1.99;7.96;1.49;5.96;1.99;1.99;"8017596112149";"PROIZVODI BOŽIĆ/USKRS"
"SIR TOPLJENI LISTIĆI BEZ LAKTO.200g";"014220001";"AMO ESSERE SENZA LATTOSIO";0.2;"KG";1.99;9.95;1.39;6.95;1.99;1.99;"8017596077783";"MLIJEČNI PROIZ. SVJEŽI - EGAL."
"SIR TOPLJENI LISTIĆI BEZ LAKTO.200g";"014220001";"AMO ESSERE SENZA LATTOSIO";0.2;"KG";1.99;9.95;1.39;6.95;1.99;1.99;"8017596062796";"MLIJEČNI PROIZ. SVJEŽI - EGAL."
"GRANULE ZA ŠUMEĆI NAPITAK 250g";"014246001";"BLUES";0.25;"KG";1.99;7.96;0;0;0;1.99;"8017596008985";"KAKAO/DOD. ZA KOLAČE/PREHRANU"
"ŠAMPINJONI REZANI 390g/230g";"014256701";"DELIZIE DAL SOLE";0.23;"KG";1.19;5.17;0;0;0;1.29;"8017596053015";"KONZER.PROIZVODI U ULJU/OCTU"
"BISKVIT TORTINI SA ML.KREMOM 240g";"014291001";"DOLCIANDO";0.24;"KG";1.59;6.63;0;0;0;1.59;"8017596078971";"BISKVIT PROIZVODI/KROASAN"
"KEKS CANTUCCINI S BADEMOM 300g";"014295601";"AMO ESSERE ECCELLENTE";0.3;"KG";1.99;6.63;0;0;0;1.99;"8017596013729";"KEKSI/VAFLI/SNACKS"
"FLIPS KUKURUZNI KORNETI 100g";"014299501";"MAMBO KIDS";0.1;"KG";0.99;9.9;0;0;0;0.99;"8017596070449";"KEKSI/VAFLI/SNACKS"
"ČIPS ŠTAPIĆI OD KRUMPIRA 175g";"014299701";"MAMBO KIDS";0.175;"KG";1.19;6.8;0;0;0;1.19;"8017596070456";"KEKSI/VAFLI/SNACKS"
"MIKS SJEMENJA ZA STALAK";"014299901";"NO BRAND";1;"PZ";401.49;401.49;0;0;0;401.49;"";"SJEME"
"MRKVA";"014300101";"NO BRAND";1;"PZ";0.59;0.59;0;0;0;0.59;"8001553801207";"SJEME"
"MRKVA";"014300201";"NO BRAND";1;"PZ";0.59;0.59;0;0;0;0.59;"8001553801269";"SJEME"
"JOGURT BEZ LAKTOZE 2X125g";"014300801";"PASCOLI ITALIANI";0.25;"KG";0.79;3.16;0.59;2.36;0.79;0.79;"8017596078889";"JOGURTI I DESERTI"
"JOGURT KAVA BEZ LAKTOZE 2X125g";"014300802";"AMO ESSERE SENZA LATTOSIO";0.25;"KG";0.79;3.16;0.59;2.36;0.79;0.79;"8017596078902";"JOGURTI I DESERTI"
"SALATA PUTERICA";"014301001";"NO BRAND";1;"PZ";0.59;0.59;0;0;0;0.59;"8001553801375";"SJEME"
"SALATA PUTERICA";"014301101";"NO BRAND";1;"PZ";0.59;0.59;0;0;0;0.59;"8001553801382";"SJEME"
"SALATA QUATTRO STAGIONI";"014301201";"NO BRAND";1;"PZ";0.59;0.59;0;0;0;0.59;"8001553814412";"SJEME"
"SALATA REGINA DEI GHIACCI";"014301301";"NO BRAND";1;"PZ";0.59;0.59;0;0;0;0.59;"8001553801528";"SJEME"
"SALATA PUTERICA ROMANA";"014301401";"NO BRAND";1;"PZ";0.59;0.59;0;0;0;0.59;"8001553816119";"SJEME"
"MICELARNA VODICA ECO 200ml";"014301501";"FIOR DI MAGNOLIA";0.2;"LT";1.99;9.95;0;0;0;1.99;"8017596077820";"KOZMETIKA/NJEGA TIJELA I LICA"
"STALAK ZA SJEMENJE PRAZNI";"014301801";"NO BRAND";1;"PZ";0.02;0.02;0;0;0;0.02;"";"SJEME"
"SALATA PUTERICA DA TAGLIO FOG.LISCI";"014302101";"NO BRAND";1;"PZ";0.59;0.59;0;0;0;0.59;"8001553801665";"SJEME"
"SALATA PUTERICA  BIONDA RICCIOLINA";"014302201";"NO BRAND";1;"PZ";0.59;0.59;0;0;0;0.59;"8001553801672";"SJEME"
"RUKOLA";"014302301";"NO BRAND";1;"PZ";0.59;0.59;0;0;0;0.59;"8001553801689";"SJEME"
"RUKOLA";"014302401";"NO BRAND";1;"PZ";0.59;0.59;0;0;0;0.59;"8001553801696";"SJEME"
"SALATA ENDIVIJA SCAROLA";"014302501";"NO BRAND";1;"PZ";0.59;0.59;0;0;0;0.59;"8001553801702";"SJEME"
"MATOVILAC";"014302601";"NO BRAND";1;"PZ";0.59;0.59;0;0;0;0.59;"8001553801764";"SJEME"
"MATOVILAC";"014302701";"NO BRAND";1;"PZ";0.59;0.59;0;0;0;0.59;"8001553801795";"SJEME"
"RADIČ";"014302801";"NO BRAND";1;"PZ";0.59;0.59;0;0;0;0.59;"8001553818014";"SJEME"
"KREMA ZA RUKE BIO 100ml";"014302901";"FIOR DI MAGNOLIA";0.1;"LT";1.79;17.9;0;0;0;1.79;"8017596077813";"KOZMETIKA/NJEGA TIJELA I LICA"
"RADIČ";"014303001";"NO BRAND";1;"PZ";0.66;0.66;0;0;0;0.66;"8001553801818";"SJEME"
"RADIČ";"014303101";"NO BRAND";1;"PZ";0.59;0.59;0;0;0;0.59;"8001553818328";"SJEME"
"RADIČ";"014303201";"NO BRAND";1;"PZ";0.59;0.59;0;0;0;0.59;"8001553818335";"SJEME"
"RADIČ";"014303401";"NO BRAND";1;"PZ";0.59;0.59;0;0;0;0.59;"8001553818342";"SJEME"
"SALATA";"014303501";"NO BRAND";1;"PZ";0.59;0.59;0;0;0;0.59;"8001553818366";"SJEME"
"RADIČ";"014303601";"NO BRAND";1;"PZ";0.59;0.59;0;0;0;0.59;"8001553818373";"SJEME"
"RADIČ";"014303701";"NO BRAND";1;"PZ";0.59;0.59;0;0;0;0.59;"8001553818397";"SJEME"
"RADIČ";"014303801";"NO BRAND";1;"PZ";0.59;0.59;0;0;0;0.59;"8001553818427";"SJEME"
"ŠPINAT";"014304001";"NO BRAND";1;"PZ";0.59;0.59;0;0;0;0.59;"8001553801863";"SJEME"
"ŠPINAT";"014304101";"NO BRAND";1;"PZ";0.59;0.59;0;0;0;0.59;"8001553801900";"SJEME"
"PORILUK";"014304201";"NO BRAND";1;"PZ";0.59;0.59;0;0;0;0.59;"8001553802211";"SJEME"
"ROTKVICA";"014304301";"NO BRAND";1;"PZ";0.59;0.59;0;0;0;0.59;"8001553802280";"SJEME"
"ROTKVICA";"014304401";"NO BRAND";1;"PZ";0.59;0.59;0;0;0;0.59;"8001553802297";"SJEME"
"KRASTAVAC";"014304601";"NO BRAND";1;"PZ";0.59;0.59;0;0;0;0.59;"8001553802600";"SJEME"
"KRASTAVAC";"014304801";"NO BRAND";1;"PZ";0.59;0.59;0;0;0;0.59;"8001553802648";"SJEME"
"BLITVA";"014304901";"NO BRAND";1;"PZ";0.59;0.59;0;0;0;0.59;"8001553802747";"SJEME"
"BLITVA";"014305001";"NO BRAND";1;"PZ";0.59;0.59;0;0;0;0.59;"8001553827412";"SJEME"
"TIKVICA";"014305101";"NO BRAND";1;"PZ";0.59;0.59;0;0;0;0.59;"8001553802860";"SJEME"
"TIKVICA";"014305201";"NO BRAND";1;"PZ";0.59;0.59;0;0;0;0.59;"8001553828617";"SJEME"
"TIKVICA";"014305301";"NO BRAND";1;"PZ";0.59;0.59;0;0;0;0.59;"8001553828624";"SJEME"
"PAPRIKA";"014305401";"NO BRAND";1;"PZ";0.59;0.59;0;0;0;0.59;"8001553802907";"SJEME"
"RAJČICA";"014305501";"NO BRAND";1;"PZ";0.59;0.59;0;0;0;0.59;"8001553802921";"SJEME"
"RAJČICA";"014305601";"NO BRAND";1;"PZ";0.59;0.59;0;0;0;0.59;"8001553829218";"SJEME"
"RAJČICA";"014305701";"NO BRAND";1;"PZ";0.59;0.59;0;0;0;0.59;"8001553829256";"SJEME"
"PERŠIN";"014305801";"NO BRAND";1;"PZ";0.59;0.59;0;0;0;0.59;"8001553803034";"SJEME"
"PERŠIN";"014305901";"NO BRAND";1;"PZ";0.59;0.59;0;0;0;0.59;"8001553803041";"SJEME"
"BOSILJAK";"014306001";"NO BRAND";1;"PZ";0.59;0.59;0;0;0;0.59;"8001553803096";"SJEME"
"BOSILJAK";"014306101";"NO BRAND";1;"PZ";0.59;0.59;0;0;0;0.59;"8001553803119";"SJEME"
"KOMORAČ";"014306201";"NO BRAND";1;"PZ";0.59;0.59;0;0;0;0.59;"8001553803171";"SJEME"
"ŠUMSKA JAGODA";"014306301";"NO BRAND";1;"PZ";0.59;0.59;0;0;0;0.59;"8001553803492";"SJEME"
"LIJEPA NISKA";"014306401";"NO BRAND";1;"PZ";0.59;0.59;0;0;0;0.59;"8001553803522";"SJEME"
"DRAGOLJUB";"014306501";"NO BRAND";1;"PZ";0.59;0.59;0;0;0;0.59;"8001553804338";"SJEME"
"ZIJEVALICA";"014306601";"NO BRAND";1;"PZ";0.59;0.59;0;0;0;0.59;"8001553804505";"SJEME"
"ZIJEVALICA";"014306701";"NO BRAND";1;"PZ";0.59;0.59;0;0;0;0.59;"8001553804512";"SJEME"
"KARANFIL TURSKI";"014306801";"NO BRAND";1;"PZ";0.59;0.59;0;0;0;0.59;"8001553804673";"SJEME"
"PRKOS";"014306901";"NO BRAND";1;"PZ";0.59;0.59;0;0;0;0.59;"8001553804871";"SJEME"
"MIX CVIJEĆA";"014307001";"NO BRAND";1;"PZ";0.59;0.59;0;0;0;0.59;"8001553805175";"SJEME"
"MAĆUHICA";"014307101";"NO BRAND";1;"PZ";0.59;0.59;0;0;0;0.59;"8001553805304";"SJEME"
"BILJKE PENJAČICE";"014307201";"NO BRAND";1;"PZ";0.59;0.59;0;0;0;0.59;"8001553805755";"SJEME"
"CINIJA";"014307301";"NO BRAND";1;"PZ";0.59;0.59;0;0;0;0.59;"8001553805922";"SJEME"
"CINIJA";"014307401";"NO BRAND";1;"PZ";0.59;0.59;0;0;0;0.59;"8001553805953";"SJEME"
"TRAVA ZA MAČKE";"014307501";"NO BRAND";1;"PZ";0.59;0.59;0;0;0;0.59;"8001553807001";"SJEME"
"PLETENICE GRANO ARSO 370g";"014310201";"NO BRAND";0.37;"KG";2.65;7.16;0;0;0;2.65;"8021851600081";"SLANI PEKARSKI PROIZVODI"
"PLETENICE S LUKOM I MASLINAMA 370g";"014310301";"NO BRAND";0.37;"KG";2.65;7.16;0;0;0;2.65;"8021851600074";"SLANI PEKARSKI PROIZVODI"
"PLETENICE SIROM I PAPROM 370g";"014310601";"NO BRAND";0.37;"KG";2.65;7.16;0;0;0;2.65;"8021851600029";"SLANI PEKARSKI PROIZVODI"
"PLETENICE INTEGRALNE 370g";"014310701";"NO BRAND";0.37;"KG";2.65;7.16;0;0;0;2.65;"8021851600036";"SLANI PEKARSKI PROIZVODI"
"*LATTERIA POLUTVRDI SIR";"014312101";"NO BRAND";1;"KG";14.9;14.9;0;0;0;14.9;"";"DELIKATESA - SIREVI"
"SLADOLED ŠLAG 500g";"014313201";"DOLCIANDO";0.5;"KG";2.89;5.78;0;0;0;2.89;"8017596043900";"SLADOLEDI I DESERTI"
"SLADOLED TRUFFLE CAKE 500g";"014313202";"DOLCIANDO";0.5;"KG";2.89;5.78;0;0;0;2.89;"8017596043917";"SLADOLEDI I DESERTI"
"SLADOLED LJEŠNJAK 500g";"014313203";"DOLCIANDO";0.5;"KG";2.89;5.78;0;0;0;2.89;"8017596043931";"SLADOLEDI I DESERTI"
"SLADOLED LIMUN 500g";"014313204";"DOLCIANDO";0.5;"KG";2.89;5.78;0;0;0;2.89;"8017596043924";"SLADOLEDI I DESERTI"
"SLADOLED PISTACIJA 500g";"014313205";"DOLCIANDO";0.5;"KG";3.99;7.98;0;0;0;3.99;"8017596043948";"SLADOLEDI I DESERTI"
"SLADOLED JOGURT OD ŠUMSK. VOĆA 500g";"014313206";"DOLCIANDO";0.5;"KG";2.89;5.78;0;0;0;2.89;"8017596043955";"SLADOLEDI I DESERTI"
"SLADOLED KREMA 500g";"014313207";"DOLCIANDO";0.5;"KG";2.29;4.58;0;0;0;2.29;"8017596043962";"SLADOLEDI I DESERTI"
"PAŠTETA ZA MAČKE MULTIBOX 12X100g";"014314801";"RADAMES";1.2;"KG";4.49;3.74;3.49;2.91;4.49;4.49;"8017596074799";"HRANA ZA KUĆNE LJUBIMCE"
"KEKS FROLLINI S JAJIMA 700g";"014315301";"DOLCIANDO";0.7;"KG";2.09;2.99;0;0;0;2.09;"8017596066381";"KEKSI/VAFLI/SNACKS"
"KOLAČ S JOGURTOM 400g";"014317701";"DOLCIANDO";0.4;"KG";2.29;5.73;0;0;0;2.29;"8017596077585";"TORTE I ROLADE"
"SPREJ ZA ODMAŠĆ I IZBJELJIV. 750ml";"014319401";"DEXAL";0.75;"LT";1.59;2.12;0;0;0;1.59;"8017596077059";"SREDSTVA ZA ČIŠĆENJE"
"KREMA ZA LICE BIO ECO 50ml";"014319501";"FIOR DI MAGNOLIA";0.05;"LT";2.59;51.8;0;0;0;2.59;"8017596077806";"KOZMETIKA/NJEGA TIJELA I LICA"
"SLAD.KORNET CROCCANTE 6KOM 450g";"014332001";"DOLCIANDO";0.45;"KG";3.29;7.31;0;0;0;3.29;"8017596043870";"SLADOLEDI I DESERTI"
"PAPIRNATI PODMETAČ DEKOR 2S,80 L,1R";"014343601";"SOFT DREAM";1;"PZ";2.39;2.39;0;0;0;2.39;"8017596078339";"PAPIRNATI PROIZVODI"
"SL.ŠTAP.VANILIJA JAGODA 6KOM 300g";"014345001";"DOLCIANDO";0.3;"KG";1.99;6.63;0;0;0;1.99;"8017596044068";"SLADOLEDI I DESERTI"
"TONIK ZA URAVNOT.KOŽU BIO ECO 150ml";"014361501";"FIOR DI MAGNOLIA";0.15;"LT";1.89;12.6;0;0;0;1.89;"8017596077837";"KOZMETIKA/NJEGA TIJELA I LICA"
"GAZIRANO PIĆE ARANCIATA ZERO 1,5l";"014382201";"BLUES";1.5;"LT";0.69;0.46;0;0;0;0.69;"8017596101532";"BEZALKOHOLNA PIĆA"
"SL.OD SOJE KORNET 4KOM 300g";"014383101";"AMO ESSERE VEG";0.3;"KG";2.69;8.97;0;0;0;2.69;"8017596044105";"SLADOLEDI I DESERTI"
"SL.OD SOJE KORNET 4KOM 300g";"014383101";"AMO ESSERE VEG";0.3;"KG";2.69;8.97;0;0;0;2.69;"8017596044655";"SLADOLEDI I DESERTI"
"VINO CHARDONNAY SOLEMORO IGP 750ml";"014385401";"NO BRAND";0.75;"LT";3.89;5.19;0;0;0;3.89;"8020685011339";"VINA"
"POVRĆE MIJEŠANO 3X420g/390g";"014388001";"DELIZIE DAL SOLE";0.39;"KG";2.69;6.9;0;0;0;2.69;"8017596076526";"POVRĆE KONZERVIRANO/SUHO"
".KORNET ŠLAG 12 KOM 900g";"014395201";"DOLCIANDO";0.9;"KG";4.99;5.54;0;0;0;4.99;"8017596043894";"SLADOLEDI I DESERTI"
".SL.ŠT.B.C.VAN.ML.ČOK.BAD.6K 510g";"014395301";"DOLCIANDO";0.51;"KG";2.99;5.86;0;0;0;2.99;"8017596043887";"SLADOLEDI I DESERTI"
"SL.SANDW.TRI OKUSA 6KOM 480g";"014395601";"DOLCIANDO";0.48;"KG";3.39;7.06;0;0;0;3.39;"8017596043771";"SLADOLEDI I DESERTI"
"INDOPACIFIČKE KOZICE OČIŠĆENE 350g";"014395901";"NO BRAND";0.35;"KG";3.99;11.4;0;0;0;4.49;"8021066600685";"ZAMRZNUTA RIBA/MORSKI PLODOVI"
"INDOPACIFIČKE KOZICE OČIŠĆENE 350g";"014395901";"NO BRAND";0.35;"KG";3.99;11.4;0;0;0;4.49;"8001186032962";"ZAMRZNUTA RIBA/MORSKI PLODOVI"
"INDOPACIFIČKE KOZICE OČIŠĆENE 350g";"014395901";"NO BRAND";0.35;"KG";3.99;11.4;0;0;0;4.49;"8033300821466";"ZAMRZNUTA RIBA/MORSKI PLODOVI"
"INDOPACIFIČKE KOZICE OČIŠĆENE 350g";"014395901";"NO BRAND";0.35;"KG";3.99;11.4;0;0;0;4.49;"8007820220016";"ZAMRZNUTA RIBA/MORSKI PLODOVI"
"JOGURT STRACCIATELLA 150g";"014396001";"LAND";0.15;"KG";0.37;2.47;0.29;1.93;0.37;0.37;"24100137";"JOGURTI I DESERTI"
"RUM BIJELI 37.5% 700ml";"014414001";"NO BRAND";0.7;"LT";5.89;8.41;0;0;0;5.89;"8009710091508";"JAKA ALKOHOLNA PIĆA"
"RUM SUPERIOR 40% VOL. 700ml";"014414101";"NO BRAND";0.7;"LT";7.89;11.27;0;0;0;7.89;"8007525151899";"JAKA ALKOHOLNA PIĆA"
"RUM SUPERIOR 40% VOL. 700ml";"014414101";"NO BRAND";0.7;"LT";7.89;11.27;0;0;0;7.89;"8009710090600";"JAKA ALKOHOLNA PIĆA"
"BOMBONI MENTA I EUKALIPTUS 200g";"014414401";"DOLCIANDO";0.2;"KG";1.29;6.45;0;0;0;1.29;"8017596078704";"SLATKIŠI I BOMBONI"
"HRENOVKE 8kom 200g";"014419601";"TOBIAS";0.2;"KG";0.79;3.95;0;0;0;0.79;"8017596009029";"SALAME SVJEŽE - EGALIZIRANE"
"MLIJEKO ZA ČIŠĆENJE LICA 250ml";"014431001";"FIOR DI MAGNOLIA";0.25;"LT";1.79;7.16;0;0;0;1.79;"8017596000873";"KOZMETIKA/NJEGA TIJELA I LICA"
"WHISKEY NORTH AMERICAN 40% 700ml";"014438101";"NO BRAND";0.7;"LT";9.89;14.13;0;0;0;9.89;"8007253907256";"JAKA ALKOHOLNA PIĆA"
"BOMBONI DRAGEES MENTA/VOĆE 4x33g";"014441301";"NO BRAND";0.132;"KG";1.29;9.77;0;0;0;1.29;"5400265028866";"SLATKIŠI I BOMBONI"
"BOMBONI DRAGEES MENTA/VOĆE 4x33g";"014441301";"NO BRAND";0.132;"KG";1.29;9.77;0;0;0;1.29;"5400265028859";"SLATKIŠI I BOMBONI"
"JOGURT JAGODA 1kg";"014453103";"PASCOLI ITALIANI";1;"KG";2.59;2.59;0;0;0;2.59;"8017596062208";"JOGURTI I DESERTI"
"JOGURT ŠUMSKO VOĆE 1kg";"014453104";"PASCOLI ITALIANI";1;"KG";2.59;2.59;0;0;0;2.59;"8017596062185";"JOGURTI I DESERTI"
"TEK.ZA SKIDANJE ŠMINKE DVOFAZ.150ml";"014456801";"FIOR DI MAGNOLIA";0.15;"LT";1.95;13;0;0;0;1.95;"8017596017840";"KOZMETIKA/NJEGA TIJELA I LICA"
"SVIJEĆA VRTNA CITRONELA";"014459601";"NOOZE";1;"PZ";1.09;1.09;0;0;0;1.09;"8005730029378";"INSEKTICIDI/SVIJEĆE/OSVJEŽIVAČ"
"SVIJEĆA VRTNA CITRONELA";"014459601";"NOOZE";1;"PZ";1.09;1.09;0;0;0;1.09;"8017596128454";"INSEKTICIDI/SVIJEĆE/OSVJEŽIVAČ"
"GAZIRANO PIĆE TONIK BLUES 1l";"014473401";"BLUES";1;"LT";0.89;0.89;0;0;0;0.89;"8017596067869";"BEZALKOHOLNA PIĆA"
"KREMA ZA TIJELO HIDRAT/HRANJ 400ml";"014474601";"FIOR DI MAGNOLIA";0.4;"LT";2.39;5.98;0;0;0;2.39;"8017596017871";"KOZMETIKA/NJEGA TIJELA I LICA"
"KREMA ZA TIJELO HIDRAT/HRANJ 400ml";"014474601";"FIOR DI MAGNOLIA";0.4;"LT";2.39;5.98;0;0;0;2.39;"8017596017864";"KOZMETIKA/NJEGA TIJELA I LICA"
"BRAŠNO GLATKO BIO TIP 00 1kg";"014475801";"AMO ESSERE BIO";1;"KG";1.72;1.72;0;0;0;1.72;"8017596100160";"BRAŠNO"
"MUFFIN S BELGIJSKOM ČOKOLADOM 252g";"014486501";"DOLCIANDO";0.252;"KG";2.19;8.69;0;0;0;2.19;"8017596100016";"BISKVIT PROIZVODI/KROASAN"
"TARALLI MULTIPACK 8x50g";"014487501";"TRE MULINI";0.4;"KG";1.79;4.48;0;0;0;1.79;"8017596079893";"PEKARSKI PROIZVODI"
"RAJČICA PASIRANA BIO 680g";"014489601";"AMO ESSERE BIO";0.68;"KG";1.59;2.34;1.19;1.75;1.59;1.59;"8017596079671";"RAJČICA/DODACI"
"POMMES FRITES ZA PEĆNICU 750g";"014522101";"DELIZIE DAL SOLE";0.75;"KG";2.19;2.92;0;0;0;2.19;"8017596042286";"ZAMRZNUTO POVRĆE"
"JOGURT VOČNI MIX 8X125g";"014523201";"LAND";1;"KG";2.99;2.99;0;0;0;2.99;"8017596064622";"JOGURTI I DESERTI"
"JOGURTI VOČNI LIGHT MIX 8X125g";"014523202";"LAND";1;"KG";2.99;2.99;0;0;0;2.99;"8017596067470";"JOGURTI I DESERTI"
"BIO TOFU 2X125g";"014527901";"AMO ESSERE VEG";0.25;"KG";1.99;7.96;1.39;5.56;1.99;1.99;"8017596079404";"GOTOVA RIBLJA JELA"
"BIO TOFU 2X125g";"014527901";"AMO ESSERE VEG";0.25;"KG";1.99;7.96;1.39;5.56;1.99;1.99;"8017596128225";"GOTOVA RIBLJA JELA"
"LEĆA CRVENA MIGNON 500g";"014533601";"DELIZIE DAL SOLE";0.5;"KG";1.19;2.38;0;0;0;1.19;"8017596000583";"POVRĆE KONZERVIRANO/SUHO"
"SLANUTAK 500g";"014535901";"DELIZIE DAL SOLE";0.5;"KG";1.19;2.38;0;0;0;1.19;"8017596000613";"POVRĆE KONZERVIRANO/SUHO"
"LUČICE CITRONELA 20kom";"014537901";"NOOZE";1;"PZ";1.59;1.59;0;0;0;1.59;"8005730029361";"INSEKTICIDI/SVIJEĆE/OSVJEŽIVAČ"
"LUČICE CITRONELA 20kom";"014537901";"NOOZE";1;"PZ";1.59;1.59;0;0;0;1.59;"8017596128461";"INSEKTICIDI/SVIJEĆE/OSVJEŽIVAČ"
"RIŽA RIBE BIO 500g";"014546101";"AMO ESSERE BIO";0.5;"KG";1.99;3.98;0;0;0;1.99;"8017596079855";"RIŽA"
"ŽVAKAĆEA G. BUBBLE MINT 70g";"014550401";"NO BRAND";0.07;"KG";1.89;27;0;0;0;1.89;"4009900485708";"SLATKIŠI I BOMBONI"
"KEKS BIO INTEGRALNI 5 ŽITAR. 300g";"014552001";"AMO ESSERE BIO";0.3;"KG";2.29;7.63;0;0;0;2.29;"8017596079817";"KEKSI/VAFLI/SNACKS"
"SIR PECORINO SARDO DOP 300g";"014567601";"PASCOLI ITALIANI";0.3;"KG";7.49;24.97;0;0;0;7.49;"8017596101105";"MLIJEČNI PROIZ. SVJEŽI - EGAL."
"PIVO BEST BRAU LAGER LIM 4,7% 330ml";"014568601";"BEST BRAU";0.33;"LT";0.55;1.67;0;0;0;0.55;"8017596057563";"PIVA"
"PIVO BEST BRAU LIM 4,7% 500ml";"014568901";"BEST BRAU";0.5;"LT";0.75;1.5;0;0;0;0.75;"8017596057570";"PIVA"
"FILETI SKUŠE ŽAR EKS.DJ.MA.U. 120g";"014573501";"ONDINA";0.12;"KG";1.99;16.58;0;0;0;1.99;"8017596079848";"RIBLJE KONZERVE"
"FILETI SKUŠE ŽAR 120g";"014573901";"ONDINA";0.104;"KG";1.99;19.13;0;0;0;1.99;"8017596079831";"RIBLJE KONZERVE"
"SIR TOPLJENI LISTIĆI CHEDDAR 200g";"014582001";"LAND";0.2;"KG";1.59;7.95;0;0;0;1.59;"8017596100566";"MLIJEČNI PROIZ. SVJEŽI - EGAL."
"NEKTAR JABUKA/BANANA 6X200ml";"014584001";"PUERTOSOL";1.2;"LT";2.29;1.91;0;0;0;2.29;"8017596101679";"BEZALKOHOLNA PIĆA"
"ACETON ZA UKL. LAKA ZA NOKTE 125ml";"014585001";"FIOR DI MAGNOLIA";0.125;"LT";0.59;4.72;0;0;0;0.59;"80775072";"KOZMETIKA/NJEGA TIJELA I LICA"
"PILEĆI BATAK SA ZABATKOM SKK";"014585601";"NO BRAND";1;"KG";3.78;3.78;0;0;0;3.78;"";"MESO PERADI"
"VREĆICE ZA LED 18 KOCKICA 15kom";"014585901";"SISTEMA CASA";1;"PZ";0.89;0.89;0;0;0;0.89;"8017596100245";"JEDNOKR. PRIBOR/VREĆE ZA SMEĆE"
"ZOBENE PAHULJICE BIO 500g";"014591301";"AMO ESSERE BIO";0.5;"KG";1.39;2.78;0;0;0;1.39;"8017596077226";"DORUČAK - PAHULJICE/NAMAZI/MED"
"ČAJ OD KOMORAČA BIO 20F 40g";"014592801";"AMO ESSERE BIO";0.04;"KG";1.29;32.25;0;0;0;1.29;"8017596079879";"KAVA/ČAJEVI/DRUGO"
"ČAJ OD KOMORAČA BIO 20F 40g";"014592801";"AMO ESSERE BIO";0.04;"KG";1.29;32.25;0;0;0;1.29;"8007185023963";"KAVA/ČAJEVI/DRUGO"
"PANIRANI PIL. ŠPINAT ODRE.3kom 300g";"014593801";"LA COLLINA DELLE BONTA'";0.3;"KG";1.99;6.63;0;0;0;1.99;"8017596002037";"ZAMRZNUTA POLUGOTOVA JELA"
"PILEĆI CORDON BLEU 2kom 240g";"014594501";"LA COLLINA DELLE BONTA'";0.24;"KG";1.99;8.29;0;0;0;1.99;"8017596001849";"ZAMRZNUTA POLUGOTOVA JELA"
"ČOKOLADA S HRSKAVOM RIŽOM 90g";"014595801";"DOLCIANDO";0.09;"KG";1.15;12.78;0;0;0;1.15;"8017596100436";"ČOKOLADE"
"ČOKOLADA TAMNA 90% KAKAO 100g";"014595901";"DOLCIANDO";0.1;"KG";2.79;27.9;0;0;0;2.79;"8017596101297";"ČOKOLADE"
"PRALINE TAM.ČOKO.TREŠ LIK.1kg";"014597201";"DOLCIANDO";1;"KG";9.99;9.99;0;0;0;9.99;"8017596066060";"ČOKOLADE"
"PRALINE TAM.ČOKO.TREŠ LIK.1kg";"014597201";"DOLCIANDO";1;"KG";9.99;9.99;0;0;0;9.99;"8003535089139";"ČOKOLADE"
"PANIRANI PILEĆI ODREZAK 3kom 280g";"014605501";"LA COLLINA DELLE BONTA'";0.28;"KG";2.12;7.57;0;0;0;2.12;"8017596041807";"ZAMRZNUTA POLUGOTOVA JELA"
"PILEĆI MEDALJONI 300g";"014605601";"LA COLLINA DELLE BONTA'";0.3;"KG";2.39;7.97;0;0;0;2.39;"8017596041814";"ZAMRZNUTA POLUGOTOVA JELA"
"DETERDŽ. ZA RUBLJE PROTEGG. 3L 40P";"014610501";"DEXAL";3;"LT";3.99;1.33;0;0;0;3.99;"8017596067890";"SRED. ZA PRANJE RUBLJA/POSUĐA"
"KEKSI CIOCOPIU 4X27g";"014616701";"DOLCIANDO";0.108;"KG";1.59;14.72;0;0;0;1.59;"24100175";"KEKSI/VAFLI/SNACKS"
"DVA SVJEŽ PILETA NA PODLOŠKU PAK";"014618801";"NO BRAND";1;"KG";3.09;3.09;0;0;0;3.09;"";"MESO PERADI"
"PILEĆI BATAK I ZABATAK BKK";"014619001";"NO BRAND";1;"KG";5.93;5.93;0;0;0;5.93;"";"MESO PERADI"
"PILEĆA KRILA BEZ ŠPICA";"014619501";"NO BRAND";1;"KG";3.32;3.32;0;0;0;3.32;"";"MESO PERADI"
"PILEĆE PRSI S KOSTI BEZ KOŽE";"014619701";"NO BRAND";1;"KG";7.3;7.3;0;0;0;7.3;"";"MESO PERADI"
"PANIRANI PILEĆI ŠTAPIĆI 300g";"014622801";"LA COLLINA DELLE BONTA'";0.3;"KG";2.69;8.97;0;0;0;2.69;"8017596041821";"ZAMRZNUTA POLUGOTOVA JELA"
"OSVJ. WC ŠKOLJKE OC./LAV./LIM.2x55g";"014625601";"SISTEMA CASA";0.11;"KG";1.89;17.18;1.39;12.64;1.89;1.89;"8017596078827";"INSEKTICIDI/SVIJEĆE/OSVJEŽIVAČ"
"OSVJ. WC ŠKOLJKE OC./LAV./LIM.2x55g";"014625601";"SISTEMA CASA";0.11;"KG";1.89;17.18;1.39;12.64;1.89;1.89;"8017596078810";"INSEKTICIDI/SVIJEĆE/OSVJEŽIVAČ"
"OSVJ. WC ŠKOLJKE OC./LAV./LIM.2x55g";"014625601";"SISTEMA CASA";0.11;"KG";1.89;17.18;1.39;12.64;1.89;1.89;"8017596078834";"INSEKTICIDI/SVIJEĆE/OSVJEŽIVAČ"
"PIJESAK ZA MAČKE BENTONIT 5kg";"014629201";"RADAMES";5;"KG";1.89;0.38;0;0;0;1.89;"8017596015068";"HRANA ZA KUĆNE LJUBIMCE"
"SPREJ PROTIV INSEK.VIŠENAMJEN.400ml";"014630601";"NOOZE";0.4;"LT";2.99;7.48;0;0;0;2.99;"8017596076847";"INSEKTICIDI/SVIJEĆE/OSVJEŽIVAČ"
"PILEĆI ZABATAK BK S KOŽOM";"014631001";"NO BRAND";1;"KG";5.87;5.87;0;0;0;5.87;"";"MESO PERADI"
"*PARMIGIANO REG.DOP 24 MJESECA";"014643101";"NO BRAND";1;"KG";32.9;32.9;0;0;0;32.9;"";"DELIKATESA - SIREVI"
"RAJČICA SJECKANA BIO 400g";"014659301";"AMO ESSERE BIO";0.4;"KG";1.29;3.23;0;0;0;1.29;"8017596102775";"RAJČICA/DODACI"
"GAĆICE ZA UMJER. INK. M 9kom";"014677601";"LA NUOVA PHARMACIA";1;"PZ";5.49;5.49;0;0;0;5.49;"8017596101952";"ULOŠCI/PELENE/VATE"
"KAPSULE KAVA BEZ KOFEINA 16kom 112g";"014682701";"DON JEREZ";0.112;"KG";3.99;35.63;0;0;0;3.99;"8017596101563";"KAVA/ČAJEVI/DRUGO"
"KAPSULE KAVA ESPRESSO 16kom 112g";"014683001";"DON JEREZ";0.112;"KG";3.99;35.63;0;0;0;3.99;"8017596101549";"KAVA/ČAJEVI/DRUGO"
"KAPSULE KAVA CORTADO 16kom 100g";"014683201";"DON JEREZ";0.1;"KG";3.99;39.9;0;0;0;3.99;"8017596101556";"KAVA/ČAJEVI/DRUGO"
"*CRNE MASLINE U SALAMURI";"014694301";"NO BRAND";1;"KG";12.9;12.9;9.9;9.9;12.9;12.9;"";"DELIKATESA - DELIKATESA"
"*PIKANTNE MASLINE U ULJU";"014695101";"NO BRAND";1;"KG";11.9;11.9;8.9;8.9;11.9;11.9;"";"DELIKATESA - DELIKATESA"
"*CRNE MASLINE PEČENE SUHE";"014695201";"NO BRAND";1;"KG";11.9;11.9;0;0;0;11.9;"";"DELIKATESA - DELIKATESA"
"ALUMIN.POSUDE BEZ POK. 12 P, 3kom";"014696601";"SISTEMA CASA";1;"PZ";1.49;1.49;0;0;0;1.49;"8017596100337";"JEDNOKR. PRIBOR/VREĆE ZA SMEĆE"
"KURKUMA 30g";"014697501";"DON JEREZ";0.03;"KG";0.99;33;0;0;0;0.99;"24100144";"ZAČINI/LIOFILIZIRANO"
"TARALLINI INTEGRALNI 300g";"014704901";"NO BRAND";0.3;"KG";2.12;7.07;0;0;0;2.12;"8021851600050";"SLANI PEKARSKI PROIZVODI"
"TARALLINI OD VIŠE VRSTA ŽITAR.300g";"014705101";"NO BRAND";0.3;"KG";2.12;7.07;0;0;0;2.12;"8021851600203";"SLANI PEKARSKI PROIZVODI"
"TARALLINI GRANO ARSO 300g";"014705201";"NO BRAND";0.3;"KG";2.12;7.07;0;0;0;2.12;"8021851600043";"SLANI PEKARSKI PROIZVODI"
".KOLAČIĆI RAZNI PUNJENI 150g";"014714901";"DOLCIANDO";0.15;"KG";2.59;17.27;1.49;9.93;2.29;2.59;"8017596109637";"PROIZVODI BOŽIĆ/USKRS"
".KOLAČIĆI RAZNI PUNJENI 150g";"014714901";"DOLCIANDO";0.15;"KG";2.59;17.27;1.49;9.93;2.29;2.59;"8017596110053";"PROIZVODI BOŽIĆ/USKRS"
".KOLAČ COLOMBINA S ČOKOLADOM 100g";"014717501";"DM DUCA MOSCATI";0.1;"KG";1.59;15.9;0.99;9.9;1.29;1.59;"8017596103482";"PROIZVODI BOŽIĆ/USKRS"
"TJE. DITALINI RIGATI B/GLUTENA 500g";"014717601";"TRE MULINI";0.5;"KG";1.89;3.78;1.39;2.78;1.89;1.89;"8017596101662";"TJESTENINA"
"SVINJSKI FILE VP";"014718801";"NO BRAND";1;"KG";8.89;8.89;0;0;0;8.89;"";"MESO SVINJSKO"
"DETER. RUBLJE SUPERBIANCO 3l 42p";"014730601";"DEXAL";3;"LT";4.29;1.43;0;0;0;4.29;"8017596061768";"SRED. ZA PRANJE RUBLJA/POSUĐA"
"VOĆNI N.BRESKVA/TREŠNJA 4X25g";"014752701";"PUERTOSOL";0.1;"KG";0.89;8.9;0;0;0;0.89;"8017596102386";"DORUČAK - PAHULJICE/NAMAZI/MED"
"VOĆNI N.BRESKVA/TREŠNJA 4X25g";"014752701";"PUERTOSOL";0.1;"KG";0.89;8.9;0;0;0;0.89;"8017596102409";"DORUČAK - PAHULJICE/NAMAZI/MED"
"VOĆNI N.JAGODA/MARELICA 4X25g";"014752801";"PUERTOSOL";0.1;"KG";0.89;8.9;0;0;0;0.89;"8017596102379";"DORUČAK - PAHULJICE/NAMAZI/MED"
"VOĆNI N.JAGODA/MARELICA 4X25g";"014752801";"PUERTOSOL";0.1;"KG";0.89;8.9;0;0;0;0.89;"8017596102393";"DORUČAK - PAHULJICE/NAMAZI/MED"
"MASLINE VELIKE BEZ KOŠTICE 560/260g";"014761801";"VARIAGUSTO";0.26;"KG";2.29;8.81;0;0;0;2.29;"8017596009111";"KONZER.PROIZVODI U ULJU/OCTU"
"ČAJ KAMILICA 20F 33,4g";"014775301";"LESTER HOUSE";0.0334;"KG";0.89;26.65;0;0;0;0.89;"8017596079862";"KAVA/ČAJEVI/DRUGO"
"PAPIRNATI RUČNICI 2S, 400L,1R";"014780401";"SOFT DREAM";1;"PZ";3.79;3.79;0;0;0;3.79;"8017596012036";"PAPIRNATI PROIZVODI"
"PRIPRAVAK ZA ŠLAG 500ml";"014802601";"FIOR DI NATURA";0.5;"LT";1.69;3.38;0;0;0;1.69;"8017596102447";"MLIJEČNI PROIZVODI UHT - JAJA"
"ORAH JEZGRA 100g";"014807601";"MISTER SIBAMBA";0.1;"KG";1.59;15.9;0;0;0;1.59;"8017596103406";"VOĆE SUHO/ORAŠASTO"
"ALUMIN.POSUDE B.POK. 6 P, 4kom";"014809901";"SISTEMA CASA";1;"PZ";1.49;1.49;0;0;0;1.49;"8017596100313";"JEDNOKR. PRIBOR/VREĆE ZA SMEĆE"
"LIGNJUN KOLUTIĆI 500g";"014811501";"ONDINA";0.5;"KG";6.59;13.18;0;0;0;6.59;"8017596040534";"ZAMRZNUTA RIBA/MORSKI PLODOVI"
"LIGNJUN KOLUTIĆI 500g";"014811501";"ONDINA";0.5;"KG";6.59;13.18;0;0;0;6.59;"8420567018645";"ZAMRZNUTA RIBA/MORSKI PLODOVI"
"ŽVAKAĆA G. PROFESSIONAL 60kom84g";"014826101";"NO BRAND";0.084;"KG";2.29;27.26;0;0;0;2.29;"4009900522212";"SLATKIŠI I BOMBONI"
"ČOKOLADNI VAFEL SNACK 3x45g 135g";"014837501";"DOLCIANDO";0.135;"KG";1.89;14;0;0;0;1.89;"8004800004574";"ČOKOLADE"
"ČOKOLADNI VAFEL SNACK 3x45g 135g";"014837501";"DOLCIANDO";0.135;"KG";1.89;14;0;0;0;1.89;"8017596107824";"ČOKOLADE"
"SACCH.A STRAPPO BIO 25+5+5X50 1500p";"014840901";"NO BRAND";1;"PZ";57.73;57.73;0;0;0;57.73;"";"EKONOMAT - ODJEL MESNICA"
"PAŠTETA ZA PSE PREMIUM 2 VRSTE 150g";"014842201";"RADAMES";0.15;"KG";0.59;3.93;0;0;0;0.59;"8017596019486";"HRANA ZA KUĆNE LJUBIMCE"
"PAŠTETA ZA PSE PREMIUM 2 VRSTE 150g";"014842201";"RADAMES";0.15;"KG";0.59;3.93;0;0;0;0.59;"8017596019493";"HRANA ZA KUĆNE LJUBIMCE"
"KONFETE BADEM 500g";"014853801";"DOLCIANDO";0.5;"KG";3.98;7.96;0;0;0;3.98;"8017596102973";"SLATKIŠI I BOMBONI"
"COLA LIMUN 1500ml";"014856701";"BLUES";1.5;"LT";0.95;0.63;0;0;0;0.95;"8017596104090";"BEZALKOHOLNA PIĆA"
"COLA LIMUN 1500ml";"014856701";"BLUES";1.5;"LT";0.95;0.63;0;0;0;0.95;"8017596121042";"BEZALKOHOLNA PIĆA"
"ULOŠCI ZA SLABU INK.SUPER 14kom";"014859701";"LA NUOVA PHARMACIA";1;"PZ";2.99;2.99;0;0;0;2.99;"8017596101945";"ULOŠCI/PELENE/VATE"
"HIGIJENSKA PLAHTA 80X180cm 15kom";"014860101";"LA NUOVA PHARMACIA";1;"PZ";5.99;5.99;0;0;0;5.99;"8017596101976";"ULOŠCI/PELENE/VATE"
"KEFIR 480g";"014860401";"LAND";0.48;"KG";1.15;2.4;0;0;0;1.15;"3023290020142";"JOGURTI I DESERTI"
"KEFIR 480g";"014860401";"LAND";0.48;"KG";1.15;2.4;0;0;0;1.15;"8017596103727";"JOGURTI I DESERTI"
"TOALETNI PAPIR 3 S,300L,6R";"014860501";"SOFT DREAM";1;"PZ";3.89;3.89;0;0;0;3.89;"8017596102812";"PAPIRNATI PROIZVODI"
"TOALETNI PAPIR 3 S,300L,6R";"014860501";"SOFT DREAM";1;"PZ";3.89;3.89;0;0;0;3.89;"8018426666108";"PAPIRNATI PROIZVODI"
"PUDING ČOKOLADA 4X125g";"014862901";"DOLCIANDO";0.5;"KG";1.49;2.98;0;0;0;1.49;"8017596102607";"JOGURTI I DESERTI"
"PUDING VANILIJA 4X125g";"014862902";"DOLCIANDO";0.5;"KG";1.49;2.98;0;0;0;1.49;"8017596102614";"JOGURTI I DESERTI"
"KOMPOT ANANAS KOMADIĆI 565g/340g";"014866401";"PUERTOSOL";0.34;"KG";1.79;5.26;0;0;0;1.79;"8017596103086";"VOĆE KONZERVIRANO"
"PAŠTETA STERIL.MAČKE 2 VRSTE 100g";"014876701";"RADAMES";0.1;"KG";0.49;4.9;0;0;0;0.49;"8017596076182";"HRANA ZA KUĆNE LJUBIMCE"
"PAŠTETA STERIL.MAČKE 2 VRSTE 100g";"014876701";"RADAMES";0.1;"KG";0.49;4.9;0;0;0;0.49;"8017596076175";"HRANA ZA KUĆNE LJUBIMCE"
"TJESTENINA ZVJEZDICE 500g";"014878001";"TRE MULINI";0.5;"KG";0.89;1.78;0;0;0;0.89;"8017596072184";"TJESTENINA"
"TJESTENINA MAŠNICE ZA JUHU 500g";"014878501";"TRE MULINI";0.5;"KG";0.89;1.78;0;0;0;0.89;"8017596006035";"TJESTENINA"
"PIVO B.B.LAGER STAKLENKA 4,7% 660ml";"014886301";"BEST BRAU";0.66;"LT";1.18;1.79;0;0;0;1.18;"8017596009074";"PIVA"
"KROK.ZA MLADE PSE PREM.2-12mj.1,5kg";"014890301";"RADAMES";1.5;"KG";3.49;2.33;0;0;0;3.19;"8017596102041";"HRANA ZA KUĆNE LJUBIMCE"
"PIVO BEST BRAU WEIZEN LIM 5% 500ml";"014891101";"BEST BRAU";0.5;"LT";0.85;1.7;0;0;0;0.85;"8017596103178";"PIVA"
"GUSTI IZBJELJIVAČ ZA DUB. ČIŠĆ. 3l";"014891201";"DEXAL";3;"LT";2.39;0.8;0;0;0;2.39;"8017596100559";"SREDSTVA ZA ČIŠĆENJE"
".TOALETNI PAPIR DUGI 2S,600L,12R";"014894101";"SOFT DREAM";1;"PZ";6.99;6.99;0;0;0;6.99;"8017596102829";"PAPIRNATI PROIZVODI"
"PIVO BEST BRAU PREM.LAG. 5% 660ml";"014897201";"BEST BRAU";0.66;"LT";1.18;1.79;0;0;0;1.18;"8017596050915";"PIVA"
"FILET ŽUTOPERAJNE TUNE 250g";"014900201";"NO BRAND";0.25;"KG";5.29;21.16;3.69;14.76;5.29;5.29;"8425663001683";"ZAMRZNUTA RIBA/MORSKI PLODOVI"
"FILET ŽUTOPERAJNE TUNE 250g";"014900201";"NO BRAND";0.25;"KG";5.29;21.16;3.69;14.76;5.29;5.29;"8436607570868";"ZAMRZNUTA RIBA/MORSKI PLODOVI"
"FILET ŽUTOPERAJNE TUNE 250g";"014900201";"NO BRAND";0.25;"KG";5.29;21.16;3.69;14.76;5.29;5.29;"8017596040602";"ZAMRZNUTA RIBA/MORSKI PLODOVI"
"PIVO B.B. PREM. PILS LIM 5% 500ml";"014901301";"BEST BRAU";0.5;"LT";0.85;1.7;0;0;0;0.85;"8017596103185";"PIVA"
"TJESTENINA PENNE RIGATE 5kg";"014902601";"TRE MULINI";5;"KG";6.99;1.4;0;0;0;6.99;"8017596102096";"TJESTENINA"
"TJESTENINA SPAGHETTI 5kg";"014902701";"TRE MULINI";5;"KG";6.99;1.4;0;0;0;6.99;"8017596102102";"TJESTENINA"
"PAŠTETA ZA PSE PREMIUM 2 VRSTE 300g";"014908601";"RADAMES";0.3;"KG";0.99;3.3;0.69;2.3;0.99;0.99;"8017596019608";"HRANA ZA KUĆNE LJUBIMCE"
"PAŠTETA ZA PSE PREMIUM 2 VRSTE 300g";"014908601";"RADAMES";0.3;"KG";0.99;3.3;0.69;2.3;0.99;0.99;"8017596019592";"HRANA ZA KUĆNE LJUBIMCE"
"BOMBONI ŠUMEĆI NARANČA I LIMUN 200g";"014912601";"DOLCIANDO";0.2;"KG";0.99;4.95;0;0;0;0.99;"8017596103161";"SLATKIŠI I BOMBONI"
"BOMBONI PUNJENI MLIJEKO/MENTA 300g";"014920601";"DOLCIANDO";0.3;"KG";1.29;4.3;0;0;0;1.29;"8017596066220";"SLATKIŠI I BOMBONI"
"BOMBONI ĐUMBIR I LIMUN BIO 90g";"014926801";"AMO ESSERE BIO";0.09;"KG";1.49;16.56;0;0;0;1.49;"8000635080257";"SLATKIŠI I BOMBONI"
"BOMBONI ĐUMBIR I LIMUN BIO 90g";"014926801";"AMO ESSERE BIO";0.09;"KG";1.49;16.56;0;0;0;1.49;"8017596105837";"SLATKIŠI I BOMBONI"
"PIVO B.B. BEZALK. LIM <0,5% 500ml";"014932301";"BEST BRAU";0.5;"LT";0.57;1.14;0;0;0;0.57;"8017596103208";"PIVA"
"PIVO BEST BRAU LAGER PET 5% 1l";"014932801";"BEST BRAU";1;"LT";1.52;1.52;1.19;1.19;1.52;1.52;"8017596103192";"PIVA"
"PIVO B.BRAU RADL. LIM 2,5% 500ml";"014935901";"BEST BRAU";0.5;"LT";0.65;1.3;0;0;0;0.65;"8017596071910";"PIVA"
"TEMELJAC OD MESA ZA JUHU 1l";"014936901";"DON JEREZ";1;"LT";1.29;1.29;0;0;0;1.29;"8017596103024";"RAJČICA/DODACI"
"ŠUNKA SUHA DIMLJENA 120g";"014937301";"LA BOTTEGA DEL GUSTO";0.12;"KG";2.19;18.25;0;0;0;2.19;"8017596103505";"SALAME SVJEŽE - EGALIZIRANE"
"RIŽA KREKER BIO 150g";"014963601";"AMO ESSERE BIO";0.15;"KG";0.99;6.6;0;0;0;0.99;"8017596079725";"PEKARSKI PROIZVODI"
"BOMBONI ŽELE TROPSKO VOĆE 200g";"014991001";"DOLCIANDO";0.2;"KG";1.29;6.45;0;0;0;1.29;"8017596103840";"SLATKIŠI I BOMBONI"
"PIZZA 4 VRSTE SIRA 300g";"014991101";"TRE MULINI";0.3;"KG";2.79;9.3;0;0;0;2.79;"8017596041890";"ZAMRZNUTA POLUGOTOVA JELA"
"TELEĆA PRSA,REBRA I POTRBUŠINA SK";"014993701";"NO BRAND";1;"KG";11.16;11.16;0;0;0;11.16;"";"MESO TELEĆE"
"ORAH JEZGRA 300g";"015003001";"MISTER SIBAMBA";0.3;"KG";3.79;12.63;0;0;0;3.79;"8017596109781";"VOĆE SUHO/ORAŠASTO"
"ORAH JEZGRA 300g";"015003001";"MISTER SIBAMBA";0.3;"KG";3.79;12.63;0;0;0;3.79;"8005912012624";"VOĆE SUHO/ORAŠASTO"
"DNEVNI ULOŠCI MAXI 30kom";"015007401";"FIOR DI MAGNOLIA";1;"PZ";1.19;1.19;0;0;0;1.19;"8017596003218";"ULOŠCI/PELENE/VATE"
"MASLINE ZEL BEZ KOŠT VRE 350g/150g";"015023101";"VARIAGUSTO";0.15;"KG";1.39;9.27;0;0;0;1.39;"8017596105257";"KONZER.PROIZVODI U ULJU/OCTU"
"SRED. ZA ČIŠĆENJE DRVA SPREJ 400ml";"015026701";"DEXAL";0.4;"LT";1.69;4.23;0;0;0;1.69;"8017596102904";"SREDSTVA ZA ČIŠĆENJE"
"BOMBONI MIJEŠANI GRANMIX 1kg";"015035201";"NO BRAND";1;"KG";4.49;4.49;0;0;0;4.49;"8002545002701";"SLATKIŠI I BOMBONI"
"WC GEL ZA UKLANJANJE KAMENCA 1l";"015040001";"DEXAL";1;"LT";1.59;1.59;0;0;0;1.59;"8017596103673";"SREDSTVA ZA ČIŠĆENJE"
"BOMBONI MARSHMALLOW 175g";"015041701";"DOLCIANDO";0.175;"KG";1.19;6.8;0;0;0;1.19;"8017596102706";"SLATKIŠI I BOMBONI"
"DNEVNI ULOŠCI 40kom";"015052601";"FIOR DI MAGNOLIA";1;"PZ";0.99;0.99;0;0;0;0.99;"8017596075512";"ULOŠCI/PELENE/VATE"
"KROKETI OD KRUMPIRA ZA PEĆNICU 600g";"015060501";"DELIZIE DAL SOLE";0.6;"KG";2.09;3.48;0;0;0;2.09;"8017596042293";"ZAMRZNUTO POVRĆE"
"PJEN.VIN.GRAN DESSER SLATKO 750ml";"015063401";"NO BRAND";0.75;"LT";2.42;3.23;0;0;0;2.42;"8008920001970";"PJENUŠCI"
"PJEN.VIN.GRAN DESSER SLATKO 750ml";"015063401";"NO BRAND";0.75;"LT";2.42;3.23;0;0;0;2.42;"8003295012484";"PJENUŠCI"
"DNEVNI ULOŠCI 40kom";"015067401";"FIOR DI MAGNOLIA";1;"PZ";1.19;1.19;0;0;0;1.19;"8017596075505";"ULOŠCI/PELENE/VATE"
"PAP.MARAM.KUTIJA.3 SLOJA 100kom";"015095901";"SOFT DREAM";1;"PZ";1.19;1.19;0;0;0;1.19;"8017596103239";"PAPIRNATI PROIZVODI"
"DNEVNI ULOŠCI TANKI 24kom";"015099601";"FIOR DI MAGNOLIA";1;"PZ";0.99;0.99;0;0;0;0.99;"8017596075499";"ULOŠCI/PELENE/VATE"
"SVJEĆICA MUZIČKA PLAVA";"015105101";"NO BRAND";1;"PZ";1.06;1.06;0;0;0;1.06;"8006545157485";"DOMAĆINSTVO"
"SVJEĆICA MUZIČKA ROZA";"015105201";"NO BRAND";1;"PZ";1.06;1.06;0;0;0;1.06;"8006545157515";"DOMAĆINSTVO"
"*MORTADELA KOCKICE";"015106301";"NO BRAND";1;"KG";4.99;4.99;0;0;0;4.99;"";"DELIKATESA - SALAME"
"*PRŠUT VRŠAK/KOCKICE";"015106501";"NO BRAND";1;"KG";6.99;6.99;0;0;0;6.99;"";"DELIKATESA - SALAME"
"ENERGETSKI NAPITAK BEZ ŠEĆERA 250ml";"015107401";"NO BRAND";0.25;"LT";0.39;1.56;0;0;0;0.39;"8009980896223";"BEZALKOHOLNA PIĆA"
"ENERGETSKI NAPITAK BEZ ŠEĆERA 250ml";"015107401";"NO BRAND";0.25;"LT";0.39;1.56;0;0;0;0.39;"8033903052182";"BEZALKOHOLNA PIĆA"
"SRED. PEGLANJE ODJEĆE SPREJ 500ml";"015127801";"SISTEMA CASA";0.5;"LT";1.49;2.98;0;0;0;1.49;"8017596011343";"PROIZVODI ZA UREĐENJE DOMA"
"SIR EMMENTAL JULIENNE 200g";"015181601";"LAND";0.2;"KG";2.49;12.45;0;0;0;2.49;"8017596104113";"MLIJEČNI PROIZ. SVJEŽI - EGAL."
"RIŽA DUGOZRNATA PARBOILED 2kg";"015186701";"DELIZIE DAL SOLE";2;"KG";3.99;2;0;0;0;3.99;"8017596061447";"RIŽA"
"KEKSI ZA PSE U OBLIKU KOSTI 400g";"015188701";"RADAMES";0.4;"KG";1.29;3.23;0;0;0;1.29;"8017596066657";"HRANA ZA KUĆNE LJUBIMCE"
"KEKSI ZA PSE PUNJENI 400g";"015188801";"RADAMES";0.4;"KG";1.29;3.23;0;0;0;1.29;"8017596066664";"HRANA ZA KUĆNE LJUBIMCE"
"DRVENI UGLJEN 3kg";"015203801";"EUROGARDEN";3;"KG";3.32;1.11;0;0;0;3.32;"8004393000083";"INSEKTICIDI/SVIJEĆE/OSVJEŽIVAČ"
"DRVENI UGLJEN 3kg";"015203801";"EUROGARDEN";3;"KG";3.32;1.11;0;0;0;3.32;"8017596106360";"INSEKTICIDI/SVIJEĆE/OSVJEŽIVAČ"
"SVINJSKI VRAT BK";"015208101";"NO BRAND";1;"KG";6.24;6.24;0;0;0;6.24;"";"MESO SVINJSKO"
"ČOKOLADA S LJEŠNJACIMA ŠVIC.300g";"015217201";"DOLCIANDO";0.3;"KG";4.79;15.97;0;0;0;4.79;"8017596018595";"ČOKOLADE"
"JUHA OD POVRĆA 500g";"015222901";"DELIZIE DAL SOLE";0.5;"KG";1.29;2.58;0;0;0;1.29;"8017596067142";"JUHE/DEHIDRIRANI PROIZVODI"
"*PREMIUM KUHANA ŠUNKA IZ KOMAD.BUTA";"015226701";"NO BRAND";1;"KG";21.9;21.9;0;0;0;21.9;"";"DELIKATESA - SALAME"
"ČOKOLADA MLIJEČNA ŠVICARSKA 300g";"015227101";"DOLCIANDO";0.3;"KG";4.79;15.97;0;0;0;4.79;"8017596018588";"ČOKOLADE"
"HIG.ULOŠCI NOĆNI EXTRA DUGI 20kom";"015231601";"FIOR DI MAGNOLIA";1;"PZ";1.29;1.29;0;0;0;1.29;"8017596075482";"ULOŠCI/PELENE/VATE"
"ZELATINA U LISTICIMA 24G";"015233201";"DOLCIANDO";0.024;"KG";1.39;57.92;0;0;0;1.39;"8017596104250";"KAKAO/DOD. ZA KOLAČE/PREHRANU"
"PAP.KOSAR.ZA MUFFINE 170KOM";"015233301";"DOLCIANDO";1;"PZ";2.29;2.29;0;0;0;2.29;"8017596104274";"KAKAO/DOD. ZA KOLAČE/PREHRANU"
"MJEŠAVINA POVRĆA ZA DINSTANJE 300g";"015245701";"DELIZIE DAL SOLE";0.3;"KG";0.89;2.97;0;0;0;0.89;"8017596042316";"ZAMRZNUTO POVRĆE"
"SJECKANA PRŽENA PISTACIJA 50g";"015270701";"NO BRAND";0.05;"KG";1.99;39.8;0;0;0;1.99;"8005912011863";"BRAŠNO"
"SJECKANI PRŽENI BADEM 100g";"015270801";"NO BRAND";0.1;"KG";1.99;19.9;0;0;0;1.99;"8005912011498";"BRAŠNO"
"SJECKANI PRŽENI LJEŠNJAK 100g";"015270901";"NO BRAND";0.1;"KG";1.99;19.9;0;0;0;1.99;"8005912011481";"BRAŠNO"
".SMETANA ZA KUHANJE 3X200ml";"015277001";"LAND";0.6;"LT";1.89;3.15;0;0;0;1.69;"8017596105967";"MLIJEČNI PROIZVODI UHT - JAJA"
"*MEZZELUNE BUNDEVA I SIR 250g";"015281201";"NO BRAND";0.25;"KG";2.99;11.96;2.29;9.16;2.99;2.99;"8006013990071";"DELIKATESA - DELIKATESA"
"*MEZZELUNE BUNDEVA I SIR 250g";"015281201";"NO BRAND";0.25;"KG";2.99;11.96;2.29;9.16;2.99;2.99;"8006013986524";"DELIKATESA - DELIKATESA"
"GEL ZA ODSTRANJIVANJE MRLJA 1l";"015294901";"DEXAL";1;"LT";2.59;2.59;0;0;0;2.59;"8017596062567";"SRED. ZA PRANJE RUBLJA/POSUĐA"
"GEL ZA ODSTRANJIVANJE MRLJA 1l";"015294901";"DEXAL";1;"LT";2.59;2.59;0;0;0;2.59;"8017948021297";"SRED. ZA PRANJE RUBLJA/POSUĐA"
"KEKSI 100% INTEGRALNI 350g";"015319501";"DOLCIANDO";0.35;"KG";1.59;4.54;0;0;0;1.59;"8017596105165";"KEKSI/VAFLI/SNACKS"
"PAPIR ZA PEČENJE 25 LISTOVA 33X38cm";"015320201";"SISTEMA CASA";1;"PZ";0.99;0.99;0;0;0;0.99;"8017596077776";"JEDNOKR. PRIBOR/VREĆE ZA SMEĆE"
"RAGU S KOBASICOM 180g 2KOM";"015320501";"DELIZIE DAL SOLE";0.36;"KG";2.12;5.89;0;0;0;2.12;"8017596105844";"RAJČICA/DODACI"
"HRANA ZA MAČKE GOVED/PILE 415g";"015326301";"RADAMES";0.415;"KG";0.75;1.81;0;0;0;0.79;"8017596114396";"HRANA ZA KUĆNE LJUBIMCE"
"HRANA ZA MAČKE GOVED/PILE 415g";"015326301";"RADAMES";0.415;"KG";0.75;1.81;0;0;0;0.79;"8017596114389";"HRANA ZA KUĆNE LJUBIMCE"
"HRANA ZA MAČKE GOVED/PILE 415g";"015326301";"RADAMES";0.415;"KG";0.75;1.81;0;0;0;0.79;"8017596004420";"HRANA ZA KUĆNE LJUBIMCE"
"HRANA ZA MAČKE GOVED/PILE 415g";"015326301";"RADAMES";0.415;"KG";0.75;1.81;0;0;0;0.79;"8017596004413";"HRANA ZA KUĆNE LJUBIMCE"
"HRANA ZA PSE GOV/PILE I PUR 1,25kg";"015326701";"RADAMES";1.25;"KG";1.59;1.27;0;0;0;1.59;"8017596114457";"HRANA ZA KUĆNE LJUBIMCE"
"HRANA ZA PSE GOV/PILE I PUR 1,25kg";"015326701";"RADAMES";1.25;"KG";1.59;1.27;0;0;0;1.59;"8017596114440";"HRANA ZA KUĆNE LJUBIMCE"
"HRANA ZA PSE GOV/PILE I PUR 1,25kg";"015326701";"RADAMES";1.25;"KG";1.59;1.27;0;0;0;1.59;"8017596004369";"HRANA ZA KUĆNE LJUBIMCE"
"HRANA ZA PSE GOV/PILE I PUR 1,25kg";"015326701";"RADAMES";1.25;"KG";1.59;1.27;0;0;0;1.59;"8017596015235";"HRANA ZA KUĆNE LJUBIMCE"
"HRANA ZA PSE GOV/PILE I PUR 415g";"015326901";"RADAMES";0.415;"KG";0.79;1.9;0;0;0;0.79;"8017596114433";"HRANA ZA KUĆNE LJUBIMCE"
"HRANA ZA PSE GOV/PILE I PUR 415g";"015326901";"RADAMES";0.415;"KG";0.79;1.9;0;0;0;0.79;"8017596114426";"HRANA ZA KUĆNE LJUBIMCE"
"HRANA ZA PSE GOV/PILE I PUR 415g";"015326901";"RADAMES";0.415;"KG";0.79;1.9;0;0;0;0.79;"8017596015228";"HRANA ZA KUĆNE LJUBIMCE"
"HRANA ZA PSE GOV/PILE I PUR 415g";"015326901";"RADAMES";0.415;"KG";0.79;1.9;0;0;0;0.79;"8017596004376";"HRANA ZA KUĆNE LJUBIMCE"
"HRANA ZA MAČKE RIBA/DIVLJAČ 415g";"015327001";"RADAMES";0.415;"KG";0.75;1.81;0;0;0;0.79;"8017596114402";"HRANA ZA KUĆNE LJUBIMCE"
"HRANA ZA MAČKE RIBA/DIVLJAČ 415g";"015327001";"RADAMES";0.415;"KG";0.75;1.81;0;0;0;0.79;"8017596114419";"HRANA ZA KUĆNE LJUBIMCE"
"HRANA ZA MAČKE RIBA/DIVLJAČ 415g";"015327001";"RADAMES";0.415;"KG";0.75;1.81;0;0;0;0.79;"8017596015211";"HRANA ZA KUĆNE LJUBIMCE"
"HRANA ZA MAČKE RIBA/DIVLJAČ 415g";"015327001";"RADAMES";0.415;"KG";0.75;1.81;0;0;0;0.79;"8017596004406";"HRANA ZA KUĆNE LJUBIMCE"
"BURGER OD ALJAŠKE KOLJE 2KOM 210g";"015344001";"ATHENA";0.21;"KG";1.69;8.05;0;0;0;1.69;"8017596040336";"ZAMRZNUTA RIBA/MORSKI PLODOVI"
"BADEM JEZGRA 250g";"015344301";"MISTER SIBAMBA";0.25;"KG";3.69;14.76;0;0;0;3.69;"8017596109798";"VOĆE SUHO/ORAŠASTO"
"RAJČICA UMAK S POVRĆEM 700g";"015356701";"DELIZIE DAL SOLE";0.7;"KG";1.49;2.13;0;0;0;1.49;"8017596107145";"RAJČICA/DODACI"
"PIVO MONASTICA BLONDE 6,5% 750ml";"015356801";"NO BRAND";0.75;"LT";3.59;4.79;0;0;0;3.59;"5410218006926";"PIVA"
".MASLINE CIJELE U LECCINO 300g/180g";"015382301";"VARIAGUSTO";0.18;"KG";1.59;8.83;0;0;0;1.59;"8002170417161";"KONZER.PROIZVODI U ULJU/OCTU"
".MASLINE CIJELE U LECCINO 300g/180g";"015382301";"VARIAGUSTO";0.18;"KG";1.59;8.83;0;0;0;1.59;"8017596107527";"KONZER.PROIZVODI U ULJU/OCTU"
".DRVENI UGLJEN 5kg";"015386001";"IL BRACIERE";5;"KG";5.69;1.14;0;0;0;5.69;"8017596106377";"INSEKTICIDI/SVIJEĆE/OSVJEŽIVAČ"
".SLANINA ZA PEČENJE 300g";"015387201";"IL BRACIERE";0.3;"KG";3.39;11.3;0;0;0;3.39;"8017596107299";"SALAME SVJEŽE - EGALIZIRANE"
".KRUH ZA BRUSCHETTE 500g";"015387801";"IL BRACIERE";0.5;"KG";1.59;3.18;0;0;0;1.59;"8017596106247";"PEKARSKI PROIZVODI"
".ČIPS HRSKAVI 180g";"015388001";"IL BRACIERE";0.18;"KG";1.29;7.17;0;0;0;1.29;"8017596106223";"KEKSI/VAFLI/SNACKS"
".UMAK BBQ 560g";"015393901";"DELIZIE DAL SOLE";0.56;"KG";1.49;2.66;0;0;0;1.49;"8017596107169";"RAJČICA/DODACI"
".UMAK BBQ 560g";"015393901";"DELIZIE DAL SOLE";0.56;"KG";1.49;2.66;0;0;0;1.49;"8017596123589";"RAJČICA/DODACI"
"VREĆE ZA SMEĆE PLAVE53x65 40l 20kom";"015408101";"SISTEMA CASA";1;"PZ";1.19;1.19;0;0;0;1.19;"8017596101839";"JEDNOKR. PRIBOR/VREĆE ZA SMEĆE"
"RAJČICA FINO SJECKANA 2x230g";"015411601";"DELIZIE DAL SOLE";0.46;"KG";1.69;3.67;0;0;0;1.69;"8017596105776";"RAJČICA/DODACI"
"LEDENI ČAJ BRESKVA/LIMUN ZERO 1.5l";"015421801";"BLUES";1.5;"LT";0.79;0.53;0;0;0;0.79;"8017596011299";"BEZALKOHOLNA PIĆA"
"LEDENI ČAJ BRESKVA/LIMUN ZERO 1.5l";"015421801";"BLUES";1.5;"LT";0.79;0.53;0;0;0;0.79;"8017596011305";"BEZALKOHOLNA PIĆA"
"*PEKARSKI KRUMPIR";"015448801";"NO BRAND";1;"KG";3.04;3.04;0;0;0;3.04;"";"PRODUZIONE INTERNA"
"ČOKOLADNA JAJA MIX 370g";"015460501";"DOLCIANDO";0.37;"KG";3.99;10.78;0;0;0;3.99;"8008743041412";"ČOKOLADE"
"ČOKOLADNA JAJA MIX 370g";"015460501";"DOLCIANDO";0.37;"KG";3.99;10.78;0;0;0;3.99;"8017596112576";"ČOKOLADE"
"SPUŽVICE ZA KUĆANSTVO CLASSIC. 8kom";"015463301";"SISTEMA CASA";1;"PZ";0.99;0.99;0;0;0;0.99;"8017596106094";"PROIZVODI ZA UREĐENJE DOMA"
"NEGAZIRANO PIĆE LIMUN I LIMETA 1l";"015479001";"PUERTOSOL";1;"LT";1.59;1.59;0;0;0;1.59;"8017596107374";"BEZALKOHOLNA PIĆA"
"NEGAZIRANO PIĆE LIMUN I LIMETA 1l";"015479001";"PUERTOSOL";1;"LT";1.59;1.59;0;0;0;1.59;"9006900224134";"BEZALKOHOLNA PIĆA"
"NEGAZIRANO PIĆE BOROVNICA 1l";"015479101";"PUERTOSOL";1;"LT";1.59;1.59;0;0;0;1.59;"8017596107398";"BEZALKOHOLNA PIĆA"
"NEGAZIRANO PIĆE BOROVNICA 1l";"015479101";"PUERTOSOL";1;"LT";1.59;1.59;0;0;0;1.59;"9006900224097";"BEZALKOHOLNA PIĆA"
"NEGAZIRANO PIĆE ŠIPAK 1l";"015479201";"PUERTOSOL";1;"LT";1.49;1.49;0;0;0;1.49;"8017596107381";"BEZALKOHOLNA PIĆA"
"NEGAZIRANO PIĆE ŠIPAK 1l";"015479201";"PUERTOSOL";1;"LT";1.49;1.49;0;0;0;1.49;"9006900224110";"BEZALKOHOLNA PIĆA"
"COLA ZERO 1,5l";"015500201";"BLUES";1.5;"LT";0.69;0.46;0;0;0;0.69;"8017596063106";"BEZALKOHOLNA PIĆA"
"ZELENI ČAJ S ALOA VEROM 1,5l";"015516201";"BLUES";1.5;"LT";0.95;0.63;0;0;0;0.95;"8017596113689";"BEZALKOHOLNA PIĆA"
"ZELENI ČAJ S ALOA VEROM 1,5l";"015516201";"BLUES";1.5;"LT";0.95;0.63;0;0;0;0.95;"8017596105127";"BEZALKOHOLNA PIĆA"
"ZELENI ČAJ S ALOA VEROM 1,5l";"015516201";"BLUES";1.5;"LT";0.95;0.63;0;0;0;0.95;"8017596051578";"BEZALKOHOLNA PIĆA"
"SNACK ZA MAČKE OKUS SIR 60g";"015521501";"RADAMES";0.06;"KG";0.65;10.83;0;0;0;0.65;"8017596106551";"HRANA ZA KUĆNE LJUBIMCE"
"FILETI INĆUNA U MASLINOVOM ULJU 80g";"015526601";"ONDINA";0.08;"KG";2.39;29.88;0;0;0;2.39;"24100038";"RIBLJE KONZERVE"
"RAJČICA UMAK BOLOGNESE 400g";"015527601";"DELIZIE DAL SOLE";0.4;"KG";1.89;4.73;0;0;0;1.89;"8017596106063";"RAJČICA/DODACI"
"RAJČICA UMAK AMATRICIANA 400g";"015527701";"DELIZIE DAL SOLE";0.4;"KG";1.89;4.73;0;0;0;1.89;"8017596106056";"RAJČICA/DODACI"
"OSVJ. WC ŠKOLJKE IZBJ./CVJET. 2x33g";"015528201";"SISTEMA CASA";0.066;"KG";1.69;25.61;0;0;0;1.69;"8017596114983";"INSEKTICIDI/SVIJEĆE/OSVJEŽIVAČ"
"OSVJ. WC ŠKOLJKE IZBJ./CVJET. 2x33g";"015528201";"SISTEMA CASA";0.066;"KG";1.69;25.61;0;0;0;1.69;"8017596104991";"INSEKTICIDI/SVIJEĆE/OSVJEŽIVAČ"
"SNACK ZA MAČKE OKUS RIBA 60g";"015529601";"RADAMES";0.06;"KG";0.65;10.83;0;0;0;0.65;"8017596106544";"HRANA ZA KUĆNE LJUBIMCE"
"SPUŽVICE ZA KUĆANSTVO CELULOZA.3kom";"015530201";"SISTEMA CASA";1;"PZ";1.19;1.19;0;0;0;1.19;"8017596064035";"PROIZVODI ZA UREĐENJE DOMA"
"SVJEŽI NJOKI BEZ GLUTENA 2x200g";"015532101";"TRE MULINI";0.4;"KG";1.79;4.48;1.25;3.13;1.79;1.79;"8017596107060";"TJESTENINA SVJEŽA - PUNJENA"
"ČOK.BOMBONI KAVA 200g";"015532201";"DOLCIANDO";0.2;"KG";2.49;12.45;0;0;0;2.49;"8017596104564";"ČOKOLADE"
"*PILEĆA PRSA";"015532301";"NO BRAND";1;"KG";9.5;9.5;0;0;0;9.5;"";"DELIKATESA - SALAME"
"SLATKI KRUH 8 kom 336g";"015533301";"DOLCIANDO";0.336;"KG";1.99;5.92;0;0;0;1.99;"8017596105103";"BISKVIT PROIZVODI/KROASAN"
"SRED.ZA ČIŠČENJE JABUČNI OCAT 900ml";"015533801";"DEXAL";0.9;"LT";1.39;1.54;0;0;0;1.39;"8003985208098";"SREDSTVA ZA ČIŠĆENJE"
"SRED.ZA ČIŠČENJE JABUČNI OCAT 900ml";"015533801";"DEXAL";0.9;"LT";1.39;1.54;0;0;0;1.39;"8017596119384";"SREDSTVA ZA ČIŠĆENJE"
"INSTANT TJESTENINA GOVEDINA 65g";"015535701";"TRE MULINI";0.065;"KG";0.99;15.23;0;0;0;0.99;"8017596107596";"JUHE/DEHIDRIRANI PROIZVODI"
"INSTANT TJESTENINA GOVEDINA 65g";"015535701";"TRE MULINI";0.065;"KG";0.99;15.23;0;0;0;0.99;"8017596119964";"JUHE/DEHIDRIRANI PROIZVODI"
"INSTANT TJESTENINA PILETINA 65g";"015535801";"TRE MULINI";0.065;"KG";0.99;15.23;0;0;0;0.99;"8017596107589";"JUHE/DEHIDRIRANI PROIZVODI"
"INSTANT TJESTENINA PILETINA 65g";"015535801";"TRE MULINI";0.065;"KG";0.99;15.23;0;0;0;0.99;"8017596119957";"JUHE/DEHIDRIRANI PROIZVODI"
"INSTANT TJESTENINA POVRĆE 65g";"015535901";"TRE MULINI";0.065;"KG";0.99;15.23;0;0;0;0.99;"8017596107602";"JUHE/DEHIDRIRANI PROIZVODI"
"INSTANT TJESTENINA POVRĆE 65g";"015535901";"TRE MULINI";0.065;"KG";0.99;15.23;0;0;0;0.99;"8017596119971";"JUHE/DEHIDRIRANI PROIZVODI"
"SNACK ZA MAČKE OKUS MESO 60g";"015540601";"RADAMES";0.06;"KG";0.65;10.83;0;0;0;0.65;"8017596106537";"HRANA ZA KUĆNE LJUBIMCE"
"PIVO B.B. EXTRA 4,5% 330ml";"015551901";"BEST BRAU";0.33;"LT";0.89;2.7;0;0;0;0.89;"5900535011814";"PIVA"
"PIVO B.B. EXTRA 4,5% 330ml";"015551901";"BEST BRAU";0.33;"LT";0.89;2.7;0;0;0;0.89;"8017596111913";"PIVA"
"GHIRIGO KOLAČ SA KAKAOM 10 kom 330g";"015552101";"DOLCIANDO";0.33;"KG";1.99;6.03;0;0;0;1.99;"8017596063472";"BISKVIT PROIZVODI/KROASAN"
"PAPIR ZA PEČENJE 50m";"015555601";"SISTEMA CASA";1;"PZ";4.29;4.29;0;0;0;4.29;"8005330041848";"JEDNOKR. PRIBOR/VREĆE ZA SMEĆE"
"PAPIR ZA PEČENJE 50m";"015555601";"SISTEMA CASA";1;"PZ";4.29;4.29;0;0;0;4.29;"8017596074331";"JEDNOKR. PRIBOR/VREĆE ZA SMEĆE"
"PIR PRETHODNO KUHANI 400g";"015578001";"DELIZIE DAL SOLE";0.4;"KG";1.39;3.48;0;0;0;1.39;"8017596106131";"POVRĆE KONZERVIRANO/SUHO"
"STICK MAČKE RAZL.OKUSI 10X5g 50g";"015578901";"RADAMES";0.05;"KG";1.39;27.8;0;0;0;1.39;"8017596104212";"HRANA ZA KUĆNE LJUBIMCE"
"MAHUNARKE I ŽITARICE MIX 400g";"015588401";"DELIZIE DAL SOLE";0.4;"KG";1.59;3.98;0;0;0;1.59;"8017596106124";"POVRĆE KONZERVIRANO/SUHO"
"SIR SVJEŽI ZRNATI 20% 200g";"015597801";"LAND";0.2;"KG";1.39;6.95;0;0;0;1.39;"8034066309069";"MLIJEČNI PROIZ. SVJEŽI - EGAL."
"SIR SVJEŽI ZRNATI 20% 200g";"015597801";"LAND";0.2;"KG";1.39;6.95;0;0;0;1.39;"8017596008930";"MLIJEČNI PROIZ. SVJEŽI - EGAL."
"VINO ROSSO DOP RISERVA 750ml";"015605601";"NO BRAND";0.75;"LT";4.89;6.52;0;0;0;4.89;"8020685012749";"VINA"
"BOMBONI ŠUMEĆI COLA 200g";"015612301";"DOLCIANDO";0.2;"KG";1.19;5.95;0;0;0;1.19;"8017596113702";"SLATKIŠI I BOMBONI"
"BOMBONI ŠUMEĆI COLA 200g";"015612301";"DOLCIANDO";0.2;"KG";1.19;5.95;0;0;0;1.19;"8002545004606";"SLATKIŠI I BOMBONI"
"RIŽA BASMATI 1kg";"015612501";"DELIZIE DAL SOLE";1;"KG";2.95;2.95;0;0;0;2.95;"8017596107749";"RIŽA"
"MOUSSE ZA MAČKE PREMIUM 8x85g 680g";"015613901";"RADAMES";0.68;"KG";4.89;7.19;0;0;0;4.89;"8017596106858";"HRANA ZA KUĆNE LJUBIMCE"
"SLADOLED ŠLAG/KAKAO/KAVA/STRACC 1kg";"015614001";"DOLCIANDO";1;"KG";5.29;5.29;0;0;0;5.29;"8017596044167";"SLADOLEDI I DESERTI"
"SLADOLED LJE/KREM/KAK/PAN.COTTA 1kg";"015614002";"DOLCIANDO";1;"KG";5.29;5.29;0;0;0;5.29;"8017596044174";"SLADOLEDI I DESERTI"
"SLADOLED LJE/STRA/MASCARP/SPAGN 1kg";"015614003";"DOLCIANDO";1;"KG";5.29;5.29;0;0;0;5.29;"8017596044150";"SLADOLEDI I DESERTI"
"SLADOLED LIM/ANAN/DINJA/JAGODA 1kg";"015614004";"DOLCIANDO";1;"KG";5.29;5.29;0;0;0;5.29;"8017596044181";"SLADOLEDI I DESERTI"
"FILE PILEĆEG ZABATKA BKK GASTRO";"015614301";"NO BRAND";1;"KG";5.49;5.49;0;0;0;5.49;"";"MESO PERADI"
"SPUŽVICE KUĆANSTVO BEZ OGREB.4kom";"015618901";"SISTEMA CASA";1;"PZ";1.19;1.19;0;0;0;1.19;"8017596106087";"PROIZVODI ZA UREĐENJE DOMA"
"ŽITARICE MIX 5 VRSTA/CRV. RIŽA 400g";"015619301";"DELIZIE DAL SOLE";0.4;"KG";1.89;4.73;1.39;3.48;1.89;1.89;"8017596106155";"POVRĆE KONZERVIRANO/SUHO"
"*ŠUNKA U OVITKU";"015632701";"NO BRAND";1;"KG";8.9;8.9;0;0;0;8.9;"";"DELIKATESA - SALAME"
"SPUŽVASTE KRPE 10kom";"015653601";"SISTEMA CASA";1;"PZ";2.39;2.39;0;0;0;2.39;"8017596062154";"PROIZVODI ZA UREĐENJE DOMA"
"SLADOLED TORTA 750g";"015654301";"DOLCIANDO";0.75;"KG";5.49;7.32;0;0;0;5.49;"8017596044198";"SLADOLEDI I DESERTI"
"KRPA ZA BRISANJE PODA CLASSICO";"015678001";"SISTEMA CASA";1;"PZ";1.06;1.06;0;0;0;1.06;"8017596072252";"PROIZVODI ZA UREĐENJE DOMA"
"MORTADELA 700g";"015688401";"LA BOTTEGA DEL GUSTO";0.7;"KG";4.49;6.41;0;0;0;4.49;"8017596052612";"SALAME SVJEŽE - EGALIZIRANE"
"ZEMLJA ZA SADNICE UNIVERZALNA 45l";"015719401";"EUROGARDEN";45;"LT";3.29;0.07;0;0;0;3.29;"8017596108241";"SEZONSKI PROIZVODI"
"ZEMLJA ZA SADNICE UNIVERZALNA 45l";"015719401";"EUROGARDEN";45;"LT";3.29;0.07;0;0;0;3.29;"8007060000775";"SEZONSKI PROIZVODI"
"HR.ZA MAČKE RIBA KOM.U ŽELEU 4X100g";"015731701";"RADAMES";0.4;"KG";1.89;4.73;0;0;0;1.89;"8017596106827";"HRANA ZA KUĆNE LJUBIMCE"
"PANCETA DIMLJENA KOMAD 200g";"015740901";"LA BOTTEGA DEL GUSTO";0.2;"KG";4.19;20.95;0;0;0;4.29;"8017596109927";"SALAME SVJEŽE - EGALIZIRANE"
".KOLAČ PROFITEROLE 650g";"015752201";"DM DUCA MOSCATI";0.65;"KG";6.99;10.75;4.99;7.68;6.99;6.99;"8017596100924";"PROIZVODI BOŽIĆ/USKRS"
".SLADOLED S OKUSOM KAVE 4KOM 280g";"015765401";"DOLCIANDO";0.28;"KG";2.49;8.89;0;0;0;2.49;"8017596043283";"SLADOLEDI I DESERTI"
"KAPULICE 300g/180g";"015765701";"VARIAGUSTO";0.18;"KG";1.09;6.06;0;0;0;1.09;"8017596109651";"KONZER.PROIZVODI U ULJU/OCTU"
"KUKURUZ SLATKI 340g/285g";"015765901";"DELIZIE DAL SOLE";0.285;"KG";1.09;3.82;0;0;0;1.09;"8017596108258";"POVRĆE KONZERVIRANO/SUHO"
".POKLON POCHETTE PR.ZA NJEGU KOŽE";"015767401";"FIOR DI MAGNOLIA";1;"PZ";9.99;9.99;8.99;8.99;8.99;9.99;"8017596111050";"KOZMETIKA/NJEGA TIJELA I LICA"
".TANJURI PLITKI BIORAZ.PAPIR 20kom";"015767601";"SISTEMA CASA";1;"PZ";2.19;2.19;1.99;1.99;1.99;2.19;"8017596110992";"JEDNOKR. PRIBOR/VREĆE ZA SMEĆE"
"TJESTENINA TAGLIATELLE DURUM 500g";"015768801";"TRE MULINI";0.5;"KG";1.29;2.58;0;0;0;1.29;"8017596054197";"TJESTENINA"
"ČOKOLADNA JAJA S KOM. LJEŠ. 160g";"015771601";"DOLCIANDO";0.16;"KG";1.99;12.44;0;0;0;1.99;"8017596109941";"ČOKOLADE"
"MAXI KROKANT OD BADEMA 250g";"015771701";"DOLCIANDO";0.25;"KG";3.49;13.96;0;0;0;3.49;"8017596109613";"SLATKIŠI I BOMBONI"
"HRSKAVE PLOČICE BADEM 80g";"015771801";"DOLCIANDO";0.08;"KG";1.19;14.88;0;0;0;1.19;"8017596012098";"SLATKIŠI I BOMBONI"
"HRSKAVE PLOČICE SEZAM 80g";"015771901";"DOLCIANDO";0.08;"KG";0.79;9.88;0;0;0;0.79;"8017596012104";"SLATKIŠI I BOMBONI"
"HRSKAVE PLOČICE KIKIRIKI 80g";"015772001";"DOLCIANDO";0.08;"KG";0.79;9.88;0;0;0;0.79;"8017596012081";"SLATKIŠI I BOMBONI"
"TORRONCINI PUNJENI 130g";"015772301";"DM DUCA MOSCATI";0.13;"KG";1.69;13;1.29;9.92;1.69;1.69;"8017596108302";"PROIZVODI BOŽIĆ/USKRS"
"TORRONCINI S BADEMIMA 130g";"015772401";"DM DUCA MOSCATI";0.13;"KG";1.69;13;1.29;9.92;1.69;1.69;"8017596108296";"PROIZVODI BOŽIĆ/USKRS"
"TORRONCINI S BADEMIMA 130g";"015773501";"DM DUCA MOSCATI";0.13;"KG";1.99;15.31;1.29;9.92;1.99;1.99;"8017596108326";"PROIZVODI BOŽIĆ/USKRS"
"KAKAO KEKS PUNJEN VANILIJOM 176g";"015789601";"DOLCIANDO";0.176;"KG";1.15;6.53;0;0;0;1.15;"8017596110114";"KEKSI/VAFLI/SNACKS"
"VANILIJA BURBON STAPIC";"015806901";"DOLCIANDO";1;"PZ";3.49;3.49;0;0;0;3.49;"8017596108807";"KAKAO/DOD. ZA KOLAČE/PREHRANU"
"TERMALNA TORBA";"015808901";"NO BRAND";1;"PZ";0.01;0.01;0;0;0;0.01;"8017596239235";"SELF LIQUIDATING"
"ASCIUGACAPELLI SELF LIQUIDATING .";"015809201";"NO BRAND";1;"PZ";13.27;13.27;0;0;0;13.27;"8017596239259";"SELF LIQUIDATING"
"BORRACCIA SELF ALTRE LINGUE";"015811101";"NO BRAND";1;"PZ";6.64;6.64;0;0;0;6.64;"8017596239433";"SELF LIQUIDATING"
"SPREJ ZA SUNČANJE SPF30 250ml";"015839001";"NEAR YOUR XXX";0.25;"LT";7.49;29.96;0;0;0;7.49;"8017596111982";"KOZMETIKA/NJEGA TIJELA I LICA"
"ROSTIERA SELF";"015854701";"NO BRAND";1;"PZ";13.27;13.27;0;0;0;13.27;"8017596241221";"SELF LIQUIDATING"
"PIZZETTE RAJČICA I MOZZARELLA 350g";"015861301";"VARIAGUSTO";0.35;"KG";2.92;8.34;0;0;0;2.92;"8017596046017";"ZAMRZNUTA POLUGOTOVA JELA"
"ŽITARICE CHOCO SHELLS 500g";"015861501";"TRE MULINI";0.5;"KG";2.29;4.58;0;0;0;2.29;"8017596057730";"DORUČAK - PAHULJICE/NAMAZI/MED"
"REZANCI S JAJIMA TAGLIATELLE 500g";"015863201";"TRE MULINI";0.5;"KG";1.59;3.18;0;0;0;1.59;"8017596009159";"TJESTENINA"
"ŽITARICE CHOCO NUTS 375g";"015863401";"TRE MULINI";0.375;"KG";1.99;5.31;1.79;4.77;1.99;1.99;"8017596065285";"DORUČAK - PAHULJICE/NAMAZI/MED"
"NAPITAK OD SOJE BIO 1l";"015864101";"AMO ESSERE BIO";1;"LT";1.39;1.39;0;0;0;1.39;"8017596108036";"BEZALKOHOLNA PIĆA"
"ŽITARICE HONEY RINGS 500g";"015864201";"TRE MULINI";0.5;"KG";1.99;3.98;0;0;0;1.99;"8017596065292";"DORUČAK - PAHULJICE/NAMAZI/MED"
"HRSKAVI KIKIRIKI OKUSOM ČILIJA 100g";"015884601";"NO BRAND";0.1;"KG";0.79;7.9;0;0;0;0.79;"5997347540854";"VOĆE SUHO/ORAŠASTO"
"HRSKAVI KIKIRIKI OKUS SLANINE 100g";"015884701";"MISTER SIBAMBA";0.1;"KG";0.79;7.9;0;0;0;0.79;"5997347540861";"VOĆE SUHO/ORAŠASTO"
"REZERVNI MOP ZA POD VIŠENAMJENSKI";"015886901";"SISTEMA CASA";1;"PZ";1.79;1.79;0;0;0;1.79;"8017596110428";"PROIZVODI ZA UREĐENJE DOMA"
"FOCACCIA SA STRACCHINO SIROM 180g";"015891001";"NO BRAND";0.18;"KG";2.29;12.72;0;0;0;2.29;"";"KRUH - SAMOPOSLUŽNI PULT"
"ŽITARICE CHOCO RICE 500g";"015892101";"TRE MULINI";0.5;"KG";2.69;5.38;0;0;0;2.69;"8017596057723";"DORUČAK - PAHULJICE/NAMAZI/MED"
"ČAŠE PLAST. BIORAZ. 200ml 50kom";"015898801";"SISTEMA CASA";1;"PZ";1.59;1.59;0;0;0;1.59;"8017596111081";"JEDNOKR. PRIBOR/VREĆE ZA SMEĆE"
"TANJURI PLIT. CELULOZA BIORAZ.20kom";"015899301";"SISTEMA CASA";1;"PZ";2.49;2.49;0;0;0;2.49;"8017596111166";"JEDNOKR. PRIBOR/VREĆE ZA SMEĆE"
"PAŠTETA ZA MAČKE GOVEDINA 85g";"015905101";"RADAMES";0.085;"KG";0.69;8.12;0;0;0;0.69;"8017596108135";"HRANA ZA KUĆNE LJUBIMCE"
"PAŠTETA ZA MAČKE TELETINA 85g";"015905201";"RADAMES";0.085;"KG";0.69;8.12;0;0;0;0.69;"8017596108142";"HRANA ZA KUĆNE LJUBIMCE"
"PAŠTETA ZA MAČKE PILETINA 85g";"015905301";"RADAMES";0.085;"KG";0.69;8.12;0;0;0;0.69;"8017596108128";"HRANA ZA KUĆNE LJUBIMCE"
"PAŠTETA ZA MAČKE LOSOS 85g";"015905401";"RADAMES";0.085;"KG";0.69;8.12;0;0;0;0.69;"8017596108111";"HRANA ZA KUĆNE LJUBIMCE"
"NAPITAK SOJA KALCIJ I VITAMINI 1l";"015920801";"AMO ESSERE VEG";1;"LT";1.39;1.39;0;0;0;1.39;"8017596101600";"BEZALKOHOLNA PIĆA"
"NAPITAK SOJA KALCIJ I VITAMINI 1l";"015920801";"AMO ESSERE VEG";1;"LT";1.39;1.39;0;0;0;1.39;"8017596126443";"BEZALKOHOLNA PIĆA"
"MIRIS ZA RUBLJE I TVRDE POV. 250ml";"015922901";"DEXAL";0.25;"LT";3.09;12.36;0;0;0;3.09;"24100977";"SRED. ZA PRANJE RUBLJA/POSUĐA"
"MIRIS ZA RUBLJE I TVRDE POV. 250ml";"015922901";"DEXAL";0.25;"LT";3.09;12.36;0;0;0;3.09;"24101004";"SRED. ZA PRANJE RUBLJA/POSUĐA"
"MIRIS ZA RUBLJE I TVRDE POV. 250ml";"015922901";"DEXAL";0.25;"LT";3.09;12.36;0;0;0;3.09;"24100984";"SRED. ZA PRANJE RUBLJA/POSUĐA"
"MIRIS ZA RUBLJE I TVRDE POV. 250ml";"015922901";"DEXAL";0.25;"LT";3.09;12.36;0;0;0;3.09;"24100991";"SRED. ZA PRANJE RUBLJA/POSUĐA"
"MIRIS ZA RUBLJE I TVRDE POV. 250ml";"015922901";"DEXAL";0.25;"LT";3.09;12.36;0;0;0;3.09;"8000903770118";"SRED. ZA PRANJE RUBLJA/POSUĐA"
"MIRIS ZA RUBLJE I TVRDE POV. 250ml";"015922901";"DEXAL";0.25;"LT";3.09;12.36;0;0;0;3.09;"8000903770132";"SRED. ZA PRANJE RUBLJA/POSUĐA"
"MIRIS ZA RUBLJE I TVRDE POV. 250ml";"015922901";"DEXAL";0.25;"LT";3.09;12.36;0;0;0;3.09;"8000903770125";"SRED. ZA PRANJE RUBLJA/POSUĐA"
"MIRIS ZA RUBLJE I TVRDE POV. 250ml";"015922901";"DEXAL";0.25;"LT";3.09;12.36;0;0;0;3.09;"8000903770149";"SRED. ZA PRANJE RUBLJA/POSUĐA"
"MIRIS ZA RUBLJE I TVRDE POV. 250ml";"015922901";"DEXAL";0.25;"LT";3.09;12.36;0;0;0;3.09;"8000903712057";"SRED. ZA PRANJE RUBLJA/POSUĐA"
"MIRIS ZA RUBLJE I TVRDE POV. 250ml";"015922901";"DEXAL";0.25;"LT";3.09;12.36;0;0;0;3.09;"8000903712071";"SRED. ZA PRANJE RUBLJA/POSUĐA"
"MIRIS ZA RUBLJE I TVRDE POV. 250ml";"015922901";"DEXAL";0.25;"LT";3.09;12.36;0;0;0;3.09;"8000903712064";"SRED. ZA PRANJE RUBLJA/POSUĐA"
"MIRIS ZA RUBLJE I TVRDE POV. 250ml";"015922901";"DEXAL";0.25;"LT";3.09;12.36;0;0;0;3.09;"8000903712088";"SRED. ZA PRANJE RUBLJA/POSUĐA"
"SVINJSKA KOLJENICA PAK";"015930001";"NO BRAND";1;"KG";4.29;4.29;0;0;0;4.29;"";"MESO SVINJSKO"
"MIX MEKUŠCI, RIBE I RAKOVI 500g";"015935201";"ATHENA";0.5;"KG";6.79;13.58;0;0;0;6.79;"8017596040428";"ZAMRZNUTA RIBA/MORSKI PLODOVI"
".ARTIČOKE 530g/320g";"015936301";"DELIZIE DAL SOLE";0.53;"KG";2.39;4.51;0;0;0;2.39;"8017596072078";"KONZER.PROIZVODI U ULJU/OCTU"
"KEKSI DOUBLE CHOC 150g";"015936501";"DOLCIANDO";0.15;"KG";1.49;9.93;0;0;0;1.49;"8017596110671";"KEKSI/VAFLI/SNACKS"
".OMEKŠI. RUBLJA KON. VIŠE VRSTA1,5l";"015942901";"DEXAL";1.5;"LT";1.29;0.86;0;0;0;1.29;"8017596077929";"SRED. ZA PRANJE RUBLJA/POSUĐA"
".OMEKŠI. RUBLJA KON. VIŠE VRSTA1,5l";"015942901";"DEXAL";1.5;"LT";1.29;0.86;0;0;0;1.29;"8017596077936";"SRED. ZA PRANJE RUBLJA/POSUĐA"
".OMEKŠI. RUBLJA KON. VIŠE VRSTA1,5l";"015942901";"DEXAL";1.5;"LT";1.29;0.86;0;0;0;1.29;"8017596077943";"SRED. ZA PRANJE RUBLJA/POSUĐA"
".OMEKŠI. RUBLJA KON. VIŠE VRSTA1,5l";"015942901";"DEXAL";1.5;"LT";1.29;0.86;0;0;0;1.29;"8003985209828";"SRED. ZA PRANJE RUBLJA/POSUĐA"
".OMEKŠI. RUBLJA KON. VIŠE VRSTA1,5l";"015942901";"DEXAL";1.5;"LT";1.29;0.86;0;0;0;1.29;"8003985209835";"SRED. ZA PRANJE RUBLJA/POSUĐA"
".OMEKŠI. RUBLJA KON. VIŠE VRSTA1,5l";"015942901";"DEXAL";1.5;"LT";1.29;0.86;0;0;0;1.29;"8003985209842";"SRED. ZA PRANJE RUBLJA/POSUĐA"
"SENDVIČ KUHANA ŠUNKA 140g";"015945801";"TRE MULINI";0.14;"KG";1.99;14.21;1.19;8.5;1.99;1.99;"8017596107879";"GOTOVA RIBLJA JELA"
"SENDVIČ TUNJEVINA 140g";"015945901";"TRE MULINI";0.14;"KG";1.99;14.21;1.19;8.5;1.99;1.99;"8017596107886";"GOTOVA RIBLJA JELA"
"CHEESEBURGER SVINJET./PILETINA 300g";"015952901";"TRE MULINI";0.3;"KG";2.71;9.03;0;0;0;2.71;"8017596106957";"GOTOVA RIBLJA JELA"
"CHEESEBURGER SVINJET./PILETINA 300g";"015952901";"TRE MULINI";0.3;"KG";2.71;9.03;0;0;0;2.71;"8017596106964";"GOTOVA RIBLJA JELA"
"LEDENI ŠTAPIĆI MIX 840g";"015964001";"DOLCIANDO";0.84;"KG";2.99;3.56;0;0;0;2.99;"8017596043443";"SLADOLEDI I DESERTI"
".ČOKOLADNO JAJE TAMNA Č. 400g";"015973401";"DOLCIANDO";0.4;"KG";9.99;24.98;7.99;19.98;9.99;9.99;"8017596112859";"PROIZVODI BOŽIĆ/USKRS"
"DRVENI UGLJEN 3kg";"015974201";"EUROGARDEN";3;"KG";3.32;1.11;0;0;0;3.32;"8017596106360";"INSEKTICIDI/SVIJEĆE/OSVJEŽIVAČ"
".BURGER LOSOS I TIKVICE 2kom 160g0g";"015977001";"ATHENA";0.16;"KG";2.19;13.69;0;0;0;2.19;"8017596040466";"ZAMRZNUTA RIBA/MORSKI PLODOVI"
"CROISSANT TREŠNJA 10 kom 500g";"015979901";"DOLCIANDO";0.5;"KG";2.89;5.78;0;0;0;2.89;"8017596108371";"BISKVIT PROIZVODI/KROASAN"
".TARALLI OKUS LJUTA PAPRIKA 300g";"015980501";"TRE MULINI";0.3;"KG";0.99;3.3;0;0;0;0.99;"8017596106513";"PEKARSKI PROIZVODI"
".TORTA MIMOSA 600g";"016004601";"DM DUCA MOSCATI";0.6;"KG";6.49;10.82;4.99;8.32;6.49;6.49;"8017596113047";"PROIZVODI BOŽIĆ/USKRS"
".BURGER BAKALAR I ŠPINAT 2kom 160g";"016014301";"ATHENA";0.16;"KG";2.19;13.69;0;0;0;2.19;"8017596040480";"ZAMRZNUTA RIBA/MORSKI PLODOVI"
".BURGER TUNA MASL.RAJČICA 2kom 160g";"016014401";"ATHENA";0.16;"KG";2.19;13.69;0;0;0;2.19;"8017596040473";"ZAMRZNUTA RIBA/MORSKI PLODOVI"
"KOLAČ KOLOMBA U CELOFANU 700G";"016016501";"DM DUCA MOSCATI";0.7;"KG";4.99;7.13;3.99;5.7;4.49;4.99;"8017596050793";"PROIZVODI BOŽIĆ/USKRS"
".TANJURI PLITKI BIORAZ.PAPIR 25kom";"016022301";"IL BRACIERE";1;"PZ";2.99;2.99;0;0;0;2.99;"8017596112385";"JEDNOKR. PRIBOR/VREĆE ZA SMEĆE"
"CHEWBECCA LIGHT HEROES - SELF";"016024401";"NO BRAND";1;"PZ";3.99;3.99;0;0;0;3.99;"8718973047145";"SELF LIQUIDATING"
"REY LIGHT HEROES - SELF";"016025201";"NO BRAND";1;"PZ";3.99;3.99;0;0;0;3.99;"8718973046995";"SELF LIQUIDATING"
"DARTH VADER LIGHT HEROES - SELF";"016025301";"NO BRAND";1;"PZ";3.99;3.99;0;0;0;3.99;"8718973047329";"SELF LIQUIDATING"
"KYLO REN LIGHT HEROES - SELF";"016025401";"NO BRAND";1;"PZ";3.99;3.99;0;0;0;3.99;"8718973047053";"SELF LIQUIDATING"
"R2D2 LIGHT HEROES - SELF";"016025501";"NO BRAND";1;"PZ";3.99;3.99;0;0;0;3.99;"8718973047176";"SELF LIQUIDATING"
"YODA LIGHT HEROES - SELF";"016025601";"NO BRAND";1;"PZ";3.99;3.99;0;0;0;3.99;"8718973047114";"SELF LIQUIDATING"
"ČAŠE ZA KAVU BIORAZ. 80ml 50kom";"016030601";"SISTEMA CASA";1;"PZ";1.69;1.69;0;0;0;1.69;"8017596111098";"JEDNOKR. PRIBOR/VREĆE ZA SMEĆE"
"PUREĆI BATAK";"016030801";"NO BRAND";1;"KG";2.43;2.43;0;0;0;2.43;"";"MESO PERADI"
"KOLAČ JANJE BEZ VOĆA 750g";"016036701";"DM DUCA MOSCATI";0.75;"KG";4.49;5.99;2.99;3.99;4.49;4.49;"8017596050786";"PROIZVODI BOŽIĆ/USKRS"
"CROSTINI SNACK 150g";"016037001";"TRE MULINI";0.15;"KG";0.89;5.93;0;0;0;0.89;"8017596062345";"PEKARSKI PROIZVODI"
"PAŠTETA ZA PSE PILETINA/GOVED 300g";"016037301";"RADAMES";0.3;"KG";0.79;2.63;0;0;0;0.79;"8017596006646";"HRANA ZA KUĆNE LJUBIMCE"
"PAŠTETA ZA PSE PILETINA/GOVED 300g";"016037301";"RADAMES";0.3;"KG";0.79;2.63;0;0;0;0.79;"8017596109996";"HRANA ZA KUĆNE LJUBIMCE"
"GRICKALICE SA OKUSOM SLANINE 210g";"016037801";"TRE MULINI";0.21;"KG";1.29;6.14;0;0;0;1.29;"8017596106193";"PEKARSKI PROIZVODI"
"LIGNJE KOLUTICI I KRAKOVI 400g";"016038001";"ONDINA";0.4;"KG";5.49;13.73;0;0;0;5.49;"8017596040503";"ZAMRZNUTA RIBA/MORSKI PLODOVI"
"NORVEŠKI LOSOS FILETI 2x125g 250g";"016038101";"ONDINA";0.25;"KG";5.99;23.96;0;0;0;5.99;"8017596040527";"ZAMRZNUTA RIBA/MORSKI PLODOVI"
".PELENE X-LARGE MAXI 48KOM";"016048001";"HELLO BABY";1;"PZ";9.99;9.99;0;0;0;9.99;"8017596108555";"ULOŠCI/PELENE/VATE"
"TJESTENINA FUSILLI BRONZO 500g";"016051401";"TRE MULINI";0.5;"KG";1.19;2.38;0;0;0;1.19;"8017596110565";"TJESTENINA"
"TJESTENINA TORTIGLIONI BRONZO 500g";"016052101";"TRE MULINI";0.5;"KG";1.19;2.38;0;0;0;1.19;"8017596110558";"TJESTENINA"
"TJESTENINA ŠPAGETI BRONZO 500g";"016052201";"TRE MULINI";0.5;"KG";0.99;1.98;0;0;0;0.99;"8017596110572";"TJESTENINA"
"TJESTENINA PENNE RIGATE BRONZO 500G";"016052601";"TRE MULINI";0.5;"KG";1.19;2.38;0;0;0;1.19;"8017596110541";"TJESTENINA"
"SNACK MULTIPACK TRIS 180g";"016062901";"MAMBO KIDS";0.18;"KG";1.99;11.06;0;0;0;1.99;"8017596015693";"KEKSI/VAFLI/SNACKS"
"TANJURI PLITKI UZORAK BIORAZ.20kom";"016066101";"SISTEMA CASA";1;"PZ";2.69;2.69;0;0;0;2.69;"8017596111197";"JEDNOKR. PRIBOR/VREĆE ZA SMEĆE"
"TANJURI DESERT UZORAK BIORAZ.20kom";"016066201";"SISTEMA CASA";1;"PZ";2.49;2.49;0;0;0;2.49;"8017596111203";"JEDNOKR. PRIBOR/VREĆE ZA SMEĆE"
"TUNA ŽUTOPERAJNA U MASLI.ULJU 3*60g";"016068401";"ONDINA";0.18;"KG";2.99;16.61;0;0;0;2.99;"8017596113207";"RIBLJE KONZERVE"
".SL.ŠT.B.B.BIJE.ČOK.I KEKSI 3K 216g";"016068501";"DOLCIANDO";0.216;"KG";2.49;11.53;0;0;0;2.49;"8017596044297";"SLADOLEDI I DESERTI"
"KREKERI MINI RAZLIČITI OBLICI 250g";"016068901";"MAMBO KIDS";0.25;"KG";1.39;5.56;0;0;0;1.39;"8017596113276";"KEKSI/VAFLI/SNACKS"
"SOJA UMAK 250ml";"016072101";"AMO ESSERE VEG";0.25;"LT";1.99;7.96;0;0;0;1.99;"8017596113979";"RAJČICA/DODACI"
"SOJA UMAK 250ml";"016072101";"AMO ESSERE VEG";0.25;"LT";1.99;7.96;0;0;0;1.99;"8017596127563";"RAJČICA/DODACI"
"SOJA UMAK 250ml";"016072101";"AMO ESSERE VEG";0.25;"LT";1.99;7.96;0;0;0;1.99;"8017596129970";"RAJČICA/DODACI"
"LAZANJE BOLOGNESE 1kg";"016079901";"TRE MULINI";1;"KG";5.29;5.29;0;0;0;5.29;"8002473015415";"GOTOVA RIBLJA JELA"
"LAZANJE BOLOGNESE 1kg";"016079901";"TRE MULINI";1;"KG";5.29;5.29;0;0;0;5.29;"8017596112347";"GOTOVA RIBLJA JELA"
"TJESTENI. BRONČANA SPAGHETTI BIO 50";"016089201";"AMO ESSERE BIO";0.5;"KG";1.19;2.38;0;0;0;1.19;"8017596112170";"TJESTENINA"
"TJESTENI. BRONČANA FUSSILI BIO 500g";"016089301";"AMO ESSERE BIO";0.5;"KG";1.19;2.38;0;0;0;1.19;"8017596112163";"TJESTENINA"
"PUREĆE MLJEVENO MESO CCA";"016096201";"NO BRAND";1;"KG";5.89;5.89;0;0;0;5.89;"";"MESO PERADI"
"KRVAVICE";"016096701";"NO BRAND";1;"KG";6.89;6.89;0;0;0;6.89;"";"MESO OSTALO"
"SVINJSKA REBRA BBQ U MARINADI";"016096801";"NO BRAND";1;"KG";5.97;5.97;0;0;0;5.97;"";"MESO SVINJSKO"
"ČEVAPČIČI RINFUZA";"016096901";"NO BRAND";1;"KG";5.44;5.44;0;0;0;5.44;"";"MESO OSTALO"
"NEGAZIRANO PIĆE ANANAS I KOKOS 1l";"016098801";"PUERTOSOL";1;"LT";1.49;1.49;0;0;0;1.49;"8017596111739";"BEZALKOHOLNA PIĆA"
"FILET ALJAŠKE KOLJE 4 PORCIJE 400g";"016100001";"ATHENA";0.4;"KG";3.49;8.73;0;0;0;3.49;"8017596040398";"ZAMRZNUTA RIBA/MORSKI PLODOVI"
"ŠAMPON ZA KOSU R.MLIJEKO/MED 500ml";"016130001";"NEAR YOUR XXX";0.5;"LT";1.39;2.78;0;0;0;1.39;"8017596112644";"NJEGA KOSE/BRADE"
"ŠAMPON ZA KOSU R.MLIJEKO/MED 500ml";"016130001";"NEAR YOUR XXX";0.5;"LT";1.39;2.78;0;0;0;1.39;"8017596112637";"NJEGA KOSE/BRADE"
"ŠAMPON ZA KOSU KAMILICA/ARGAN 500ml";"016133001";"NEAR YOUR XXX";0.5;"LT";1.39;2.78;0;0;0;1.39;"8017596069399";"NJEGA KOSE/BRADE"
"ŠAMPON ZA KOSU KAMILICA/ARGAN 500ml";"016133001";"NEAR YOUR XXX";0.5;"LT";1.39;2.78;0;0;0;1.39;"8017596100467";"NJEGA KOSE/BRADE"
"INOX ŽICA 4 kom";"016147601";"SISTEMA CASA";1;"PZ";0.89;0.89;0.59;0.59;0.89;0.89;"8017596110367";"PROIZVODI ZA UREĐENJE DOMA"
"DENTALNI KONAC 50m";"016152701";"WHITE & FRESH";1;"PZ";1.09;1.09;0;0;0;1.09;"8017596102249";"KOZMETIKA/NJEGA TIJELA I LICA"
"PANIR.ODREZ.PILETINA I PURET.220g";"016154301";"LA COLLINA DELLE BONTA'";0.22;"KG";1.49;6.77;0;0;0;1.49;"8008110546441";"MESO PRERAĐENO KUHANO"
"PANIR.ODREZ.PILETINA I PURET.220g";"016154301";"LA COLLINA DELLE BONTA'";0.22;"KG";1.49;6.77;0;0;0;1.49;"8008110259266";"MESO PRERAĐENO KUHANO"
"PANIR.ODREZ.PILETINA I PURET.220g";"016154301";"LA COLLINA DELLE BONTA'";0.22;"KG";1.49;6.77;0;0;0;1.49;"8008110026813";"MESO PRERAĐENO KUHANO"
"PANIR.ODREZ.PILETINA I PURET.220g";"016154301";"LA COLLINA DELLE BONTA'";0.22;"KG";1.49;6.77;0;0;0;1.49;"8008110026820";"MESO PRERAĐENO KUHANO"
"GEL ZA BRIJANJE SENS/FRESH 200ml";"016156501";"NISSHE";0.2;"LT";2.09;10.45;0;0;0;2.09;"8017596058966";"NJEGA KOSE/BRADE"
"GEL ZA BRIJANJE SENS/FRESH 200ml";"016156501";"NISSHE";0.2;"LT";2.09;10.45;0;0;0;2.09;"8017596058959";"NJEGA KOSE/BRADE"
"SIR CHEDDAR 150g";"016157801";"LAND";0.15;"KG";2.39;15.93;0;0;0;2.39;"8017596113900";"MLIJEČNI PROIZ. SVJEŽI - EGAL."
"KEKSI INTEGRALNI 700g";"016158201";"DOLCIANDO";0.7;"KG";2.09;2.99;0;0;0;2.09;"8017596004338";"KEKSI/VAFLI/SNACKS"
"KEKSI INTEGRALNI 700g";"016158201";"DOLCIANDO";0.7;"KG";2.09;2.99;0;0;0;2.09;"8032755320302";"KEKSI/VAFLI/SNACKS"
"HRANA ZA MAČKE VIŠE OKUSA 12x100g";"016160401";"RADAMES";1.2;"KG";4.19;3.49;0;0;0;4.19;"8017596108067";"HRANA ZA KUĆNE LJUBIMCE"
"ŠTIPALJKE ZA ODJEĆU 40 kom";"016163201";"SISTEMA CASA";1;"PZ";2.52;2.52;0;0;0;2.52;"8017596053398";"PROIZVODI ZA UREĐENJE DOMA"
"NASTAVAK MOP ZA POD OD MICROVLAKANA";"016163301";"SISTEMA CASA";1;"PZ";3.05;3.05;0;0;0;3.05;"8017596161505";"PROIZVODI ZA UREĐENJE DOMA"
"FLEKSIBILNE RUKAVICE SREDNJE";"016164001";"SISTEMA CASA";1;"PZ";0.65;0.65;0;0;0;0.65;"8017596051677";"PROIZVODI ZA UREĐENJE DOMA"
"FLEKSIBILNE RUKAVICE SREDNJE";"016164001";"SISTEMA CASA";1;"PZ";0.65;0.65;0;0;0;0.65;"8017596009852";"PROIZVODI ZA UREĐENJE DOMA"
"ČISTAČ PRAŠINE DRŠKA I 5 REZERVI";"016164301";"SISTEMA CASA";1;"PZ";3.19;3.19;0;0;0;3.19;"8017596064691";"PROIZVODI ZA UREĐENJE DOMA"
"ČISTAČ PRAŠINE NASTAVCI 10 KOM";"016164401";"SISTEMA CASA";1;"PZ";2.99;2.99;0;0;0;2.99;"8017596053381";"PROIZVODI ZA UREĐENJE DOMA"
"FLASTER CLASSIC VIŠE VRSTA 50kom";"016164601";"LA NUOVA PHARMACIA";1;"PZ";0.89;0.89;0;0;0;0.89;"8017596058782";"KOZMETIKA/NJEGA TIJELA I LICA"
"FLASTER ARNIKA/VRAŽJA KANDŽA 3kom";"016164901";"LA NUOVA PHARMACIA";1;"PZ";1.79;1.79;0;0;0;1.79;"8017596104809";"KOZMETIKA/NJEGA TIJELA I LICA"
"BULGUR I KVINOJA KUHANI 250g";"016165801";"AMO ESSERE VEG";0.25;"KG";1.69;6.76;0;0;0;1.69;"8017596103932";"POVRĆE KONZERVIRANO/SUHO"
"BULGUR I KVINOJA KUHANI 250g";"016165801";"AMO ESSERE VEG";0.25;"KG";1.69;6.76;0;0;0;1.69;"8017596127570";"POVRĆE KONZERVIRANO/SUHO"
"BALZAM ZA KOSU KOKOS VANILIJA 500ml";"016177101";"NEAR YOUR XXX";0.5;"LT";1.19;2.38;0;0;0;1.19;"8017596070906";"NJEGA KOSE/BRADE"
"PIZZA MARGHERITA 3X300g";"016177701";"TRE MULINI";0.9;"KG";6.49;7.21;0;0;0;6.49;"8017596107411";"GOTOVA RIBLJA JELA"
"NEKTAR MARELICA 1l";"016178201";"PUERTOSOL";1;"LT";1.49;1.49;0;0;0;1.49;"8017596015129";"BEZALKOHOLNA PIĆA"
".PULLED PORK 550g";"016178401";"IL BRACIERE";0.55;"KG";6.99;12.71;0;0;0;6.99;"8017596078001";"SALAME SVJEŽE - EGALIZIRANE"
"NEKTAR KRUŠKA 1l";"016178501";"PUERTOSOL";1;"LT";1.49;1.49;0;0;0;1.49;"8017596015105";"BEZALKOHOLNA PIĆA"
"NEKTAR BRESKVA 1l";"016178601";"PUERTOSOL";1;"LT";1.49;1.49;0;0;0;1.49;"8017596015112";"BEZALKOHOLNA PIĆA"
"SLAD. OD SOJE TIRAMI.BEZ.GLU 250g";"016179101";"AMO ESSERE VEG";0.25;"KG";2.25;9;0;0;0;2.25;"8017596044075";"SLADOLEDI I DESERTI"
"SLAD. OD SOJE TIRAMI.BEZ.GLU 250g";"016179101";"AMO ESSERE VEG";0.25;"KG";2.25;9;0;0;0;2.25;"8017596044624";"SLADOLEDI I DESERTI"
"SLADOLED OD SOJE AMARENA B.GLU 250g";"016179102";"AMO ESSERE VEG";0.25;"KG";2.25;9;0;0;0;2.25;"8017596044082";"SLADOLEDI I DESERTI"
"SLADOLED OD SOJE AMARENA B.GLU 250g";"016179102";"AMO ESSERE VEG";0.25;"KG";2.25;9;0;0;0;2.25;"8017596044631";"SLADOLEDI I DESERTI"
"SLAD.OD SOJE KAKA. BEZ GLUT. 250g";"016179103";"AMO ESSERE VEG";0.25;"KG";2.25;9;0;0;0;2.25;"8017596044204";"SLADOLEDI I DESERTI"
"SLAD.OD SOJE KAKA. BEZ GLUT. 250g";"016179103";"AMO ESSERE VEG";0.25;"KG";2.25;9;0;0;0;2.25;"8017596044648";"SLADOLEDI I DESERTI"
"MEKI BISKVIT KAK. SA MLI.KRE. 390g";"016180201";"DOLCIANDO";0.39;"KG";3.29;8.44;0;0;0;3.29;"8017596112286";"BISKVIT PROIZVODI/KROASAN"
"MAHUNE ZELENE 400g";"016185202";"DELIZIE DAL SOLE";0.22;"KG";1.09;4.95;0;0;0;1.09;"8017596131225";"POVRĆE KONZERVIRANO/SUHO"
"MAHUNE ZELENE 400g";"016185202";"DELIZIE DAL SOLE";0.22;"KG";1.09;4.95;0;0;0;1.09;"8017596114075";"POVRĆE KONZERVIRANO/SUHO"
"TULJCI ZA ČIŠĆENJE UŠIJU 2kom";"016191601";"LA NUOVA PHARMACIA";1;"PZ";1.99;1.99;0;0;0;1.99;"8017596056962";"KOZMETIKA/NJEGA TIJELA I LICA"
"DIGITALNI TOPLOMJER";"016191801";"LA NUOVA PHARMACIA";0.039;"KG";3.32;85.13;0;0;0;3.32;"8017596056955";"KOZMETIKA/NJEGA TIJELA I LICA"
"ČEPIĆI ZA UŠI MEKANI 4kom";"016193001";"LA NUOVA PHARMACIA";1;"PZ";0.99;0.99;0;0;0;0.99;"8017596056900";"KOZMETIKA/NJEGA TIJELA I LICA"
"FLASTERI CLASSIC M 20 kom";"016193101";"LA NUOVA PHARMACIA";1;"PZ";0.79;0.79;0;0;0;0.79;"8017596056559";"KOZMETIKA/NJEGA TIJELA I LICA"
"FLASTERI CLAS. RAZL. VELIČINE 30kom";"016193901";"LA NUOVA PHARMACIA";1;"PZ";0.8;0.8;0;0;0;0.8;"8017596056528";"KOZMETIKA/NJEGA TIJELA I LICA"
"FLASTERI BIJELI ZAŠTITA 4kom";"016194001";"LA NUOVA PHARMACIA";1;"PZ";0.79;0.79;0;0;0;0.79;"8017596056580";"KOZMETIKA/NJEGA TIJELA I LICA"
"STERILNE GAZE PAMUK 18x40 6kom";"016194101";"LA NUOVA PHARMACIA";1;"PZ";0.89;0.89;0;0;0;0.89;"8017596056672";"KOZMETIKA/NJEGA TIJELA I LICA"
"FLASTERI PROZ.RAZL. VELIČIN 30kom";"016194201";"LA NUOVA PHARMACIA";1;"PZ";0.8;0.8;0;0;0;0.8;"8017596056542";"KOZMETIKA/NJEGA TIJELA I LICA"
"FLASTER U ROLI 5mx2,5cm";"016194301";"LA NUOVA PHARMACIA";1;"PZ";0.79;0.79;0;0;0;0.79;"8017596056658";"KOZMETIKA/NJEGA TIJELA I LICA"
"FLASTERI VODOOTPORNI RAZL.VEL.20kom";"016194401";"LA NUOVA PHARMACIA";1;"PZ";0.79;0.79;0;0;0;0.79;"8017596056597";"KOZMETIKA/NJEGA TIJELA I LICA"
"FLASTER TRAKA 50x60cm";"016194501";"LA NUOVA PHARMACIA";1;"PZ";0.53;0.53;0;0;0;0.53;"8017596056627";"KOZMETIKA/NJEGA TIJELA I LICA"
"FLASTER ŽULJEVI 9kom";"016194601";"LA NUOVA PHARMACIA";1;"PZ";0.59;0.59;0;0;0;0.59;"8017596056788";"KOZMETIKA/NJEGA TIJELA I LICA"
"FLASTER ZA KURJE OČI 6kom";"016194701";"LA NUOVA PHARMACIA";1;"PZ";0.59;0.59;0;0;0;0.59;"8017596056771";"KOZMETIKA/NJEGA TIJELA I LICA"
"SAMOLJEPLJIVI ELAST. ZAVOJ 6X2,5cm";"016194801";"LA NUOVA PHARMACIA";1;"PZ";1.69;1.69;0;0;0;1.69;"8017596056696";"KOZMETIKA/NJEGA TIJELA I LICA"
"FLASTERI ZA ŽULJEVE 5kom";"016194901";"LA NUOVA PHARMACIA";1;"PZ";1.19;1.19;0;0;0;1.19;"8017596056764";"KOZMETIKA/NJEGA TIJELA I LICA"
"FLASTERI PREMIUM M 20kom";"016195101";"LA NUOVA PHARMACIA";1;"PZ";0.69;0.69;0;0;0;0.69;"8017596056566";"KOZMETIKA/NJEGA TIJELA I LICA"
"FLASTERI BIJELI VIŠE VELIČINA 30kom";"016195201";"LA NUOVA PHARMACIA";1;"PZ";0.69;0.69;0;0;0;0.69;"8017596056535";"KOZMETIKA/NJEGA TIJELA I LICA"
"FLASTER TRAKA 50x60cm";"016195301";"LA NUOVA PHARMACIA";1;"PZ";0.66;0.66;0;0;0;0.66;"8017596056634";"KOZMETIKA/NJEGA TIJELA I LICA"
"STERILNE GAZE PAMUK 10x10 100kom";"016195401";"LA NUOVA PHARMACIA";1;"PZ";1.39;1.39;0;0;0;1.39;"8017596056665";"KOZMETIKA/NJEGA TIJELA I LICA"
"POSUDICA ZA URIN STERILNA";"016195501";"LA NUOVA PHARMACIA";1;"PZ";0.59;0.59;0;0;0;0.59;"8017596056948";"KOZMETIKA/NJEGA TIJELA I LICA"
"FLASTERI VODOOTPORNI XL 5kom";"016195601";"LA NUOVA PHARMACIA";1;"PZ";1.19;1.19;0;0;0;1.19;"8017596104816";"KOZMETIKA/NJEGA TIJELA I LICA"
"ULOŠCI ZA OBUĆU AKTIVNI UGLJEN";"016195801";"LA NUOVA PHARMACIA";1;"PZ";1.29;1.29;0;0;0;1.29;"8017596056863";"KOZMETIKA/NJEGA TIJELA I LICA"
"ULOŠCI ZA OBUĆU MIRISNI";"016196101";"LA NUOVA PHARMACIA";1;"PZ";1.19;1.19;0;0;0;1.19;"8017596056870";"KOZMETIKA/NJEGA TIJELA I LICA"
"DJEČJI FLASTERI M 20kom";"016196201";"LA NUOVA PHARMACIA";1;"PZ";0.69;0.69;0;0;0;0.69;"8017596056573";"KOZMETIKA/NJEGA TIJELA I LICA"
"INSTANT LED U VREĆICI";"016196501";"LA NUOVA PHARMACIA";1;"PZ";1.09;1.09;0;0;0;1.09;"8017596056740";"KOZMETIKA/NJEGA TIJELA I LICA"
"FLASTER ZA NOS LAKŠE DISANJE 7kom";"016196601";"LA NUOVA PHARMACIA";1;"PZ";0.99;0.99;0;0;0;0.99;"8017596056603";"KOZMETIKA/NJEGA TIJELA I LICA"
"GRICKALICA ZA NOKTE VELIKA";"016196701";"LA NUOVA PHARMACIA";1;"PZ";0.99;0.99;0;0;0;0.99;"8017596056795";"KOZMETIKA/NJEGA TIJELA I LICA"
"ZAMJENSKE BRITVICE 10 kom";"016196801";"LA NUOVA PHARMACIA";1;"PZ";1.69;1.69;0;0;0;1.69;"8017596056818";"KOZMETIKA/NJEGA TIJELA I LICA"
"ŠAMPON ZA KOSU RAVNA/PERUT 300ml";"016197001";"NEAR YOUR XXX";0.3;"LT";1.29;4.3;0;0;0;1.29;"8017596000804";"NJEGA KOSE/BRADE"
"ŠAMPON ZA KOSU RAVNA/PERUT 300ml";"016197001";"NEAR YOUR XXX";0.3;"LT";1.29;4.3;0;0;0;1.29;"8017596112620";"NJEGA KOSE/BRADE"
"OSVJ. WC ŠKOLJKE IZBJELJ.SODA 2x40g";"016199201";"SISTEMA CASA";1;"PZ";0.79;0.79;0;0;0;0.79;"8017596059307";"INSEKTICIDI/SVIJEĆE/OSVJEŽIVAČ"
"KREKER OD RIŽE PREL.ČOKOL.BIO 100g";"016203601";"AMO ESSERE BIO";0.1;"KG";1.99;19.9;0;0;0;1.99;"8017596112699";"PEKARSKI PROIZVODI"
"KREKER OD RIŽE PREL.ČOKOL.BIO 100g";"016203601";"AMO ESSERE BIO";0.1;"KG";1.99;19.9;0;0;0;1.99;"8017596112705";"PEKARSKI PROIZVODI"
"KREKER OD RIŽE PREL.ČOKOL.BIO 100g";"016203601";"AMO ESSERE BIO";0.1;"KG";1.99;19.9;0;0;0;1.99;"8017596112712";"PEKARSKI PROIZVODI"
"PANCETA KOCKICE 200g";"016206801";"LA BOTTEGA DEL GUSTO";0.2;"KG";2.55;12.75;0;0;0;2.55;"8017596113726";"SALAME SVJEŽE - EGALIZIRANE"
".SIR BRIE 500g";"016227201";"LAND";0.5;"KG";3.99;7.98;0;0;0;4.19;"8017596113894";"MLIJEČNI PROIZ. SVJEŽI - EGAL."
".KEKS FROLLINI KAKAO/LJEŠNJAK";"016227901";"DOLCIANDO";1;"KG";2.99;2.99;0;0;0;2.99;"8017596061560";"KEKSI/VAFLI/SNACKS"
"BOMBONI GUMENI KROKODILI 300g";"016234901";"DOLCIANDO";0.3;"KG";1.59;5.3;0;0;0;1.59;"8017596113405";"SLATKIŠI I BOMBONI"
"OSVJEŽIVAČ PROSTORA I TKANINA 300ml";"016238601";"SISTEMA CASA";0.3;"LT";2.19;7.3;0;0;0;2.19;"8017596106261";"INSEKTICIDI/SVIJEĆE/OSVJEŽIVAČ"
"OSVJEŽIVAČ PROSTORA I TKANINA 300ml";"016238601";"SISTEMA CASA";0.3;"LT";2.19;7.3;0;0;0;2.19;"8017596106278";"INSEKTICIDI/SVIJEĆE/OSVJEŽIVAČ"
"OSVJEŽIVAČ PROSTORA I TKANINA 300ml";"016238601";"SISTEMA CASA";0.3;"LT";2.19;7.3;0;0;0;2.19;"8017596106254";"INSEKTICIDI/SVIJEĆE/OSVJEŽIVAČ"
"OSVJEŽIVAČ PROSTORA I TKANINA 300ml";"016238601";"SISTEMA CASA";0.3;"LT";2.19;7.3;0;0;0;2.19;"8017596124203";"INSEKTICIDI/SVIJEĆE/OSVJEŽIVAČ"
"OSVJEŽIVAČ PROSTORA I TKANINA 300ml";"016238601";"SISTEMA CASA";0.3;"LT";2.19;7.3;0;0;0;2.19;"8017596124197";"INSEKTICIDI/SVIJEĆE/OSVJEŽIVAČ"
"OSVJEŽIVAČ PROSTORA I TKANINA 300ml";"016238601";"SISTEMA CASA";0.3;"LT";2.19;7.3;0;0;0;2.19;"8017596124210";"INSEKTICIDI/SVIJEĆE/OSVJEŽIVAČ"
"ZAMJENSKO MLIJEKO 3 12 MJ. 500g";"016242701";"PRIME PAPPE";0.5;"KG";5.99;11.98;5.49;10.98;5.99;5.99;"8017596108876";"DJEČJA HRANA"
"SLADOLED JAGODA LIMUN 500g";"016243101";"NO BRAND";0.5;"KG";2.39;4.78;1.69;3.38;2.39;2.39;"8017596043153";"SLADOLEDI I DESERTI"
"SLADOLED PISTACIJA VANILIJA 500g";"016243102";"NO BRAND";0.5;"KG";2.49;4.98;0;0;0;2.49;"8017596044242";"SLADOLEDI I DESERTI"
"SLADOLED MLIJEČ. KREMA I ČOKO. 500g";"016243103";"NO BRAND";0.5;"KG";2.39;4.78;0;0;0;2.39;"8017596044013";"SLADOLEDI I DESERTI"
"MIX LEDENI DESERT 6KOM 450g";"016243301";"DOLCIANDO";0.45;"KG";2.99;6.64;0;0;0;2.99;"8017596044280";"SLADOLEDI I DESERTI"
"KEFIR MULTI/NARAN.ĐUMBIR 480g";"016243501";"LAND";0.48;"KG";0.99;2.06;0.78;1.63;0.79;0.99;"8017596113993";"JOGURTI I DESERTI"
"KEFIR MULTI/NARAN.ĐUMBIR 480g";"016243501";"LAND";0.48;"KG";0.99;2.06;0.78;1.63;0.79;0.99;"8017596113986";"JOGURTI I DESERTI"
"ŠTAPIĆI DRVENI ZA KAVU 100kom";"016245901";"SISTEMA CASA";1;"PZ";1.99;1.99;0;0;0;1.99;"8017596111258";"JEDNOKR. PRIBOR/VREĆE ZA SMEĆE"
"ENERGY BAR OKUS KAKAO 50g";"016280601";"NO BRAND";0.05;"KG";0.99;19.8;0;0;0;0.99;"8054377171551";"KAKAO/DOD. ZA KOLAČE/PREHRANU"
"ENERGY BAR OKUS KAKAO 50g";"016280601";"NO BRAND";0.05;"KG";0.99;19.8;0;0;0;0.99;"8017596125149";"KAKAO/DOD. ZA KOLAČE/PREHRANU"
"PROTEIN BAR OKUS KOKOS 50g";"016281101";"NO BRAND";0.05;"KG";0.99;19.8;0;0;0;0.99;"8054377171544";"KAKAO/DOD. ZA KOLAČE/PREHRANU"
"PROTEIN BAR OKUS KOKOS 50g";"016281101";"NO BRAND";0.05;"KG";0.99;19.8;0;0;0;0.99;"8017596125156";"KAKAO/DOD. ZA KOLAČE/PREHRANU"
".POKLON PANETT.750g I MOSCATO 750ml";"016296801";"DM DUCA MOSCATI";1;"PZ";8.92;8.92;0;0;0;8.92;"8017596012142";"PROIZVODI BOŽIĆ/USKRS"
"TORBA ZA KUPNJU PAPIR 100% REC 200k";"016304601";"NO BRAND";1;"PZ";0.29;0.29;0;0;0;0.29;"8017596078230";"SHOPPER"
"MINI KREKERI 250g";"016304701";"MAMBO KIDS";0.25;"KG";1.39;5.56;0;0;0;1.39;"8017596113269";"KEKSI/VAFLI/SNACKS"
"ALUMIN.POSUDE B.POK. OKRUGLE 4kom";"016316501";"SISTEMA CASA";1;"PZ";0.99;0.99;0;0;0;0.99;"8005330041183";"JEDNOKR. PRIBOR/VREĆE ZA SMEĆE"
"ALUMIN.POSUDE B.POK. OKRUGLE 4kom";"016316501";"SISTEMA CASA";1;"PZ";0.99;0.99;0;0;0;0.99;"8017596105684";"JEDNOKR. PRIBOR/VREĆE ZA SMEĆE"
"ALUMIN.POSUDE BEZ POK. 4 P, 5kom";"016316601";"SISTEMA CASA";1;"PZ";0.99;0.99;0;0;0;0.99;"8017596100306";"JEDNOKR. PRIBOR/VREĆE ZA SMEĆE"
"ALUMIN.POSUDE BEZ POK. 4 P, 5kom";"016316601";"SISTEMA CASA";1;"PZ";0.99;0.99;0;0;0;0.99;"8005330041176";"JEDNOKR. PRIBOR/VREĆE ZA SMEĆE"
"NAPOLITANKE S KAKAOM 5 kom 240g";"016316701";"DOLCIANDO";0.24;"KG";1.39;5.79;0;0;0;1.39;"8017596114358";"KEKSI/VAFLI/SNACKS"
"BOMBONI PUNJENI KREMOM 200g";"016328001";"DOLCIANDO";0.2;"KG";1.69;8.45;0;0;0;1.69;"8017596114129";"SLATKIŠI I BOMBONI"
"SNACK NA BAZI KRUMPIRA 160g";"016329101";"MAMBO KIDS";0.16;"KG";1.29;8.06;0;0;0;1.29;"8017596010759";"KEKSI/VAFLI/SNACKS"
"SNACK NA BAZI KRUMPIRA 160g";"016329101";"MAMBO KIDS";0.16;"KG";1.29;8.06;0;0;0;1.29;"8025579230063";"KEKSI/VAFLI/SNACKS"
"SNACK OD KRUMPIRA STICK SALATI 120g";"016341001";"MAMBO KIDS";0.12;"KG";1.29;10.75;0;0;0;1.29;"8017596067432";"KEKSI/VAFLI/SNACKS"
"KOKICE ZA MIKROVALNU 3 kom 300g";"016357301";"MAMBO KIDS";0.3;"KG";1.39;4.63;0;0;0;1.39;"8017596114334";"KEKSI/VAFLI/SNACKS"
"SIR SVJEŽI SKYR 0,1% m.m.150g";"016368401";"LAND";0.15;"KG";0.89;5.93;0;0;0;0.89;"24100694";"JOGURTI I DESERTI"
"MEKI BISKVIT PUNJEN ČOKOLADOM 350g";"016368901";"DOLCIANDO";0.35;"KG";1.99;5.69;0;0;0;1.99;"8017596008763";"BISKVIT PROIZVODI/KROASAN"
"ŽENSKA BRITVICA 3 OŠTRICE 4kom";"016369901";"FIOR DI MAGNOLIA";1;"PZ";2.65;2.65;0;0;0;2.65;"8017596067173";"KOZMETIKA/NJEGA TIJELA I LICA"
"BRITVICE MUŠKE 3 OŠTRICE 6kom";"016370001";"NISSHE";1;"PZ";3.19;3.19;0;0;0;3.19;"8017596073082";"NJEGA KOSE/BRADE"
"ZAMJENSKE MUŠ.BRITVICE 4kom";"016370301";"NISSHE";1;"PZ";5.99;5.99;0;0;0;5.99;"8017596061355";"NJEGA KOSE/BRADE"
"PELETI A1 15kg";"016376901";"NO BRAND";15;"KG";5.99;0.4;0;0;0;5.99;"3859893547027";"SEZONSKI PROIZVODI"
"PELETI A1 15kg";"016376901";"NO BRAND";15;"KG";5.99;0.4;0;0;0;5.99;"3859893547003";"SEZONSKI PROIZVODI"
"PELETI A1 15kg";"016376901";"NO BRAND";15;"KG";5.99;0.4;0;0;0;5.99;"8033717552076";"SEZONSKI PROIZVODI"
"PELETI A1 15kg";"016376901";"NO BRAND";15;"KG";5.99;0.4;0;0;0;5.99;"3857500058621";"SEZONSKI PROIZVODI"
"PELETI A1 15kg";"016376901";"NO BRAND";15;"KG";5.99;0.4;0;0;0;5.99;"8053908060678";"SEZONSKI PROIZVODI"
"PELETI A1 15kg";"016376901";"NO BRAND";15;"KG";5.99;0.4;0;0;0;5.99;"8053908060630";"SEZONSKI PROIZVODI"
"PELETI A1 15kg";"016376901";"NO BRAND";15;"KG";5.99;0.4;0;0;0;5.99;"8718836051012";"SEZONSKI PROIZVODI"
"PELETI A1 15kg";"016376901";"NO BRAND";15;"KG";5.99;0.4;0;0;0;5.99;"0806812146253";"SEZONSKI PROIZVODI"
"PELETI A1 15kg";"016376901";"NO BRAND";15;"KG";5.99;0.4;0;0;0;5.99;"0705632433096";"SEZONSKI PROIZVODI"
"PELETI A1 15kg";"016376901";"NO BRAND";15;"KG";5.99;0.4;0;0;0;5.99;"4640033020352";"SEZONSKI PROIZVODI"
"PELETI A1 15kg";"016376901";"NO BRAND";15;"KG";5.99;0.4;0;0;0;5.99;"8031401333321";"SEZONSKI PROIZVODI"
"TORRONE S BADEMIMA 200g";"016380501";"DM DUCA MOSCATI";0.2;"KG";2.49;12.45;1.99;9.95;2.49;2.49;"8017596115133";"PROIZVODI BOŽIĆ/USKRS"
"TORRONE S LJEŠNJAKOM 200g";"016381001";"DM DUCA MOSCATI";0.2;"KG";1.99;9.95;1.49;7.45;1.99;1.99;"8017596115157";"PROIZVODI BOŽIĆ/USKRS"
"MILK SNACK KAKAO/MED 4X30g";"016381301";"DOLCIANDO";0.12;"KG";1.39;11.58;0;0;0;1.39;"24100700";"JOGURTI I DESERTI"
"MILK SNACK KAKAO/MED 4X30g";"016381301";"DOLCIANDO";0.12;"KG";1.39;11.58;0;0;0;1.39;"24100717";"JOGURTI I DESERTI"
"SPORTSKI RUKSAK";"016390101";"NO BRAND";1;"PZ";13.27;13.27;0;0;0;13.27;"8017596251565";"SELF LIQUIDATING"
"CROISSANT INTEGRALNI 240g";"016393501";"DOLCIANDO";0.24;"KG";1.89;7.88;0;0;0;1.89;"8017596115515";"BISKVIT PROIZVODI/KROASAN"
"PJENA ZA KUPANJE BIO 400ml";"016405501";"FIOR DI MAGNOLIA";0.4;"LT";2.39;5.98;0;0;0;2.39;"8017596115461";"KOZMETIKA/NJEGA TIJELA I LICA"
"ŠAMPON ZA KOSU BLAGI BIO 200ml";"016405601";"FIOR DI MAGNOLIA";0.2;"LT";1.79;8.95;0;0;0;1.79;"8017596115485";"NJEGA KOSE/BRADE"
"SAPUN ZA RUKE I LICE BIO ECO 300ml";"016405701";"AMO ESSERE BIO";0.3;"LT";1.59;5.3;0;0;0;1.59;"8017596115478";"KOZMETIKA/NJEGA TIJELA I LICA"
"SAPUN TEK.ZA INTIMNU NJEGU ECO200ml";"016405801";"FIOR DI MAGNOLIA";0.2;"LT";1.59;7.95;0;0;0;1.59;"8017596115454";"KOZMETIKA/NJEGA TIJELA I LICA"
"ŠAMPON ZA KOSU PROTIV PERUTI 250ml";"016405901";"COLOR LOOK";0.25;"LT";1.99;7.96;0;0;0;1.99;"8017596114587";"NJEGA KOSE/BRADE"
"ŠAMPON ZA KOSU RAVNU/KOVRČAVU 250ml";"016406001";"COLOR LOOK";0.25;"LT";1.79;7.16;0;0;0;1.79;"8017596114594";"NJEGA KOSE/BRADE"
"ŠAMPON ZA KOSU RAVNU/KOVRČAVU 250ml";"016406001";"COLOR LOOK";0.25;"LT";1.79;7.16;0;0;0;1.79;"8017596114600";"NJEGA KOSE/BRADE"
"BALZAM ZA KOSU RAVNU/KOVRČAVU 200ml";"016406201";"COLOR LOOK";0.2;"LT";1.65;8.25;0;0;0;1.65;"8017596114631";"NJEGA KOSE/BRADE"
"BALZAM ZA KOSU RAVNU/KOVRČAVU 200ml";"016406201";"COLOR LOOK";0.2;"LT";1.65;8.25;0;0;0;1.65;"8017596114648";"NJEGA KOSE/BRADE"
"KREMA ZA RAVNU/KOVRCAVU KOSU 200ml";"016407201";"COLOR LOOK";0.2;"LT";2.65;13.25;0;0;0;2.65;"8017596115522";"NJEGA KOSE/BRADE"
"KREMA ZA RAVNU/KOVRCAVU KOSU 200ml";"016407201";"COLOR LOOK";0.2;"LT";2.65;13.25;0;0;0;2.65;"8017596115539";"NJEGA KOSE/BRADE"
"FOCACCIA S RAJČICAMA 375g";"016409501";"TRE MULINI";0.375;"KG";3.69;9.84;0;0;0;3.69;"8017596113498";"GOTOVA RIBLJA JELA"
"FOCACCIA S MASLINAMA 385g";"016409601";"TRE MULINI";0.385;"KG";3.69;9.58;0;0;0;3.69;"8017596113481";"GOTOVA RIBLJA JELA"
"PIZZA MARGHERITA 400g";"016409701";"TRE MULINI";0.4;"KG";3.32;8.3;0;0;0;3.32;"8017596113504";"GOTOVA RIBLJA JELA"
"PARNO GLAČALO";"016410201";"NO BRAND";1;"PZ";6.64;6.64;0;0;0;6.64;"8017596253101";"SELF LIQUIDATING"
"RUČNIK";"016415101";"NO BRAND";1;"PZ";6.64;6.64;0;0;0;6.64;"8017596253132";"SELF LIQUIDATING"
"STOLNJAK U UKRASNOJ KUTIJI";"016415301";"NO BRAND";1;"PZ";3.98;3.98;0;0;0;3.98;"8017596253156";"SELF LIQUIDATING"
"TABLE.PERIL.POSUĐA ECO 40kom 720g";"016427901";"DEXAL";1;"PZ";3.99;3.99;0;0;0;3.99;"8017596111319";"SRED. ZA PRANJE RUBLJA/POSUĐA"
"KEKSI PUNJENI ČOKOLADOM 350g";"016433501";"DOLCIANDO";0.35;"KG";1.99;5.69;0;0;0;1.99;"8017596106025";"KEKSI/VAFLI/SNACKS"
"SALVETE FAMILY DECOR 1 S,250kom";"016441301";"SOFT DREAM";1;"PZ";2.19;2.19;0;0;0;2.19;"8017596005618";"PAPIRNATI PROIZVODI"
"TJESTENINA GNOCC.SARDI BRONZO 500g";"016451701";"TRE MULINI";0.5;"KG";1.19;2.38;0;0;0;1.19;"8017596112538";"TJESTENINA"
"LIKER OD ČOKOLADE 16% 500ml";"016456601";"NO BRAND";0.5;"LT";6.89;13.78;0;0;0;6.89;"8003695000814";"SLATKI LIKERI/APERITIVI"
"TJESTENINA VALOVITI REZANCI BR.500g";"016469701";"TRE MULINI";0.5;"KG";1.29;2.58;0;0;0;1.29;"8017596112613";"TJESTENINA"
"TEK.SAPUN.ARGAN/ALOE REFIL 2l";"016478801";"NEAR YOUR XXX";2;"LT";2.99;1.5;0;0;0;2.99;"8017596116130";"KOZMETIKA/NJEGA TIJELA I LICA"
"TEK.SAPUN.ARGAN/ALOE REFIL 2l";"016478801";"NEAR YOUR XXX";2;"LT";2.99;1.5;0;0;0;2.99;"8017596116147";"KOZMETIKA/NJEGA TIJELA I LICA"
"DETERDŽENT ZA RUBLJE ECO1,5l 30P";"016478901";"DEXAL";1.5;"LT";3.39;2.26;0;0;0;3.39;"8017596111296";"SRED. ZA PRANJE RUBLJA/POSUĐA"
"KONDENZIRANO ZASLAĐENO MLIJEKO 300g";"016480002";"LAND";0.3;"KG";2.09;6.97;0;0;0;2.09;"8017596119520";"MLIJEČNI PROIZVODI UHT - JAJA"
"BOMBONI MLIJEKO I JAGODA 300g";"016482101";"DOLCIANDO";0.3;"KG";1.29;4.3;0;0;0;1.29;"8017596113696";"SLATKIŠI I BOMBONI"
"PIJESAK ZA MAČKE CRVENA GLINA P. 8l";"016483001";"RADAMES";8;"LT";2.59;0.32;0;0;0;2.59;"8017596064394";"HRANA ZA KUĆNE LJUBIMCE"
"BOMBONI ŠUMEĆI COLA 300g";"016496301";"DOLCIANDO";0.3;"KG";1.59;5.3;0;0;0;1.59;"8017596065902";"SLATKIŠI I BOMBONI"
"ČOKOLADA RAZLIČITA PUNJENJA 100g";"016501001";"DOLCIANDO";0.1;"KG";1.29;12.9;0;0;0;1.29;"8017596054395";"ČOKOLADE"
"ČOKOLADA RAZLIČITA PUNJENJA 100g";"016501001";"DOLCIANDO";0.1;"KG";1.29;12.9;0;0;0;1.29;"8017596054364";"ČOKOLADE"
"ČOKOLADA RAZLIČITA PUNJENJA 100g";"016501001";"DOLCIANDO";0.1;"KG";1.29;12.9;0;0;0;1.29;"8017596054371";"ČOKOLADE"
"ČOKOLADA RAZLIČITA PUNJENJA 100g";"016501001";"DOLCIANDO";0.1;"KG";1.29;12.9;0;0;0;1.29;"8017596054357";"ČOKOLADE"
"PIZZA MAXI ŠUNKA I GLJIVE 630g";"016511901";"TRE MULINI";0.63;"KG";4.49;7.13;0;0;0;4.49;"8017596046109";"ZAMRZNUTA POLUGOTOVA JELA"
".JAJE IZNENADENJA DINO/UNICORN 40g";"016520601";"NO BRAND";0.04;"KG";1.29;32.25;0.99;24.75;1.29;1.29;"8005851026553";"PROIZVODI BOŽIĆ/USKRS"
".JAJE IZNENADENJA DINO/UNICORN 40g";"016520601";"NO BRAND";0.04;"KG";1.29;32.25;0.99;24.75;1.29;1.29;"8005851026355";"PROIZVODI BOŽIĆ/USKRS"
".JAJE IZNENADENJA DINO/UNICORN 40g";"016520601";"NO BRAND";0.04;"KG";1.29;32.25;0.99;24.75;1.29;1.29;"8005851026362";"PROIZVODI BOŽIĆ/USKRS"
"ČOKOLADNI SNACK S KOKOSOM 5kom 280g";"016526601";"DOLCIANDO";0.28;"KG";2.69;9.61;0;0;0;2.69;"8017596113320";"ČOKOLADE"
".ČOKOLADNE FIGURE USKRS 55g";"016528001";"DOLCIANDO";0.055;"KG";1.69;30.73;1.29;23.45;1.69;1.69;"8017596117601";"PROIZVODI BOŽIĆ/USKRS"
"DETERDŽENT POSUĐE LIMUN 1,5l";"016529801";"DEXAL";1.5;"LT";1.69;1.13;0;0;0;1.69;"8017596005106";"SRED. ZA PRANJE RUBLJA/POSUĐA"
".KEKSI S KAKAO I ČOKOLADOM 350g";"016535901";"DOLCIANDO";0.35;"KG";1.79;5.11;1.39;3.97;1.79;1.79;"8017596117083";"KEKSI/VAFLI/SNACKS"
"ČOK. SNACK MINI MIX 500g";"016542001";"DOLCIANDO";0.5;"KG";4.49;8.98;0;0;0;4.49;"8017596113313";"ČOKOLADE"
"ČOK.SNACK KEKS KARAM. 5kom 290g";"016542101";"DOLCIANDO";0.29;"KG";2.69;9.28;0;0;0;2.69;"8017596061881";"ČOKOLADE"
"SIR TOPLJENI LIST.PARM.REGGIAN.150g";"016547501";"LAND";0.15;"KG";1.59;10.6;0;0;0;1.59;"8017596115614";"MLIJEČNI PROIZ. SVJEŽI - EGAL."
"KVASAC SUHI PRIRODNI 3kom 105g";"016551401";"TRE MULINI";0.105;"KG";1.59;15.14;0;0;0;1.59;"8017596117229";"KAKAO/DOD. ZA KOLAČE/PREHRANU"
"KVASAC SUHI PRIRODNI 3kom 105g";"016551401";"TRE MULINI";0.105;"KG";1.59;15.14;0;0;0;1.59;"8018211903418";"KAKAO/DOD. ZA KOLAČE/PREHRANU"
"KEKSI BEZ MLI/JAJA S ČOK. 290g";"016559801";"DOLCIANDO";0.29;"KG";1.49;5.14;0;0;0;1.49;"8017596115997";"KEKSI/VAFLI/SNACKS"
"LAZANJE BOLOGNESE 600g";"016570701";"TRE MULINI";0.6;"KG";3.49;5.82;0;0;0;3.49;"8017596046062";"ZAMRZNUTA POLUGOTOVA JELA"
"FILET KOMADIĆI SOJA 175g";"016571301";"AMO ESSERE VEG";0.175;"KG";2.49;14.23;2.09;11.94;2.49;2.49;"8017596105790";"GOTOVA RIBLJA JELA"
"FILET KOMADIĆI SOJA 175g";"016571301";"AMO ESSERE VEG";0.175;"KG";2.49;14.23;2.09;11.94;2.49;2.49;"8017596126047";"GOTOVA RIBLJA JELA"
"SOK KRUŠKA 99% VOČA B/D.ŠE.3X200ml";"016572502";"PUERTOSOL";0.6;"LT";1.49;2.48;0;0;0;1.49;"8017596078360";"BEZALKOHOLNA PIĆA"
"SOK BRESKVA 99% VOĆA B/D.ŠE3X200ml";"016572602";"PUERTOSOL";0.6;"LT";1.49;2.48;0;0;0;1.49;"8017596078377";"BEZALKOHOLNA PIĆA"
"PIĆE OD NARANČE 65% BEZ.DO.ŠEČ. 1l";"016572702";"PUERTOSOL";1;"LT";1.99;1.99;1.69;1.69;1.99;1.99;"8017596078353";"BEZALKOHOLNA PIĆA"
"PIĆE OD ANANASA 60% BEZ.DO.ŠEČ. 1l";"016572802";"PUERTOSOL";1;"LT";1.99;1.99;1.69;1.69;1.59;1.99;"8017596078346";"BEZALKOHOLNA PIĆA"
".KETCHUP LJUTI 560g";"016573801";"IL BRACIERE";0.56;"KG";1.59;2.84;0;0;0;1.59;"8017596118479";"RAJČICA/DODACI"
".KETCHUP LJUTI 560g";"016573801";"IL BRACIERE";0.56;"KG";1.59;2.84;0;0;0;1.59;"8017596065018";"RAJČICA/DODACI"
".NAPOLITANKE SA TAMNOM ČOKOLAD.175g";"016574001";"DOLCIANDO";0.175;"KG";1;5.71;0;0;0;1;"8017596116703";"KEKSI/VAFLI/SNACKS"
"CROISSANT BEZ PUNJENJA 6KOM 360g";"016574901";"DOLCIANDO";0.36;"KG";2.39;6.64;1.69;4.69;2.39;2.39;"8017596043481";"SLADOLEDI I DESERTI"
"DETERDŽ.POSUĐE LIMUN ECO REFILL 2l";"016578801";"DEXAL";2;"LT";2.99;1.5;0;0;0;2.99;"8017596111326";"SRED. ZA PRANJE RUBLJA/POSUĐA"
"PADELLA 24 CM SELF CROAZIA";"016579901";"NO BRAND";1;"PZ";13.27;13.27;0;0;0;13.27;"8006214026104";"SELF LIQUIDATING"
"PADELLA 24CM LINEA BELLEZZA SELF HR";"016580201";"NO BRAND";1;"PZ";13.27;13.27;0;0;0;13.27;"8000807049976";"SELF LIQUIDATING"
"BOMBONI VOĆNI ŽELE 400g";"016580401";"DOLCIANDO";0.4;"KG";2.29;5.73;0;0;0;2.29;"8017596118332";"SLATKIŠI I BOMBONI"
"KEKSI S MEDOM BEZ GLUTENA 250g";"016581201";"DOLCIANDO";0.25;"KG";1.89;7.56;0;0;0;1.89;"8017596115898";"KEKSI/VAFLI/SNACKS"
"TORTA CROSTATA ŠUMSKO VOĆE 500g";"016581301";"DOLCIANDO";0.5;"KG";2.99;5.98;0;0;0;2.99;"8017596116437";"TORTE I ROLADE"
"CROISSANT BEZ MLIJ.JAJA, ČOK. 288g";"016582001";"DOLCIANDO";0.288;"KG";1.99;6.91;0;0;0;1.99;"8017596115508";"BISKVIT PROIZVODI/KROASAN"
"KOLAČ JANJE S VOĆEM 750g";"016595701";"DM DUCA MOSCATI";0.75;"KG";4.49;5.99;2.99;3.99;4.49;4.49;"8017596050779";"PROIZVODI BOŽIĆ/USKRS"
"KEKS FROLLINI BEZ DOD.ŠEĆERA 330g";"016595801";"DOLCIANDO";0.33;"KG";1.79;5.42;0;0;0;1.79;"8017596116734";"KEKSI/VAFLI/SNACKS"
"PUDING ČOKOLADA SA ŠLAGOM 4X115g";"016597001";"DOLCIANDO";0.46;"KG";1.69;3.67;0;0;0;1.69;"8017596059833";"JOGURTI I DESERTI"
".KOBASICA SERVELADE 1000g";"016602101";"IL BRACIERE";1;"KG";6.99;6.99;0;0;0;6.99;"8017596118592";"SALAME SVJEŽE - EGALIZIRANE"
".KOBASICA SERVELADE 1000g";"016602101";"IL BRACIERE";1;"KG";6.99;6.99;0;0;0;6.99;"8017596119117";"SALAME SVJEŽE - EGALIZIRANE"
"KEKSI S KOKOSOM BEZ GLUTENA 250g";"016602801";"AMO ESSERE SENZA GLUTINE";0.25;"KG";1.79;7.16;1.39;5.56;1.79;1.79;"8017596071880";"KEKSI/VAFLI/SNACKS"
"ŠAMPON 2u1 PERUT/JAČANJE 300ml";"016603501";"NEAR YOUR XXX";0.3;"LT";1.49;4.97;0;0;0;1.49;"8017596114563";"NJEGA KOSE/BRADE"
"ŠAMPON 2u1 PERUT/JAČANJE 300ml";"016603501";"NEAR YOUR XXX";0.3;"LT";1.49;4.97;0;0;0;1.49;"8017596114570";"NJEGA KOSE/BRADE"
"ŠAMPON ZA KOSU MASNU/BEZ SJAJA300ml";"016603701";"NEAR YOUR XXX";0.3;"LT";1.39;4.63;0;0;0;1.39;"8017596114488";"NJEGA KOSE/BRADE"
"ŠAMPON ZA KOSU MASNU/BEZ SJAJA300ml";"016603701";"NEAR YOUR XXX";0.3;"LT";1.39;4.63;0;0;0;1.39;"8017596114495";"NJEGA KOSE/BRADE"
"ČOKOLADNI SNACK KARAMELA 5kom 250g";"016609501";"DOLCIANDO";0.25;"KG";2.59;10.36;0;0;0;2.59;"8017596113337";"ČOKOLADE"
"MUFFINI ČOK.KAP.BEZ GLUTENA 140g";"016615001";"AMO ESSERE SENZA GLUTINE";0.14;"KG";1.79;12.79;1.39;9.93;1.79;1.79;"8017596115911";"BISKVIT PROIZVODI/KROASAN"
"KEKSI PUNJENI KAKAO KREMOM 150g";"016615101";"DOLCIANDO";0.15;"KG";1.29;8.6;0;0;0;1.29;"8017596116918";"KEKSI/VAFLI/SNACKS"
".SIR TOPLJENI LIST.SCAMORZA  200g";"016616701";"IL BRACIERE";0.2;"KG";1.49;7.45;0;0;0;1.49;"8017596118059";"MLIJEČNI PROIZ. SVJEŽI - EGAL."
"ČOKOLADA TAMNA NARAN/BADEM 100g";"016619901";"DOLCIANDO";0.1;"KG";1.99;19.9;0;0;0;1.99;"8017596115669";"ČOKOLADE"
"ČOKOLADA TAMNA ĐUMBIR/LIMUN 100g";"016620101";"DOLCIANDO";0.1;"KG";1.99;19.9;0;0;0;1.99;"8017596115676";"ČOKOLADE"
"ČOKOLADNI PRUTIĆI MLIJEČ.PUNJ. 200g";"016620601";"DOLCIANDO";0.2;"KG";2.69;13.45;0;0;0;2.69;"8017596050236";"ČOKOLADE"
"BOMBONI FRESH MINTS BEZ Š. 14g";"016620702";"DOLCIANDO";0.014;"KG";0.93;66.43;0;0;0;0.93;"24100724";"SLATKIŠI I BOMBONI"
"ČOK.SNACK KARAMELA I KIKIRIKI 250g";"016626001";"DOLCIANDO";0.25;"KG";2.59;10.36;0;0;0;2.59;"8017596078278";"ČOKOLADE"
"PIZZA MAXI MARGHERITA 560g";"016630301";"TRE MULINI";0.56;"KG";3.99;7.13;0;0;0;3.99;"8017596046093";"ZAMRZNUTA POLUGOTOVA JELA"
"KEKSI OD ŽITARICA S BRUSNICAMA 250g";"016642201";"DOLCIANDO";0.25;"KG";1.29;5.16;0;0;0;1.29;"8017596116710";"KEKSI/VAFLI/SNACKS"
"KEKSI 4 ŽITARICE BEZ DOD.ŠEĆ. 300g";"016642401";"DOLCIANDO";0.3;"KG";1.79;5.97;0;0;0;1.79;"8017596116109";"KEKSI/VAFLI/SNACKS"
"ŠMINKA OLOVKA ZA OČI+ŠILJILO";"016645201";"FIOR DI MAGNOLIA";1;"PZ";2.99;2.99;0;0;0;2.99;"8017596052391";"KOZMETIKA/NJEGA TIJELA I LICA"
"TORBA ZA KUPOVINU PAMUK FAIR TRADE";"016647601";"NO BRAND";1;"PZ";1.99;1.99;0;0;0;1.99;"8017596115973";"SHOPPER"
"PANIRAN ŠT.ALJAŠKE KOLJE 15kom 450g";"016655001";"ATHENA";0.45;"KG";2.99;6.64;0;0;0;2.99;"8017596040558";"ZAMRZNUTA RIBA/MORSKI PLODOVI"
"NAPITAK NARANČE/ĐUMBIRA BIO 500ml";"016656601";"AMO ESSERE BIO";0.5;"LT";1.89;3.78;0;0;0;1.89;"8017596116765";"BEZALKOHOLNA PIĆA"
"SNACK KREM SIR I GRISINI 4X35g";"016657001";"LAND";0.14;"KG";2.29;16.36;1.85;13.21;2.29;2.29;"8017596115829";"MLIJEČNI PROIZ. SVJEŽI - EGAL."
".KEKSI INTEGRALNI S ČOKOLADOM 700g";"016657401";"DOLCIANDO";0.7;"KG";2.99;4.27;0;0;0;2.99;"8017596117137";"KEKSI/VAFLI/SNACKS"
".PIVO FESTBIER BEST BRAU 5,5% 5l";"016658401";"BEST BRAU";5;"LT";9.99;2;0;0;0;9.99;"8017596118158";"PIVA"
".BATERIJA KEIROS AA/AAA 20kom";"016658501";"KEIROS";1;"PZ";4.99;4.99;0;0;0;4.99;"8017596116666";"ČARAPE/BATERIJE"
".BATERIJA KEIROS AA/AAA 20kom";"016658501";"KEIROS";1;"PZ";4.99;4.99;0;0;0;4.99;"8017596116673";"ČARAPE/BATERIJE"
"FILETI LOKARDE U SUNCOK.ULJU 125g";"016660001";"ATHENA";0.125;"KG";1.29;10.32;0;0;0;1.29;"8017596109668";"RIBLJE KONZERVE"
"VOSAK ZA OBLIKOVANJE KOSE 125ml";"016660201";"NEAR YOUR XXX";0.125;"LT";2.69;21.52;0;0;0;2.69;"8017596118127";"NJEGA KOSE/BRADE"
"SL.KORN.STRACCIATELLA 6KOM 450g";"016662601";"DOLCIANDO";0.45;"KG";3.39;7.53;0;0;0;3.39;"8017596044389";"SLADOLEDI I DESERTI"
"KEFIR KREMASTI VOĆNI V.OKUSA 150g";"016669501";"LAND";0.15;"KG";0.79;5.27;0;0;0;0.79;"24101066";"JOGURTI I DESERTI"
"KEFIR KREMASTI VOĆNI V.OKUSA 150g";"016669501";"LAND";0.15;"KG";0.79;5.27;0;0;0;0.79;"24101097";"JOGURTI I DESERTI"
"KEFIR KREMASTI VOĆNI V.OKUSA 150g";"016669501";"LAND";0.15;"KG";0.79;5.27;0;0;0;0.79;"24101080";"JOGURTI I DESERTI"
"KEFIR KREMASTI VOĆNI V.OKUSA 150g";"016669501";"LAND";0.15;"KG";0.79;5.27;0;0;0;0.79;"24101073";"JOGURTI I DESERTI"
"BALZAM ZA KOSU HIDRAT/HRANJIV 250ml";"016678801";"NEAR YOUR XXX";0.25;"LT";1.29;5.16;0;0;0;1.29;"8017596114532";"NJEGA KOSE/BRADE"
"BALZAM ZA KOSU HIDRAT/HRANJIV 250ml";"016678801";"NEAR YOUR XXX";0.25;"LT";1.29;5.16;0;0;0;1.29;"8017596114525";"NJEGA KOSE/BRADE"
"MUESLI HRSKAVI ZOBENI 400g";"016683201";"TRE MULINI";0.4;"KG";2.29;5.73;0;0;0;2.29;"8017596115287";"DORUČAK - PAHULJICE/NAMAZI/MED"
"BURGER SOJA 2x100g";"016709701";"AMO ESSERE VEG";0.2;"KG";3.05;15.25;0;0;0;3.05;"8017596118554";"GOTOVA RIBLJA JELA"
"BURGER SOJA 2x100g";"016709701";"AMO ESSERE VEG";0.2;"KG";3.05;15.25;0;0;0;3.05;"8017596128157";"GOTOVA RIBLJA JELA"
"BURGER SOJA 2x100g";"016709701";"AMO ESSERE VEG";0.2;"KG";3.05;15.25;0;0;0;3.05;"8017596126016";"GOTOVA RIBLJA JELA"
"KAŠICA VOĆNA JABUKA JAGODA BIO 100g";"016717401";"PRIME PAPPE";0.1;"KG";0.49;4.9;0;0;0;0.49;"8017596117052";"DJEČJA HRANA"
"KAŠICA VOĆNA JAB/KRU/BANA. BIO 100g";"016717701";"PRIME PAPPE";0.1;"KG";0.49;4.9;0;0;0;0.49;"8017596117045";"DJEČJA HRANA"
"MASLAC BEZ LAKTOZE 200g";"016719001";"AMO ESSERE SENZA LATTOSIO";0.2;"KG";2.69;13.45;1.99;9.95;2.69;2.69;"8017596117960";"MLIJEČNI PROIZ. SVJEŽI - EGAL."
".NUGGETS OD ALJAŠKE KOLJE 240g";"016720101";"ATHENA";0.24;"KG";1.99;8.29;0;0;0;1.99;"8017596040572";"ZAMRZNUTA RIBA/MORSKI PLODOVI"
"SORBETTI VOĆNI MIX 8KOM 560g";"016720201";"DOLCIANDO";0.56;"KG";3.69;6.59;0;0;0;3.69;"8017596044396";"SLADOLEDI I DESERTI"
"PAPIRNATI RUČNICI FORTE 3S, 80L, 3R";"016720801";"SOFT DREAM";1;"PZ";2.79;2.79;0;0;0;2.79;"8017596117175";"PAPIRNATI PROIZVODI"
"TJESTENINA S JAJIMA MAŠNICE 250g";"016722201";"TRE MULINI";0.25;"KG";0.89;3.56;0;0;0;0.89;"8017596117168";"TJESTENINA"
"PIZZA MARGHERITA DEB. TIJESTO 375g";"016724801";"TRE MULINI";0.375;"KG";2.79;7.44;0;0;0;2.79;"8017596046130";"ZAMRZNUTA POLUGOTOVA JELA"
"TORBA ZA KUPNJU 85% RECIKLIRANA";"016726301";"NO BRAND";1;"PZ";1.19;1.19;0;0;0;1.19;"8017596117977";"SHOPPER"
"SIR MOZZARELLA MINI 150g";"016731101";"PASCOLI ITALIANI";0.15;"KG";1.59;10.6;0;0;0;1.59;"8017596118790";"MLIJEČNI PROIZ. SVJEŽI - EGAL."
"ŠAMPON ZA KOSU HIDRATANTNI/HRANJIVI";"016732901";"NEAR YOUR XXX";0.3;"LT";1.29;4.3;0;0;0;1.29;"8017596114471";"NJEGA KOSE/BRADE"
"ŠAMPON ZA KOSU HIDRATANTNI/HRANJIVI";"016732901";"NEAR YOUR XXX";0.3;"LT";1.29;4.3;0;0;0;1.29;"8017596114464";"NJEGA KOSE/BRADE"
"KEKS FROLLINI S JABUKOM 350g";"016736101";"DOLCIANDO";0.35;"KG";2.19;6.26;0;0;0;2.19;"8017596063601";"KEKSI/VAFLI/SNACKS"
".BONBONI ŽELE VOĆNI SOK 1kg";"016744001";"DOLCIANDO";1;"KG";4.49;4.49;0;0;0;4.49;"8017596119131";"SLATKIŠI I BOMBONI"
"STICK ZA PSE PREM.PIL.200g/GOV.250g";"016744301";"RADAMES";0.2;"KG";1.19;5.95;0;0;0;1.19;"8017596119438";"HRANA ZA KUĆNE LJUBIMCE"
"STICK ZA PSE PREM.PIL.200g/GOV.250g";"016744301";"RADAMES";0.2;"KG";1.19;5.95;0;0;0;1.19;"8017596119421";"HRANA ZA KUĆNE LJUBIMCE"
"BOMBONI EXTRA FORTE BEZ ŠE.100g";"016746801";"DOLCIANDO";0.1;"KG";1.69;16.9;0;0;0;1.69;"24100847";"SLATKIŠI I BOMBONI"
"UPIJAJUĆE PROSTIRKE 60X90cm 10kom";"016748501";"RADAMES";1;"PZ";4.49;4.49;0;0;0;4.49;"8017596117526";"HRANA ZA KUĆNE LJUBIMCE"
".RAŽNJIĆ ŠTAP.OD BAMBUSA 25cm 50kom";"016748701";"IL BRACIERE";1;"PZ";1.19;1.19;0;0;0;1.19;"8017596117885";"JEDNOKR. PRIBOR/VREĆE ZA SMEĆE"
".UPALJAČ KUHINJSKI PUNJIVI";"016748801";"IL BRACIERE";1;"PZ";1.49;1.49;0;0;0;1.49;"8017596118400";"INSEKTICIDI/SVIJEĆE/OSVJEŽIVAČ"
".TEKUĆINA ZA POTPALU UGLJENA 1l";"016748901";"IL BRACIERE";1;"LT";3.49;3.49;0;0;0;3.49;"8017596117717";"INSEKTICIDI/SVIJEĆE/OSVJEŽIVAČ"
"KEKSI PUNJENI LIMUNOM 150g";"016749801";"DOLCIANDO";0.15;"KG";1.29;8.6;0;0;0;1.29;"8017596116925";"KEKSI/VAFLI/SNACKS"
"BALZAM ZA KOSU OBOJANU/OBNAV. 250ml";"016749901";"NEAR YOUR XXX";0.25;"LT";1.29;5.16;0;0;0;1.29;"8017596114549";"NJEGA KOSE/BRADE"
"BALZAM ZA KOSU OBOJANU/OBNAV. 250ml";"016749901";"NEAR YOUR XXX";0.25;"LT";1.29;5.16;0;0;0;1.29;"8017596114556";"NJEGA KOSE/BRADE"
".TORTILLA EXTREME CHILLI 400g";"016750401";"IL BRACIERE";0.4;"KG";1.99;4.98;0;0;0;1.99;"8017596116864";"KEKSI/VAFLI/SNACKS"
"ČAŠE S DRŠKOM BIORAZ. 100ml 50 kom";"016752501";"SISTEMA CASA";1;"PZ";2.49;2.49;0;0;0;2.49;"8017596117823";"JEDNOKR. PRIBOR/VREĆE ZA SMEĆE"
"TANJURI OVALNI CELULO.BIORAZ. 20kom";"016752801";"SISTEMA CASA";1;"PZ";2.89;2.89;0;0;0;2.89;"8017596117816";"JEDNOKR. PRIBOR/VREĆE ZA SMEĆE"
"TOALETNI PAPIR 2S, 150L, 12R";"016764401";"SOFT DREAM";1;"PZ";3.19;3.19;0;0;0;3.19;"8017596106292";"PAPIRNATI PROIZVODI"
"PAPIRNATI RUČNICI EXTRA 3S,100L,2R";"016765201";"SOFT DREAM";1;"PZ";1.99;1.99;0;0;0;1.99;"8017596117182";"PAPIRNATI PROIZVODI"
".MLIJEČNI DESERT KAK/MED10X28g";"016767301";"DOLCIANDO";0.28;"KG";2.29;8.18;0;0;0;2.19;"24101158";"JOGURTI I DESERTI"
".MLIJEČNI DESERT KAK/MED10X28g";"016767301";"DOLCIANDO";0.28;"KG";2.29;8.18;0;0;0;2.19;"24101165";"JOGURTI I DESERTI"
"TJESTENINA S JAJIMA TAGLIERINI 250g";"016773301";"TRE MULINI";0.25;"KG";1.19;4.76;0;0;0;1.19;"8017596117267";"TJESTENINA"
".KRAČICA BBQ 850g";"016777001";"IL BRACIERE";0.85;"KG";5.99;7.05;0;0;0;5.99;"8017596120281";"SALAME SVJEŽE - EGALIZIRANE"
"TJESTENINA S JAJIMA REZANCI 250g";"016777301";"TRE MULINI";0.25;"KG";1.19;4.76;0;0;0;1.19;"8017596117144";"TJESTENINA"
"REZANCI S JAJIMA PAPPARDELLE 250g";"016778001";"TRE MULINI";0.25;"KG";1.19;4.76;0;0;0;1.19;"8017596117298";"TJESTENINA"
"TJESTENINA S JAJIMA ŠKOLJKICE 250g";"016778101";"TRE MULINI";0.25;"KG";0.89;3.56;0;0;0;0.89;"8017596117151";"TJESTENINA"
"REZANCI S JAJIMA TAGLIATELLE 250g";"016778201";"TRE MULINI";0.25;"KG";1.19;4.76;0;0;0;1.19;"8017596117274";"TJESTENINA"
"EK.DJEV.MASLINOVO ULJE FRUTTATO 1l";"016780301";"FRANTOIO LA ROCCA";1;"LT";8.99;8.99;4.99;4.99;8.99;8.99;"8017596120069";"ULJE"
"EK.DJEV.MASLINOVO ULJE FRUTTATO 1l";"016780301";"FRANTOIO LA ROCCA";1;"LT";8.99;8.99;4.99;4.99;8.99;8.99;"8008460900894";"ULJE"
"TUNA U BILJNOM ULJU 4X80g";"016781301";"ATHENA";0.32;"KG";3.39;10.59;0;0;0;3.39;"8017596014955";"RIBLJE KONZERVE"
"SIR KOZJI NAREZANI 120g";"016785901";"LAND";0.12;"KG";2.29;19.08;0;0;0;2.29;"8017596119995";"MLIJEČNI PROIZ. SVJEŽI - EGAL."
".DENTAL STICK ZA PSE 4X7kom 720g";"016791401";"RADAMES";0.72;"KG";2.99;4.15;0;0;0;2.99;"8017596119599";"HRANA ZA KUĆNE LJUBIMCE"
"SIRNI PRIPRAVAK MAL/BOROVN.150g";"016792401";"LAND";0.15;"KG";0.89;5.93;0;0;0;0.89;"24101189";"JOGURTI I DESERTI"
"SIRNI PRIPRAVAK MAL/BOROVN.150g";"016792401";"LAND";0.15;"KG";0.89;5.93;0;0;0;0.89;"24101172";"JOGURTI I DESERTI"
".MLIJEKO TRAJNO S OMEGA 3 MK 1000ml";"016793001";"PASCOLI ITALIANI";1;"LT";1.05;1.05;0;0;0;1.33;"8017596119537";"MLIJEČNI PROIZVODI UHT - JAJA"
"PAP.MARAM.RECIKL.ECO 4S, 10M,18KOM";"016798601";"SOFT DREAM";1;"PZ";2.19;2.19;1.69;1.69;2.19;2.19;"8017596118080";"PAPIRNATI PROIZVODI"
"HULAHOPKE RELAX 30 DEN V.1/2 CRNE";"016799401";"GLISSADE";1;"PZ";1.99;1.99;0;0;0;1.99;"8017596116253";"ČARAPE/BATERIJE"
"HULAHOPKE RELAX 30 DEN V.3 CRNE";"016799601";"GLISSADE";1;"PZ";1.99;1.99;0;0;0;1.99;"8017596116260";"ČARAPE/BATERIJE"
"HULAHOPKE RELAX 30 DEN V.4 CRNE";"016799901";"GLISSADE";1;"PZ";1.99;1.99;0;0;0;1.99;"8017596116277";"ČARAPE/BATERIJE"
"HULAHOPKE RELAX 30 DEN XL CRNE";"016800001";"GLISSADE";1;"PZ";1.99;1.99;0;0;0;1.99;"8017596116543";"ČARAPE/BATERIJE"
"LAK ZA KOSU EKSTRA JAK 400ml";"016801001";"NEAR YOUR XXX";0.4;"LT";1.98;4.95;0;0;0;1.98;"8017596076465";"NJEGA KOSE/BRADE"
"HULAHOPKE RELAX 30 DEN V.1/2 SMEĐE";"016801301";"GLISSADE";1;"PZ";1.99;1.99;0;0;0;1.99;"8017596116284";"ČARAPE/BATERIJE"
"HULAHOPKE RELAX 30 DEN V.3 SMEĐE";"016801401";"GLISSADE";1;"PZ";1.99;1.99;0;0;0;1.99;"8017596116291";"ČARAPE/BATERIJE"
"HULAHOPKE RELAX 30 DEN V.4 SMEĐE";"016801501";"GLISSADE";1;"PZ";1.99;1.99;0;0;0;1.99;"8017596116307";"ČARAPE/BATERIJE"
"HULAHOPKE RELAX 30 DEN XL SMEĐE";"016801601";"GLISSADE";1;"PZ";1.99;1.99;0;0;0;1.99;"8017596116550";"ČARAPE/BATERIJE"
"KAŠICA JABUKA BANANA BIO 100g";"016806101";"PRIME PAPPE";0.1;"KG";0.49;4.9;0;0;0;0.49;"8017596117038";"DJEČJA HRANA"
"HULAHOPKE ONE PIECE 40 DEN V1/2 CRN";"016809201";"GLISSADE";1;"PZ";3.98;3.98;0;0;0;3.98;"8017596116376";"ČARAPE/BATERIJE"
"HULAHOPKE ONE PIECE 40 DEN V.3 CRNE";"016809301";"GLISSADE";1;"PZ";3.98;3.98;0;0;0;3.98;"8017596116383";"ČARAPE/BATERIJE"
"HULAHOPKE ONE PIECE 40 DEN V.3 CRNE";"016809301";"GLISSADE";1;"PZ";3.98;3.98;0;0;0;3.98;"8017596058485";"ČARAPE/BATERIJE"
"HULAHOPKE ONE PIECE 40 DEN V.4 CRNE";"016809401";"GLISSADE";1;"PZ";3.98;3.98;0;0;0;3.98;"8017596116390";"ČARAPE/BATERIJE"
"HULAHOPKE ONE PIECE 40 DEN V1/2 SME";"016809501";"GLISSADE";1;"PZ";3.98;3.98;0;0;0;3.98;"8017596116406";"ČARAPE/BATERIJE"
"BOMB.COMPAS LIMUN/ZEL.ČAJ/ĐUMBI.14g";"016813602";"DOLCIANDO";0.014;"KG";0.89;63.57;0;0;0;0.89;"24100731";"SLATKIŠI I BOMBONI"
"BOMB.COMPAS LIMUN/ZEL.ČAJ/ĐUMBI.14g";"016813602";"DOLCIANDO";0.014;"KG";0.89;63.57;0;0;0;0.89;"24100748";"SLATKIŠI I BOMBONI"
"BOMB.COMPAS LIMUN/ZEL.ČAJ/ĐUMBI.14g";"016813602";"DOLCIANDO";0.014;"KG";0.89;63.57;0;0;0;0.89;"24100755";"SLATKIŠI I BOMBONI"
"HULAHOPKE ONE PIECE 40 DEN V.3 SMEĐ";"016813701";"GLISSADE";1;"PZ";3.98;3.98;0;0;0;3.98;"8017596116413";"ČARAPE/BATERIJE"
"HULAHOPKE ONE PIECE 40 DEN V.4 SMEĐ";"016813901";"GLISSADE";1;"PZ";3.98;3.98;0;0;0;3.98;"8017596116420";"ČARAPE/BATERIJE"
"HULAHOPKE DAILY 50 DEN V.1/2 CRNE";"016814401";"GLISSADE";1;"PZ";1.33;1.33;0;0;0;1.33;"8017596116192";"ČARAPE/BATERIJE"
"HULAHOPKE DAILY 50 DEN V.3/4 CRNE";"016814501";"GLISSADE";1;"PZ";1.33;1.33;0;0;0;1.33;"8017596116208";"ČARAPE/BATERIJE"
"HULAHOPKE DAILY 50 DEN XL CRNE";"016814601";"GLISSADE";1;"PZ";1.33;1.33;0;0;0;1.33;"8017596116215";"ČARAPE/BATERIJE"
"TOALETNI PAPIR RECIK.ECO 2S,300L,4R";"016815301";"SOFT DREAM";1;"PZ";1.99;1.99;0;0;0;1.99;"8017596106308";"PAPIRNATI PROIZVODI"
"PANIRANE PALAČINKE MOZZ. RAJČ. 250g";"016817101";"TRE MULINI";0.25;"KG";1.39;5.56;0;0;0;1.39;"8017596041869";"ZAMRZNUTA POLUGOTOVA JELA"
"PANIRANE PALAČINKE MOZZ. PRŠUT 250g";"016817102";"TRE MULINI";0.25;"KG";1.39;5.56;0;0;0;1.39;"8017596041876";"ZAMRZNUTA POLUGOTOVA JELA"
"PANIRANE PALAČINKE MOZZ.GLJIVE 250g";"016817103";"TRE MULINI";0.25;"KG";1.39;5.56;0;0;0;1.39;"8017596041883";"ZAMRZNUTA POLUGOTOVA JELA"
"BOMBONI NARANČA I LIMUN. 200g";"016819801";"DOLCIANDO";0.2;"KG";0.99;4.95;0;0;0;0.99;"8017596118318";"SLATKIŠI I BOMBONI"
"SRDELE U SUNCOKRETOVOM ULJU 125g";"016820901";"ATHENA";0.125;"KG";0.99;7.92;0;0;0;0.99;"8017596112040";"RIBLJE KONZERVE"
"SALVETE U BOJI 3S, 50KOM";"016823801";"SOFT DREAM";1;"PZ";1.69;1.69;0;0;0;1.69;"8017596118110";"PAPIRNATI PROIZVODI"
"REZANCI ŠI. S JAJIMA I ŠPINATOM250g";"016825601";"TRE MULINI";0.25;"KG";1.19;4.76;0;0;0;1.19;"8017596117281";"TJESTENINA"
"KAŠICA JABUKA KRUŠKA BIO 100g";"016828301";"PRIME PAPPE";0.1;"KG";0.49;4.9;0;0;0;0.49;"8017596117021";"DJEČJA HRANA"
"ČOKOLADNA NAPOLITANKA 6 kom 144g";"016845501";"DOLCIANDO";0.144;"KG";2.29;15.9;0;0;0;2.29;"8017596118660";"KEKSI/VAFLI/SNACKS"
"KOREKTOR U STICKU";"016845601";"FIOR DI MAGNOLIA";1;"PZ";3.39;3.39;0;0;0;3.39;"8017596104984";"KOZMETIKA/NJEGA TIJELA I LICA"
"KOREKTOR U STICKU";"016845601";"FIOR DI MAGNOLIA";1;"PZ";3.39;3.39;0;0;0;3.39;"8017596104977";"KOZMETIKA/NJEGA TIJELA I LICA"
"TARALLI SA KOMORAČEM 300g";"016845701";"TRE MULINI";0.3;"KG";1.09;3.63;0;0;0;1.09;"8017596106520";"PEKARSKI PROIZVODI"
"SUHI KVASAC 60g";"016847101";"TRE MULINI";0.06;"KG";0.99;16.5;0;0;0;0.99;"8017596117205";"KAKAO/DOD. ZA KOLAČE/PREHRANU"
"KEKSI DANSKI S MASLACEM 500g";"016854801";"NO BRAND";0.5;"KG";4.99;9.98;0;0;0;4.99;"5776879000759";"KEKSI/VAFLI/SNACKS"
"SIR FETA KOCKICE 150g";"016876401";"LAND";0.15;"KG";2.79;18.6;0;0;0;2.79;"8017596119155";"MLIJEČNI PROIZ. SVJEŽI - EGAL."
"TORBA ZA TERETANU";"016880001";"NO BRAND";1;"PZ";6.63;6.63;0;0;0;6.63;"8017596262813";"SELF LIQUIDATING"
"MEMORIJSKI JASTUK";"016880101";"NO BRAND";1;"PZ";6.63;6.63;0;0;0;6.63;"8017596262844";"SELF LIQUIDATING"
"PAP.MARAM.4S, 10M,30KOM";"016882301";"SOFT DREAM";1;"PZ";3.29;3.29;0;0;0;3.29;"8017596118097";"PAPIRNATI PROIZVODI"
"BOMBONI GUMENI ĐUMBIR LIMUN 200g";"016884001";"DOLCIANDO";0.2;"KG";1.29;6.45;0;0;0;1.29;"8017596118349";"SLATKIŠI I BOMBONI"
".TORTA S NARANČAMA/ČOKO 500g";"016890401";"DM DUCA MOSCATI";0.5;"KG";5.99;11.98;3.99;7.98;5.99;5.99;"8017596120687";"PROIZVODI BOŽIĆ/USKRS"
".PANETTONE U LIMENCI 750g";"016890801";"DM DUCA MOSCATI";0.75;"KG";8.49;11.32;5.99;7.99;8.49;8.49;"8002734101741";"PROIZVODI BOŽIĆ/USKRS"
".PANETTONE U LIMENCI 750g";"016890801";"DM DUCA MOSCATI";0.75;"KG";8.49;11.32;5.99;7.99;8.49;8.49;"8017596052094";"PROIZVODI BOŽIĆ/USKRS"
"VREĆE ZA SMEĆE PROZ.50x60 30l 30kom";"016893001";"SISTEMA CASA";1;"PZ";0.99;0.99;0;0;0;0.99;"8017596101822";"JEDNOKR. PRIBOR/VREĆE ZA SMEĆE"
"GRISSINI 200g";"016896701";"TRE MULINI";0.2;"KG";1.19;5.95;0;0;0;1.19;"8017596120427";"PEKARSKI PROIZVODI"
"ČOKOLADA TAMNA 100g";"016898901";"DOLCIANDO";0.1;"KG";1.39;13.9;0;0;0;1.39;"8017596004154";"ČOKOLADE"
"PAPIRNATI RUČNICI ECO 2S,100L,3R";"016901201";"AMO ESSERE ECO";1;"PZ";2.59;2.59;1.49;1.49;2.59;2.59;"8017596117199";"PAPIRNATI PROIZVODI"
"ČOKOLADA TAMNA S PISTACIJAMA 100g";"016901301";"DOLCIANDO";0.1;"KG";2.29;22.9;0;0;0;2.29;"8017596100412";"ČOKOLADE"
"RUKAVICE LATEKS 100kom S-M/M-L";"016903501";"SISTEMA CASA";1;"PZ";8.63;8.63;0;0;0;8.63;"8431026080110";"PROIZVODI ZA UREĐENJE DOMA"
"RUKAVICE LATEKS 100kom S-M/M-L";"016903501";"SISTEMA CASA";1;"PZ";8.63;8.63;0;0;0;8.63;"8431026017611";"PROIZVODI ZA UREĐENJE DOMA"
"RUKAVICE LATEKS 100kom S-M/M-L";"016903501";"SISTEMA CASA";1;"PZ";8.63;8.63;0;0;0;8.63;"8017596121844";"PROIZVODI ZA UREĐENJE DOMA"
"RUKAVICE LATEKS 100kom S-M/M-L";"016903501";"SISTEMA CASA";1;"PZ";8.63;8.63;0;0;0;8.63;"8017596111746";"PROIZVODI ZA UREĐENJE DOMA"
"ČOKOLADA MLIJEČNA 100g";"016904801";"DOLCIANDO";0.1;"KG";1.09;10.9;0;0;0;1.09;"8017596004147";"ČOKOLADE"
"ČAČKALICE ZA ČIŠĆENJE ZUBI 400kom";"016906001";"SISTEMA CASA";1;"PZ";0.89;0.89;0;0;0;0.89;"8017596118394";"JEDNOKR. PRIBOR/VREĆE ZA SMEĆE"
"VLAŽNE MARAM.BABY SENSIT. 80kom";"016924501";"HELLO BABY";1;"PZ";1.69;1.69;0;0;0;1.69;"8017596078223";"ULOŠCI/PELENE/VATE"
"VLAŽNE MARAMICE ZA KUĆNE LJUB.50kom";"016925101";"RADAMES";1;"PZ";1.72;1.72;0;0;0;1.69;"8017596118981";"HRANA ZA KUĆNE LJUBIMCE"
"ŠTAPNI MIKSER SELF 2022";"016926501";"NO BRAND";1;"PZ";6.63;6.63;0;0;0;6.63;"8017596263032";"SELF LIQUIDATING"
"KREMA ZA ČIŠĆENJE LIMUN 750ml";"016929301";"DEXAL";0.75;"LT";1.29;1.72;0;0;0;1.29;"8017596071903";"SREDSTVA ZA ČIŠĆENJE"
"MUESLI ČOKOLADA 400g";"016939201";"TRE MULINI";0.4;"KG";2.39;5.98;0;0;0;2.39;"8017596115300";"DORUČAK - PAHULJICE/NAMAZI/MED"
"ŽVAKAĆA GUMA ORAL CARE 98g";"016940501";"SPINCLASS";0.098;"KG";2.19;22.35;0;0;0;2.19;"24100922";"SLATKIŠI I BOMBONI"
"ŽVAKAĆA GUMA EXTRA FRESH 140g";"016940601";"SPINCLASS";0.14;"KG";2.69;19.21;0;0;0;2.69;"24100915";"SLATKIŠI I BOMBONI"
"9VAKAĆA GUM.OR.CARE 3*23,8g 71,4g";"016940701";"SPINCLASS";0.0714;"KG";1.39;19.47;0;0;0;1.39;"24100939";"SLATKIŠI I BOMBONI"
"ŽVAKAĆA GUMA EXTRAFR. 3*23,8g 71,4g";"016940801";"SPINCLASS";0.0714;"KG";1.39;19.47;0;0;0;1.39;"24100946";"SLATKIŠI I BOMBONI"
"ŽVAKAĆA GUMA MENTA 2*32,7g 65,4g";"016940901";"SPINCLASS";0.0654;"KG";1.29;19.72;0;0;0;1.29;"24100953";"SLATKIŠI I BOMBONI"
"ŽVAKAĆA GUMA JAGODA/LIMUN 2*32,7g";"016941001";"SPINCLASS";0.0654;"KG";1.19;18.2;0;0;0;1.19;"24100960";"SLATKIŠI I BOMBONI"
"ŽVAKAĆA GUMA HYPER FRESH 5*14g 70g";"016941101";"SPINCLASS";0.07;"KG";1.29;18.43;0;0;0;1.29;"24100908";"SLATKIŠI I BOMBONI"
"ŽVAKAĆA GUMA JAGODA 3*22,5g";"016941201";"SPINCLASS";0.0675;"KG";1.06;15.7;0;0;0;1.06;"8017596118950";"SLATKIŠI I BOMBONI"
"PRALINE ČOKOLADNE S PISTACIJ. 200g";"016941601";"DOLCIANDO";0.2;"KG";2.89;14.45;0;0;0;2.89;"8017596120939";"ČOKOLADE"
"ČOKOLADA LJEŠNJAK 100g";"016944601";"DOLCIANDO";0.1;"KG";0.99;9.9;0;0;0;0.99;"8017596004161";"ČOKOLADE"
"SVJEŽI RAVIOLI S TELETINOM 500g";"016944801";"TRE MULINI";0.5;"KG";2.99;5.98;0;0;0;2.99;"8017596120014";"TJESTENINA SVJEŽA - PUNJENA"
"HRANA ZA MAČKE MESO 12x100g";"016945501";"RADAMES";1.2;"KG";4.19;3.49;0;0;0;4.19;"8017596108043";"HRANA ZA KUĆNE LJUBIMCE"
"HRANA ZA MAČKE RIBA 12x100g";"016945601";"RADAMES";1.2;"KG";4.19;3.49;0;0;0;4.19;"8017596108050";"HRANA ZA KUĆNE LJUBIMCE"
"HIG. VREĆICA ZA PSEĆI IZMET 3x20kom";"016948301";"NO BRAND";1;"PZ";1.19;1.19;0;0;0;1.19;"8056684155231";"HRANA ZA KUĆNE LJUBIMCE"
"HIG. VREĆICA ZA PSEĆI IZMET 3x20kom";"016948301";"NO BRAND";1;"PZ";1.19;1.19;0;0;0;1.19;"8017596123398";"HRANA ZA KUĆNE LJUBIMCE"
"MIX PRALINA 300g";"016948901";"DOLCIANDO";0.3;"KG";4.49;14.97;0;0;0;4.49;"8017596121271";"ČOKOLADE"
"PLOČICE KIKIR.SJEMEN.MED 4 kom 120g";"016949301";"DOLCIANDO";0.12;"KG";1.59;13.25;0;0;0;1.59;"8017596118745";"KEKSI/VAFLI/SNACKS"
"PLOČICE ŽIT. TAM.ČOK. 4 kom 120g";"016949401";"DOLCIANDO";0.12;"KG";1.59;13.25;0;0;0;1.59;"8017596118738";"KEKSI/VAFLI/SNACKS"
"JOGURT MARELICA/BRESKVA 150g";"016950301";"LAND";0.15;"KG";0.37;2.47;0.29;1.93;0.37;0.37;"80761211";"JOGURTI I DESERTI"
"JOGURT MARELICA/BRESKVA 150g";"016950301";"LAND";0.15;"KG";0.37;2.47;0.29;1.93;0.37;0.37;"24100120";"JOGURTI I DESERTI"
"PESTO SUŠ.RAJ/PISTACIJA 190g";"016950501";"DELIZIE DAL SOLE";0.19;"KG";1.69;8.89;0;0;0;1.69;"24100458";"RAJČICA/DODACI"
"PAMUČNE BLAZINICE MAXI 70 KOM";"016951601";"FIOR DI MAGNOLIA";1;"PZ";1.19;1.19;0;0;0;1.19;"8017596120250";"ULOŠCI/PELENE/VATE"
"VREĆE ZA SMEĆE CRNE 50x60 30l 30kom";"016953301";"SISTEMA CASA";1;"PZ";0.99;0.99;0;0;0;0.99;"8017596101815";"JEDNOKR. PRIBOR/VREĆE ZA SMEĆE"
"PAMUČNE BLAZINICE 140 kom";"016953901";"FIOR DI MAGNOLIA";1;"PZ";1.19;1.19;0;0;0;1.19;"8017596120243";"ULOŠCI/PELENE/VATE"
"PRALINE CREMINI PISTACIJE 150g";"016960601";"DOLCIANDO";0.15;"KG";3.19;21.27;0;0;0;3.19;"8017596121288";"ČOKOLADE"
"BABY ULJE NJEŽNO 300 ml";"016962601";"HELLO BABY";0.3;"LT";3.49;11.63;0;0;0;3.49;"8017596119018";"KOZMETIKA/NJEGA TIJELA I LICA"
"HIGH PROT. BAR OKUS COOKIE CRE 50g";"016970801";"NO BRAND";0.05;"KG";0.99;19.8;0;0;0;0.99;"8054377171681";"KAKAO/DOD. ZA KOLAČE/PREHRANU"
"HIGH PROT. BAR OKUS COOKIE CRE 50g";"016970801";"NO BRAND";0.05;"KG";0.99;19.8;0;0;0;0.99;"8017596125163";"KAKAO/DOD. ZA KOLAČE/PREHRANU"
"KREM JUHA OD SPARGOGA 90g";"016978801";"TRE MULINI";0.09;"KG";0.89;9.89;0;0;0;0.89;"8017596017079";"JUHE/DEHIDRIRANI PROIZVODI"
"KREM JUHA OD VRGANJA 90g";"016979301";"TRE MULINI";0.09;"KG";0.89;9.89;0;0;0;0.89;"8017596017062";"JUHE/DEHIDRIRANI PROIZVODI"
"KREMA ZA DJECU CINK OKSID BIO 100ml";"016982301";"HELLO BABY";0.1;"LT";2.49;24.9;1.79;17.9;2.49;2.49;"8017596079305";"KOZMETIKA/NJEGA TIJELA I LICA"
"KREMA ZA DJECU HIDRATANTNA ECO100ml";"016982401";"HELLO BABY";0.1;"LT";2.49;24.9;1.79;17.9;2.49;2.49;"8017596079299";"KOZMETIKA/NJEGA TIJELA I LICA"
"ČOKOLADA S LJEŠNJACIMA 130g";"016982801";"DOLCIANDO";0.13;"KG";2.49;19.15;0;0;0;2.49;"8017596101525";"ČOKOLADE"
"JUHA BISTRA OD POVRČE 90g";"016985101";"TRE MULINI";0.09;"KG";0.89;9.89;0;0;0;0.89;"8017596019622";"JUHE/DEHIDRIRANI PROIZVODI"
"JUHA OD PASIRANOG POVRCA 90G";"016985601";"TRE MULINI";0.09;"KG";0.89;9.89;0;0;0;0.89;"8017596017086";"JUHE/DEHIDRIRANI PROIZVODI"
"JUHA BISTRA S TJESTENINOM 90g";"016985701";"TRE MULINI";0.09;"KG";0.89;9.89;0;0;0;0.89;"8017596116086";"JUHE/DEHIDRIRANI PROIZVODI"
"JUHA S 5 VRSTA ZITARICA 110g";"016990901";"TRE MULINI";0.11;"KG";0.99;9;0;0;0;0.99;"8017596101686";"JUHE/DEHIDRIRANI PROIZVODI"
"ROTKVICA NATIONAL 2";"016991501";"NO BRAND";1;"PZ";0.59;0.59;0;0;0;0.59;"8001553802358";"SJEME"
"PRALINE S KOKOSOM 140g";"016993101";"DOLCIANDO";0.14;"KG";1.59;11.36;0;0;0;1.59;"8017596105578";"ČOKOLADE"
"BOMBONI OKUS KAVA 100g";"016995601";"DOLCIANDO";0.1;"KG";0.99;9.9;0;0;0;0.99;"8017596118325";"SLATKIŠI I BOMBONI"
"KREKERI OD HELJDE B/GLUTENA BIO100g";"017001701";"AMO ESSERE BIO";0.1;"KG";1.69;16.9;0;0;0;1.69;"8017596121523";"PEKARSKI PROIZVODI"
"KUS KUS S POVRČEM 220g";"017014701";"AMO ESSERE VEG";0.22;"KG";1.99;9.05;0;0;0;1.99;"8017596119858";"JUHE/DEHIDRIRANI PROIZVODI"
"KUS KUS S POVRČEM 220g";"017014701";"AMO ESSERE VEG";0.22;"KG";1.99;9.05;0;0;0;1.99;"8017596127518";"JUHE/DEHIDRIRANI PROIZVODI"
"SIRNI PRIPR.SVJEŽI SIR I LOSOS 135g";"017015701";"LAND";0.135;"KG";1.59;11.78;0;0;0;1.59;"24101332";"MLIJEČNI PROIZ. SVJEŽI - EGAL."
"VAFEL PUNJEN MEDOM 2 kom 80g";"017016401";"DOLCIANDO";0.08;"KG";0.99;12.38;0;0;0;0.99;"24101325";"KEKSI/VAFLI/SNACKS"
"KEKS S KREMOM LJEŠNJAKA 3 kom 42g";"017016901";"DOLCIANDO";0.042;"KG";0.79;18.81;0.59;14.05;0.79;0.79;"24101288";"KEKSI/VAFLI/SNACKS"
"CROSTNI INTEGRALNI 240g";"017020001";"TRE MULINI";0.24;"KG";1.29;5.38;0;0;0;1.29;"8017596120274";"PEKARSKI PROIZVODI"
"DJEČJA KUPKA BIO ECO 500ml";"017027201";"HELLO BABY";0.5;"LT";2.89;5.78;0;0;0;2.89;"8017596119001";"KOZMETIKA/NJEGA TIJELA I LICA"
"SALVETE BIJELE 100%CEL. 2S,100KOM";"017030301";"AMO ESSERE ECO";1;"PZ";1.89;1.89;0;0;0;1.89;"8017596118103";"PAPIRNATI PROIZVODI"
".ČOK.SNACK MINI MIX 1Kg";"017035901";"DOLCIANDO";1;"KG";8.99;8.99;0;0;0;8.99;"8017596121691";"ČOKOLADE"
".SIRNI NAMAZ 300g";"017036101";"LAND";0.3;"KG";1.49;4.97;0;0;0;1.59;"8017596120595";"MLIJEČNI PROIZ. SVJEŽI - EGAL."
".SIR MOZZARELLA JULIENNE 500g";"017036201";"LAND";0.5;"KG";3.79;7.58;0;0;0;3.89;"8017596120557";"MLIJEČNI PROIZ. SVJEŽI - EGAL."
"SIRNI NAMAZ ZAČINSKO BILJE 175g";"017038101";"LAND";0.175;"KG";1.59;9.09;0;0;0;1.59;"8017596120601";"MLIJEČNI PROIZ. SVJEŽI - EGAL."
"PLOČICE ŽIT., TAM.ČOK. 6 kom 126g";"017049901";"TRE MULINI";0.126;"KG";1.49;11.83;0;0;0;1.49;"8017596066848";"KEKSI/VAFLI/SNACKS"
"PLOČICE ŽITARICE BRUS. 6 kom 126g";"017050001";"TRE MULINI";0.126;"KG";1.49;11.83;0;0;0;1.49;"8017596066855";"KEKSI/VAFLI/SNACKS"
".KREKERI RAJČICA/BOSILJAK 100g";"017055201";"TRE MULINI";0.1;"KG";1.19;11.9;0.99;9.9;1.19;1.19;"8017596121981";"PEKARSKI PROIZVODI"
"PREZERVATIVI KLASIČINI 12kom";"017057501";"LA NUOVA PHARMACIA";1;"PZ";1.99;1.99;0;0;0;1.99;"8017990167370";"KOZMETIKA/NJEGA TIJELA I LICA"
"BOMBONI VOĆNE TOFFEE 300g";"017059301";"DOLCIANDO";0.3;"KG";1.79;5.97;0;0;0;1.79;"8017596065865";"SLATKIŠI I BOMBONI"
"VLAŽNE MARAMICE 100% PAMUK 25kom";"017069901";"FIOR DI MAGNOLIA";1;"PZ";0.99;0.99;0;0;0;0.99;"8017596121400";"ULOŠCI/PELENE/VATE"
"KRUH S INTEGRALNIM BRAŠNOM 350g";"017070301";"TRE MULINI";0.35;"KG";1.29;3.69;0.99;2.83;0.99;1.29;"8017596122506";"PEKARSKI PROIZVODI"
"RAJČICA PASIRANA 3x200g";"017074601";"DELIZIE DAL SOLE";0.6;"KG";1.29;2.15;0;0;0;1.29;"8017596122629";"RAJČICA/DODACI"
"BISKVIT TRANCINO MLIJ.PUNJENJE 270g";"017076001";"DOLCIANDO";0.27;"KG";2.89;10.7;0;0;0;2.89;"8017596118929";"BISKVIT PROIZVODI/KROASAN"
"PECIVA MLIJEČNA 10 kom 400g";"017076201";"DOLCIANDO";0.4;"KG";1.89;4.73;1.39;3.48;1.39;1.89;"8017596122162";"BISKVIT PROIZVODI/KROASAN"
"VOĆNI NAMAZ BIO MARELICA 240g";"017076301";"AMO ESSERE BIO";0.24;"KG";2.39;9.96;0;0;0;2.39;"24101431";"DORUČAK - PAHULJICE/NAMAZI/MED"
".SIR ASIAGO KOCKICE 200g";"017086501";"PASCOLI ITALIANI";0.2;"KG";2.59;12.95;0;0;0;2.59;"8017596123206";"MLIJEČNI PROIZ. SVJEŽI - EGAL."
"BALZAM ZA USNE U STICKU 5ml";"017090301";"NEAR YOUR XXX";0.005;"LT";0.99;198;0;0;0;0.99;"8017596069108";"KOZMETIKA/NJEGA TIJELA I LICA"
"BALZAM ZA USNE U STICKU 5ml";"017090301";"NEAR YOUR XXX";0.005;"LT";0.99;198;0;0;0;0.99;"8017596069146";"KOZMETIKA/NJEGA TIJELA I LICA"
"BALZAM ZA USNE U STICKU 5ml";"017090301";"NEAR YOUR XXX";0.005;"LT";0.99;198;0;0;0;0.99;"8017596069115";"KOZMETIKA/NJEGA TIJELA I LICA"
"BALZAM ZA USNE U STICKU 5ml";"017090301";"NEAR YOUR XXX";0.005;"LT";0.99;198;0;0;0;0.99;"8017596069139";"KOZMETIKA/NJEGA TIJELA I LICA"
"BALZAM ZA USNE U STICKU 5ml";"017090301";"NEAR YOUR XXX";0.005;"LT";0.99;198;0;0;0;0.99;"8017596069122";"KOZMETIKA/NJEGA TIJELA I LICA"
"SVJEŽI POSNI SKYR PROTEIN 300g";"017097101";"LAND";0.3;"KG";1.25;4.17;0;0;0;1.25;"24101370";"JOGURTI I DESERTI"
"ŠTAPIĆI ZA UŠI BIO RAZGRAD. 300kom";"017100501";"NEAR YOUR XXX";1;"PZ";1.05;1.05;0;0;0;1.05;"8017596120335";"ULOŠCI/PELENE/VATE"
"LEDENA KAVA CAPPUCCINO 250ml";"017122601";"DON JEREZ";0.25;"LT";1.09;4.36;0;0;0;1.09;"24101394";"JOGURTI I DESERTI"
"LEDENA KAVA ESPRESSO 250ml";"017122701";"DON JEREZ";0.25;"LT";1.09;4.36;0;0;0;1.09;"24101387";"JOGURTI I DESERTI"
"KRUŠNE MRVICE 500g";"017123501";"TRE MULINI";0.5;"KG";0.99;1.98;0;0;0;0.99;"8017596121493";"PEKARSKI PROIZVODI"
".GRICKALICE SA BBQ UMAKOM 210g";"017124701";"IL BRACIERE";0.21;"KG";1.29;6.14;0;0;0;1.29;"8017596122094";"PEKARSKI PROIZVODI"
"KOLAČ COLOMBA KLASIK 1kg";"017129901";"DM DUCA MOSCATI";1;"KG";6.99;6.99;5.99;5.99;5.99;6.99;"8017596103499";"PROIZVODI BOŽIĆ/USKRS"
"VOĆNI NAMAZ BIO JAGODA 240g";"017133201";"AMO ESSERE BIO";0.24;"KG";2.39;9.96;0;0;0;2.39;"24101424";"DORUČAK - PAHULJICE/NAMAZI/MED"
"PLOČICE S ARAŠIDIMA I VOĆEM 120g";"017137401";"DOLCIANDO";0.12;"KG";1.59;13.25;0;0;0;1.59;"8017596118936";"KEKSI/VAFLI/SNACKS"
".GAZIRANO PIĆE ZERO 1l";"017140401";"BLUES";1;"LT";0.59;0.59;0;0;0;0.59;"8017596104533";"BEZALKOHOLNA PIĆA"
".GAZIRANO PIĆE ZERO 1l";"017140401";"BLUES";1;"LT";0.59;0.59;0;0;0;0.59;"8017596113818";"BEZALKOHOLNA PIĆA"
".GAZIRANO PIĆE ZERO 1l";"017140401";"BLUES";1;"LT";0.59;0.59;0;0;0;0.59;"8017596113825";"BEZALKOHOLNA PIĆA"
".GAZIRANO PIĆE ZERO 1l";"017140401";"BLUES";1;"LT";0.59;0.59;0;0;0;0.59;"8017596104526";"BEZALKOHOLNA PIĆA"
".GAZIRANO PIĆE ZERO 1l";"017140401";"BLUES";1;"LT";0.59;0.59;0;0;0;0.59;"8017596104540";"BEZALKOHOLNA PIĆA"
"ORAH JEZGRA 800g SIBAMBA";"017145901";"MISTER SIBAMBA";0.8;"KG";9.99;12.49;6.99;8.74;9.99;9.99;"8005912014666";"VOĆE SUHO/ORAŠASTO"
"ORAH JEZGRA 800g SIBAMBA";"017145901";"MISTER SIBAMBA";0.8;"KG";9.99;12.49;6.99;8.74;9.99;9.99;"8017596124494";"VOĆE SUHO/ORAŠASTO"
"BADEM JEZGRA 800g SIBAMBA";"017147901";"MISTER SIBAMBA";0.8;"KG";7.99;9.99;0;0;0;9.99;"8057737402029";"VOĆE SUHO/ORAŠASTO"
"BADEM JEZGRA 800g SIBAMBA";"017147901";"MISTER SIBAMBA";0.8;"KG";7.99;9.99;0;0;0;9.99;"8017596124449";"VOĆE SUHO/ORAŠASTO"
"DETERDŽ. ZA POSUĐE OCAT/LIM.500ml";"017149801";"DEXAL";0.5;"LT";0.99;1.98;0;0;0;0.99;"8017596121059";"SRED. ZA PRANJE RUBLJA/POSUĐA"
"DETERDŽ. ZA POSUĐE OCAT/LIM.500ml";"017149801";"DEXAL";0.5;"LT";0.99;1.98;0;0;0;0.99;"8017596121066";"SRED. ZA PRANJE RUBLJA/POSUĐA"
"SPUŽVA MREŽICA ZA TUŠIRANJE";"017150701";"NEAR YOUR XXX";1;"PZ";0.89;0.89;0;0;0;0.89;"8017596052469";"KOZMETIKA/NJEGA TIJELA I LICA"
"KREKERI CROSTINI MASLINOVO ULJE100g";"017151701";"TRE MULINI";0.1;"KG";1.29;12.9;0;0;0;1.29;"8017596120342";"PEKARSKI PROIZVODI"
"ULOŠCI ZA SLABU INKON. MINI 20kom";"017156401";"LA NUOVA PHARMACIA";1;"PZ";2.39;2.39;0;0;0;2.39;"8017596121547";"ULOŠCI/PELENE/VATE"
"ULOŠCI ZA SLABU INKON. NORMAL 14kom";"017156601";"LA NUOVA PHARMACIA";1;"PZ";2.39;2.39;0;0;0;2.39;"8017596101921";"ULOŠCI/PELENE/VATE"
"MILANO SALAMA 100g";"017156701";"FRESCHE FETTE";0.1;"KG";1.89;18.9;0;0;0;1.89;"8017596075703";"SALAME SVJEŽE - EGALIZIRANE"
"CARL MELA - MINIONS SELF";"017162601";"NO BRAND";1;"PZ";1.99;1.99;0;0;0;1.99;"8028716177948";"SELF LIQUIDATING"
"TIM CAROTA - MINIONS SELF";"017162701";"NO BRAND";1;"PZ";1.99;1.99;0;0;0;1.99;"8028716177962";"SELF LIQUIDATING"
"JERRY POMODORO - MINIONS SELF";"017162801";"NO BRAND";1;"PZ";1.99;1.99;0;0;0;1.99;"8028716177979";"SELF LIQUIDATING"
"KEVIN BANANA - MINIONS SELF";"017162901";"NO BRAND";1;"PZ";1.99;1.99;0;0;0;1.99;"8028716177986";"SELF LIQUIDATING"
"BOB FRAGOLA - MINIONS SELF";"017163001";"NO BRAND";1;"PZ";1.99;1.99;0;0;0;1.99;"8028716177931";"SELF LIQUIDATING"
"DAVE PEPERONE - MINIONS SELF";"017163101";"NO BRAND";1;"PZ";1.99;1.99;0;0;0;1.99;"8028716177955";"SELF LIQUIDATING"
"DETERDŽENT ZA TAMNO RUBLJE 1,5l 25P";"017163301";"DEXAL";1.5;"LT";2.29;1.53;0;0;0;2.29;"8017596015792";"SRED. ZA PRANJE RUBLJA/POSUĐA"
"VRHNJE ZA ŠLAG 200ml";"017163701";"PASCOLI ITALIANI";0.2;"LT";1.39;6.95;0;0;0;1.39;"8017596123169";"MLIJEČNI PROIZVODI UHT - JAJA"
"PUDING PROTEIN VANILIJA 200g";"017163901";"DOLCIANDO";0.2;"KG";1.19;5.95;0;0;0;1.19;"24101028";"JOGURTI I DESERTI"
"PUDING PROTEIN KAKAO 200g";"017163902";"DOLCIANDO";0.2;"KG";1.19;5.95;0;0;0;1.19;"24101011";"JOGURTI I DESERTI"
"PUDING PROTEIN KARAMELA 200g";"017163903";"DOLCIANDO";0.2;"KG";1.19;5.95;0;0;0;1.19;"24101028";"JOGURTI I DESERTI"
"PUDING PROTEIN KARAMELA 200g";"017163903";"DOLCIANDO";0.2;"KG";1.19;5.95;0;0;0;1.19;"24101653";"JOGURTI I DESERTI"
".TORTA INTEG.BRAŠ.MANDAR/LIMUN 250g";"017167601";"DOLCIANDO";0.25;"KG";2.29;9.16;1.79;7.16;2.29;2.29;"8017596123114";"TORTE I ROLADE"
"PUDING ČOKOLADA/VANILIJA 4X100g";"017169101";"DOLCIANDO";0.4;"KG";1.39;3.48;0;0;0;1.39;"24101462";"JOGURTI I DESERTI"
".VEGANSKA KOBASICA 2x90g";"017176001";"AMO ESSERE VEG";0.18;"KG";2.99;16.61;0;0;0;3.29;"8017596128140";"GOTOVA RIBLJA JELA"
".VEGANSKA KOBASICA 2x90g";"017176001";"AMO ESSERE VEG";0.18;"KG";2.99;16.61;0;0;0;3.29;"8017596124753";"GOTOVA RIBLJA JELA"
"ORASI U LJUSCI 750g(pallbox 120)";"017181401";"MISTER SIBAMBA";0.75;"KG";5.99;7.99;0;0;0;5.99;"8005912006395";"VOĆE SUHO/ORAŠASTO"
"ORASI U LJUSCI 750g(pallbox 120)";"017181401";"MISTER SIBAMBA";0.75;"KG";5.99;7.99;0;0;0;5.99;"8017596124487";"VOĆE SUHO/ORAŠASTO"
"UNGHERESE SALAMA 100g";"017182101";"FRESCHE FETTE";0.1;"KG";1.89;18.9;0;0;0;1.89;"8017596070067";"SALAME SVJEŽE - EGALIZIRANE"
"GAĆICE ZA UMJER.INK. DISKRE.M 11kom";"017182801";"LA NUOVA PHARMACIA";1;"PZ";4.91;4.91;0;0;0;4.91;"8017596121554";"ULOŠCI/PELENE/VATE"
"DETERDŽENT OBOJANO RUBLJE 1,5l 25P";"017183101";"DEXAL";1.5;"LT";2.29;1.53;0;0;0;2.29;"8017596052308";"SRED. ZA PRANJE RUBLJA/POSUĐA"
"MIRISNE PERL. ZA PRANJE RUBLJA 185g";"017183801";"DEXAL";0.185;"KG";4.19;22.65;0;0;0;4.19;"8017596121431";"SRED. ZA PRANJE RUBLJA/POSUĐA"
"MIRISNE PERL. ZA PRANJE RUBLJA 185g";"017183801";"DEXAL";0.185;"KG";4.19;22.65;0;0;0;4.19;"8017596121448";"SRED. ZA PRANJE RUBLJA/POSUĐA"
"MIRISNE PERL. ZA PRANJE RUBLJA 185g";"017183801";"DEXAL";0.185;"KG";4.19;22.65;0;0;0;4.19;"8017596121455";"SRED. ZA PRANJE RUBLJA/POSUĐA"
"MIRISNE PERL. ZA PRANJE RUBLJA 185g";"017183801";"DEXAL";0.185;"KG";4.19;22.65;0;0;0;4.19;"8008090608030";"SRED. ZA PRANJE RUBLJA/POSUĐA"
"MIRISNE PERL. ZA PRANJE RUBLJA 185g";"017183801";"DEXAL";0.185;"KG";4.19;22.65;0;0;0;4.19;"8008090608047";"SRED. ZA PRANJE RUBLJA/POSUĐA"
"MIRISNE PERL. ZA PRANJE RUBLJA 185g";"017183801";"DEXAL";0.185;"KG";4.19;22.65;0;0;0;4.19;"8008090608023";"SRED. ZA PRANJE RUBLJA/POSUĐA"
"OSVJEŽIVAČ ZA AUTO LIST VIŠE VRSTA";"017185301";"KEIROS";1;"PZ";0.69;0.69;0;0;0;0.69;"8017596075260";"INSEKTICIDI/SVIJEĆE/OSVJEŽIVAČ"
"DRŽAČ ZA METLU ZELENI ECO 130cm";"017185401";"SISTEMA CASA";1;"PZ";1.06;1.06;0;0;0;1.06;"8017596121882";"PROIZVODI ZA UREĐENJE DOMA"
"RUČNA METLA I LOPATICA ECO";"017186101";"SISTEMA CASA";1;"PZ";1.99;1.99;1.39;1.39;1.99;1.99;"8017596121936";"PROIZVODI ZA UREĐENJE DOMA"
"LOPATICA S DUGIM DRŽAJEM ECO";"017187701";"SISTEMA CASA";1;"PZ";1.72;1.72;0;0;0;1.72;"8017596121875";"PROIZVODI ZA UREĐENJE DOMA"
"TORTILJE 4 KOM 300g";"017189301";"TRE MULINI";0.3;"KG";1.19;3.97;0;0;0;1.19;"8017596123596";"PEKARSKI PROIZVODI"
"ČAJ ĐUMBIR/ALOE/KURK.20F 36G";"017192401";"NO BRAND";0.036;"KG";1.69;46.94;0;0;0;1.69;"8004990159023";"KAVA/ČAJEVI/DRUGO"
"ČAJ ĐUMBIR/ALOE/KURK.20F 36G";"017192401";"NO BRAND";0.036;"KG";1.69;46.94;0;0;0;1.69;"8017596123404";"KAVA/ČAJEVI/DRUGO"
"ČAJ ŠIPAK I MANDARINA 20F 36g";"017192501";"NO BRAND";0.036;"KG";1.69;46.94;0;0;0;1.69;"8004990159016";"KAVA/ČAJEVI/DRUGO"
"ČAJ ŠIPAK I MANDARINA 20F 36g";"017192501";"NO BRAND";0.036;"KG";1.69;46.94;0;0;0;1.69;"8017596123411";"KAVA/ČAJEVI/DRUGO"
"INTEGRALNI KREKERI 250g";"017193101";"TRE MULINI";0.25;"KG";1.29;5.16;0;0;0;1.29;"8017596121783";"PEKARSKI PROIZVODI"
"VL.MARAMICE INTIMNE RIFRESC. 20kom";"017196601";"FIOR DI MAGNOLIA";1;"PZ";0.79;0.79;0;0;0;0.79;"8017596121394";"ULOŠCI/PELENE/VATE"
"VL.MARAMICE INTIMNE DELICATE 20kom";"017196701";"FIOR DI MAGNOLIA";1;"PZ";0.79;0.79;0;0;0;0.79;"8017596121387";"ULOŠCI/PELENE/VATE"
".HRSKAVI ČIPS S LJUTOM PAPRIKOM130g";"017201901";"IL BRACIERE";0.13;"KG";1.29;9.92;0;0;0;1.35;"8017596123978";"KEKSI/VAFLI/SNACKS"
"PAELLA 600g";"017203701";"TRE MULINI";0.6;"KG";3.59;5.98;0;0;0;3.59;"8017596041975";"ZAMRZNUTA POLUGOTOVA JELA"
"GAĆICE ZA UMJER. INK.DISKRE.L 10kom";"017213601";"LA NUOVA PHARMACIA";1;"PZ";5.99;5.99;0;0;0;5.99;"8017596121561";"ULOŠCI/PELENE/VATE"
"BATERIJA OKRUGLA CR2032 2kom";"017214801";"KEIROS";1;"PZ";1.39;1.39;0;0;0;1.39;"8017596120816";"ČARAPE/BATERIJE"
"KUS KUS S POVRČEM 130g";"017222801";"TRE MULINI";0.13;"KG";1.09;8.38;0;0;0;1.09;"8017596100696";"JUHE/DEHIDRIRANI PROIZVODI"
"ŠUNKA KUHANA PREMIUM 150g";"017223601";"FRESCHE FETTE";0.15;"KG";2.39;15.93;0;0;0;2.39;"8017596052971";"SALAME SVJEŽE - EGALIZIRANE"
"METLA S DRŽAČEM ZA KRPU ECO";"017223801";"SISTEMA CASA";1;"PZ";1.99;1.99;0;0;0;1.99;"8017596121943";"PROIZVODI ZA UREĐENJE DOMA"
"REZERVNI MOP PAMUČNI ECO 1kom";"017223901";"SISTEMA CASA";1;"PZ";1.59;1.59;0;0;0;1.59;"8017596121950";"PROIZVODI ZA UREĐENJE DOMA"
"METLA ZA UNUT. I VANJSKE POVR. ECO";"017233001";"SISTEMA CASA";1;"PZ";1.99;1.99;0;0;0;1.99;"8017596121905";"PROIZVODI ZA UREĐENJE DOMA"
"OVALNA KANTA S CJEDILOM ECO";"017246201";"SISTEMA CASA";1;"PZ";3.32;3.32;0;0;0;3.32;"8017596121929";"PROIZVODI ZA UREĐENJE DOMA"
"SALATA OD MORSKIH PLODOVA 150g";"017250901";"NO BRAND";0.15;"KG";2.99;19.93;0;0;0;2.99;"8005834007906";"GOTOVA RIBLJA JELA"
"SALATA OD MORSKIH PLODOVA 150g";"017250901";"NO BRAND";0.15;"KG";2.99;19.93;0;0;0;2.99;"8005834007913";"GOTOVA RIBLJA JELA"
"APERITIV SPRITZ 8% 750ml";"017253301";"NO BRAND";0.75;"LT";2.59;3.45;0;0;0;2.59;"8000428033804";"SLATKI LIKERI/APERITIVI"
"APERITIV SPRITZ 8% 750ml";"017253301";"NO BRAND";0.75;"LT";2.59;3.45;0;0;0;2.59;"8000672006630";"SLATKI LIKERI/APERITIVI"
"APERITIV SPRITZ 8% 750ml";"017253301";"NO BRAND";0.75;"LT";2.59;3.45;0;0;0;2.59;"8004565073013";"SLATKI LIKERI/APERITIVI"
"ČOKOLADNI PRUTIĆ KEKS/KARAMELA 210g";"017271501";"DOLCIANDO";0.21;"KG";3.49;16.62;0;0;0;3.49;"8017596123282";"ČOKOLADE"
"ČOKOLADNI PRUTIĆ KEKS/KARAMELA 210g";"017271501";"DOLCIANDO";0.21;"KG";3.49;16.62;0;0;0;3.49;"8017596123275";"ČOKOLADE"
"BATERIJA 1,5V AAA 8kom";"017271601";"KEIROS";1;"PZ";1.99;1.99;0;0;0;1.99;"8017596120809";"ČARAPE/BATERIJE"
"DETERDŽEN ZA RUB.MARSIGLIA 1,5l 25P";"017271801";"DEXAL";1.5;"LT";2.29;1.53;0;0;0;2.29;"8017596015808";"SRED. ZA PRANJE RUBLJA/POSUĐA"
".BURGER MINI SOJA 6X30g";"017271901";"AMO ESSERE VEG";0.18;"KG";2.49;13.83;0;0;0;3.49;"8017596124746";"GOTOVA RIBLJA JELA"
"RUŽ VIŠE VRSTA";"017275201";"FIOR DI MAGNOLIA";1;"PZ";3.05;3.05;0;0;0;3.05;"8017596060594";"KOZMETIKA/NJEGA TIJELA I LICA"
"RUŽ VIŠE VRSTA";"017275201";"FIOR DI MAGNOLIA";1;"PZ";3.05;3.05;0;0;0;3.05;"8017596060587";"KOZMETIKA/NJEGA TIJELA I LICA"
"RUŽ VIŠE VRSTA";"017275201";"FIOR DI MAGNOLIA";1;"PZ";3.05;3.05;0;0;0;3.05;"8017596060570";"KOZMETIKA/NJEGA TIJELA I LICA"
"RUŽ VIŠE VRSTA";"017275201";"FIOR DI MAGNOLIA";1;"PZ";3.05;3.05;0;0;0;3.05;"8017596060563";"KOZMETIKA/NJEGA TIJELA I LICA"
"RUŽ VIŠE VRSTA";"017275201";"FIOR DI MAGNOLIA";1;"PZ";3.05;3.05;0;0;0;3.05;"8017596060556";"KOZMETIKA/NJEGA TIJELA I LICA"
"SVIJEĆA MIRISNA ŠUMSKO VOĆE 100h";"017275301";"NO BRAND";1;"PZ";5.99;5.99;0;0;0;5.99;"8017596119643";"INSEKTICIDI/SVIJEĆE/OSVJEŽIVAČ"
"SVIJEĆA MIRISNA VANILIJA 100h";"017275401";"NO BRAND";1;"PZ";5.99;5.99;0;0;0;5.99;"8017596119650";"INSEKTICIDI/SVIJEĆE/OSVJEŽIVAČ"
"METLA ZA UNUTARNJE POVRŠINE ECO";"017276601";"SISTEMA CASA";1;"PZ";1.99;1.99;0;0;0;1.99;"8017596121912";"PROIZVODI ZA UREĐENJE DOMA"
"BATERIJA OKRUGLA V13GA/LR44 2kom";"017277001";"KEIROS";1;"PZ";1.39;1.39;0;0;0;1.39;"8017596120823";"ČARAPE/BATERIJE"
"ŠAMPON ZA KOSU OBOJ/OBNAVL. 300ml";"017277301";"NEAR YOUR XXX";0.3;"LT";1.39;4.63;0;0;0;1.39;"8017596114501";"NJEGA KOSE/BRADE"
"ŠAMPON ZA KOSU OBOJ/OBNAVL. 300ml";"017277301";"NEAR YOUR XXX";0.3;"LT";1.39;4.63;0;0;0;1.39;"8017596114518";"NJEGA KOSE/BRADE"
"SIR SVJEŽI ZRNATI BEZ LAK.PROT.150g";"017279201";"LAND";0.15;"KG";1.19;7.93;0;0;0;1.19;"8017596123817";"MLIJEČNI PROIZ. SVJEŽI - EGAL."
"MLIJEKO TRAJNO BEZ LAKT.PROTEIN 1l";"017279801";"PASCOLI ITALIANI";1;"LT";1.59;1.59;0;0;0;1.59;"8017596123602";"MLIJEČNI PROIZVODI UHT - JAJA"
"PJENA ZA KOVRČAVU KOSU 250ml";"017284401";"COLOR LOOK";0.25;"LT";1.33;5.32;0;0;0;1.33;"8017596121370";"NJEGA KOSE/BRADE"
"HRANA MAČKA KOM.MESA U UMAKU 10x85g";"017284601";"RADAMES";0.85;"KG";4.99;5.87;0;0;0;4.99;"8017596122124";"HRANA ZA KUĆNE LJUBIMCE"
"HIG.ULOŠCI ULTRA S KRIL. ECO 12kom";"017284701";"FIOR DI MAGNOLIA";1;"PZ";1.79;1.79;0;0;0;1.79;"8017596120908";"ULOŠCI/PELENE/VATE"
"HIG.ULOŠCI NOĆNI S KRIL. ECO 10kom";"017284801";"FIOR DI MAGNOLIA";1;"PZ";1.79;1.79;0;0;0;1.79;"8017596120915";"ULOŠCI/PELENE/VATE"
"DNEVNI ULOŠCI ECO 100% PAMUK 20kom";"017284901";"FIOR DI MAGNOLIA";1;"PZ";1.29;1.29;0;0;0;1.29;"8017596120922";"ULOŠCI/PELENE/VATE"
"PIVO ČEŠKO ČERNA HORA 4,8% 500ml";"017285701";"NO BRAND";0.5;"LT";1.18;2.36;0;0;0;1.18;"8590376024103";"PIVA"
"TEGLIA PIREX SELF 2023";"017286001";"NO BRAND";1;"PZ";4.99;4.99;0;0;0;4.99;"3426470289191";"SELF LIQUIDATING"
"RIŽA BASMATI 2min 250g";"017290201";"DELIZIE DAL SOLE";0.25;"KG";1.39;5.56;0;0;0;1.39;"8017596078858";"RIŽA"
"RIŽA INTEGRALNA 2min 250g";"017290401";"DELIZIE DAL SOLE";0.25;"KG";1.39;5.56;0;0;0;1.39;"8017596078841";"RIŽA"
"RIŽA CRNA 2min 250g";"017290501";"DELIZIE DAL SOLE";0.25;"KG";1.39;5.56;0;0;0;1.39;"8017596121486";"RIŽA"
"BUĐOLA 120g";"017295301";"LA BOTTEGA DEL GUSTO";0.12;"KG";2.49;20.75;0;0;0;2.49;"8005214001999";"SALAME SVJEŽE - EGALIZIRANE"
"BUĐOLA 120g";"017295301";"LA BOTTEGA DEL GUSTO";0.12;"KG";2.49;20.75;0;0;0;2.49;"8017596069665";"SALAME SVJEŽE - EGALIZIRANE"
"PANCETA ROLANA 100g";"017295701";"LA BOTTEGA DEL GUSTO";0.1;"KG";1.79;17.9;1.29;12.9;1.79;1.79;"8017596076816";"SALAME SVJEŽE - EGALIZIRANE"
"MORTADELA BOLOGNA IGP 150g";"017297601";"FRESCHE FETTE";0.15;"KG";2.35;15.67;0;0;0;2.35;"8017596052452";"SALAME SVJEŽE - EGALIZIRANE"
"DET. OSJETLJ.ROBA RUŽA/LAV.1,5l 25P";"017305401";"DEXAL";1.5;"LT";2.29;1.53;0;0;0;2.29;"8017596051981";"SRED. ZA PRANJE RUBLJA/POSUĐA"
"DET. OSJETLJ.ROBA RUŽA/LAV.1,5l 25P";"017305401";"DEXAL";1.5;"LT";2.29;1.53;0;0;0;2.29;"8017596061812";"SRED. ZA PRANJE RUBLJA/POSUĐA"
".PECIVO ZA HAMBURGER 6KOM 300g";"017305501";"IL BRACIERE";0.3;"KG";0.89;2.97;0;0;0;0.79;"8017596107626";"PEKARSKI PROIZVODI"
"AMARO 35% vol. 700ml";"017308901";"NO BRAND";0.7;"LT";6.39;9.13;0;0;0;6.39;"8001305331501";"SLATKI LIKERI/APERITIVI"
"GRISSINI HRSKAVI OD ŽITARICA 200g";"017319601";"TRE MULINI";0.2;"KG";1.39;6.95;0;0;0;1.39;"8017596123947";"PEKARSKI PROIZVODI"
"ALUMINIJSKA FOLIJA 30m";"017331001";"SISTEMA CASA";1;"PZ";2.99;2.99;0;0;0;2.99;"8011851200336";"JEDNOKR. PRIBOR/VREĆE ZA SMEĆE"
"ALUMINIJSKA FOLIJA 30m";"017331001";"SISTEMA CASA";1;"PZ";2.99;2.99;0;0;0;2.99;"4007749703908";"JEDNOKR. PRIBOR/VREĆE ZA SMEĆE"
"ALUMINIJSKA FOLIJA 30m";"017331001";"SISTEMA CASA";1;"PZ";2.99;2.99;0;0;0;2.99;"4008284076304";"JEDNOKR. PRIBOR/VREĆE ZA SMEĆE"
"ALUMINIJSKA FOLIJA 30m";"017331001";"SISTEMA CASA";1;"PZ";2.99;2.99;0;0;0;2.99;"8017596069948";"JEDNOKR. PRIBOR/VREĆE ZA SMEĆE"
"TEK.SAPUN ZA INTIMNU NJEGU 500ml";"017337801";"FIOR DI MAGNOLIA";0.5;"LT";1.49;2.98;0;0;0;1.49;"8017596072986";"KOZMETIKA/NJEGA TIJELA I LICA"
".SIR FETA BEZ LAKTOZE 150g";"017356401";"AMO ESSERE SENZA LATTOSIO";0.15;"KG";1.89;12.6;0;0;0;1.89;"8017596124364";"MLIJEČNI PROIZ. SVJEŽI - EGAL."
"SVJEŽE TIJES.ZA PIZZU BEZ GLU.260g";"017358602";"AMO ESSERE SENZA GLUTINE";0.26;"KG";2.59;9.96;0;0;0;2.59;"8017596122049";"TJESTENINA SVJEŽA - PUNJENA"
"SPAGHETTI S RAKOVIMA I MEKUŠC.175g";"017358801";"TRE MULINI";0.175;"KG";1.79;10.23;0;0;0;1.79;"8017596100719";"JUHE/DEHIDRIRANI PROIZVODI"
"VODKA 37,5% 700ml";"017360101";"NO BRAND";0.7;"LT";5.38;7.69;0;0;0;5.38;"8009710106509";"JAKA ALKOHOLNA PIĆA"
"PANIR.MEDALJ.PILETINA I PURET 220g";"017360601";"NO BRAND";0.22;"KG";1.33;6.05;0;0;0;1.33;"8008110546779";"MESO PRERAĐENO KUHANO"
"PANIR.MEDALJ.PILETINA I PURET 220g";"017360601";"NO BRAND";0.22;"KG";1.33;6.05;0;0;0;1.33;"8008110259297";"MESO PRERAĐENO KUHANO"
".SIR TOPLJENI LISTIĆI 800g";"017361701";"LAND";0.8;"KG";4.39;5.49;0;0;0;4.49;"8017596127624";"MLIJEČNI PROIZ. SVJEŽI - EGAL."
"KEKS OD ŽITARICA S ČOKOLADOM 250g";"017361801";"DOLCIANDO";0.25;"KG";1.39;5.56;0;0;0;1.39;"8017596127907";"KEKSI/VAFLI/SNACKS"
"MEKI BISKVIT PUNJEN NARANČOM 350g";"017362501";"DOLCIANDO";0.35;"KG";1.99;5.69;0;0;0;1.99;"8017596018472";"BISKVIT PROIZVODI/KROASAN"
"MLIJEČNA ROLADA 6 kom 222g";"017362601";"DOLCIANDO";0.222;"KG";1.49;6.71;0;0;0;1.49;"8017596110008";"BISKVIT PROIZVODI/KROASAN"
"JOGURT KREMASTI MIX 8X125g";"017362701";"LAND";1;"KG";3.09;3.09;0;0;0;3.09;"8017596106995";"JOGURTI I DESERTI"
"CHOCO SNACKS LJEŠNJAK 5x20,5g";"017363601";"DOLCIANDO";0.1025;"KG";2.35;22.93;0;0;0;2.35;"8017596123176";"JOGURTI I DESERTI"
"OMBRELLONE SELF SLOVENIA E CROAZIA";"017364201";"NO BRAND";1;"PZ";7.99;7.99;0;0;0;7.99;"8017596273772";"SELF LIQUIDATING"
"TERMO TORBA 10L";"017364401";"NO BRAND";1;"PZ";6.99;6.99;0;0;0;6.99;"8017596273796";"SELF LIQUIDATING"
"KREMA LJEŠNJAK I GRISINI 2 kom 110g";"017365801";"DOLCIANDO";0.11;"KG";1.59;14.45;0;0;0;1.59;"8017596126825";"KEKSI/VAFLI/SNACKS"
"DEZODORANS ŽENSKI VIŠE VR. 150ml";"017366101";"FIOR DI MAGNOLIA";0.15;"LT";1.59;10.6;0;0;0;1.59;"8017596122766";"KOZMETIKA/NJEGA TIJELA I LICA"
"DEZODORANS ŽENSKI VIŠE VR. 150ml";"017366101";"FIOR DI MAGNOLIA";0.15;"LT";1.59;10.6;0;0;0;1.59;"8017596122773";"KOZMETIKA/NJEGA TIJELA I LICA"
"DEZODORANS ŽENSKI VIŠE VR. 150ml";"017366101";"FIOR DI MAGNOLIA";0.15;"LT";1.59;10.6;0;0;0;1.59;"8017596122780";"KOZMETIKA/NJEGA TIJELA I LICA"
".GRČKI JOG.2%m.m. BEZ LAKTOZE 500g";"017369501";"AMO ESSERE SENZA LATTOSIO";0.5;"KG";2.39;4.78;0;0;0;2.39;"8017596124098";"JOGURTI I DESERTI"
"DEZODORANS STICK FRESH 48h 75ml";"017379701";"NEAR YOUR XXX";0.075;"LT";2.19;29.2;0;0;0;2.19;"24101615";"KOZMETIKA/NJEGA TIJELA I LICA"
"SPEAKER BLUETOOTH SELF INTERNAZ.";"017380601";"NO BRAND";1;"PZ";7.99;7.99;0;0;0;7.99;"8017596274281";"SELF LIQUIDATING"
"SPEAKER BLUETOOTH SELF INTERNAZ.";"017380602";"NO BRAND";1;"PZ";7.99;7.99;0;0;0;7.99;"8017596274281";"SELF LIQUIDATING"
"ODMAŠĆIVAČ U SPREJU ECO 1l";"017384801";"AMO ESSERE ECO";1;"LT";1.99;1.99;0;0;0;1.99;"8017596128379";"SREDSTVA ZA ČIŠĆENJE"
"SRED. ZA ČIŠĆENJE STAKLA ECO 1l";"017384901";"AMO ESSERE ECO";1;"LT";1.79;1.79;0;0;0;1.79;"8017596128386";"SREDSTVA ZA ČIŠĆENJE"
"OSVJEŽIVAČ EL. S PUNJENJEM 25ml";"017385801";"VICINO A TE";0.025;"LT";3.99;159.6;0;0;0;3.99;"8017596122377";"INSEKTICIDI/SVIJEĆE/OSVJEŽIVAČ"
"OSVJEŽIVAČ EL. S PUNJENJEM 25ml";"017385801";"VICINO A TE";0.025;"LT";3.99;159.6;0;0;0;3.99;"8017596122407";"INSEKTICIDI/SVIJEĆE/OSVJEŽIVAČ"
"OSVJEŽIVAČ EL. S PUNJENJEM 25ml";"017385801";"VICINO A TE";0.025;"LT";3.99;159.6;0;0;0;3.99;"8017596122384";"INSEKTICIDI/SVIJEĆE/OSVJEŽIVAČ"
"OSVJEŽIVAČ EL. S PUNJENJEM 25ml";"017385801";"VICINO A TE";0.025;"LT";3.99;159.6;0;0;0;3.99;"8017596122391";"INSEKTICIDI/SVIJEĆE/OSVJEŽIVAČ"
"OSVJEŽIVAČ EL. PUNJENJE 75DANA 25ml";"017385901";"VICINO A TE";0.025;"LT";2.49;99.6;0;0;0;2.49;"8017596122438";"INSEKTICIDI/SVIJEĆE/OSVJEŽIVAČ"
"OSVJEŽIVAČ EL. PUNJENJE 75DANA 25ml";"017385901";"VICINO A TE";0.025;"LT";2.49;99.6;0;0;0;2.49;"8017596122421";"INSEKTICIDI/SVIJEĆE/OSVJEŽIVAČ"
"OSVJEŽIVAČ EL. PUNJENJE 75DANA 25ml";"017385901";"VICINO A TE";0.025;"LT";2.49;99.6;0;0;0;2.49;"8017596122445";"INSEKTICIDI/SVIJEĆE/OSVJEŽIVAČ"
"OSVJEŽIVAČ EL. PUNJENJE 75DANA 25ml";"017385901";"VICINO A TE";0.025;"LT";2.49;99.6;0;0;0;2.49;"8017596122414";"INSEKTICIDI/SVIJEĆE/OSVJEŽIVAČ"
"SJAJILO ZA PERILICU POSUĐA 1l";"017386101";"DEXAL";1;"LT";1.99;1.99;0;0;0;1.99;"8017596128393";"SRED. ZA PRANJE RUBLJA/POSUĐA"
"SIR DIMLJENI 150g";"017403501";"ALPENSPITZ";0.15;"KG";2.19;14.6;0;0;0;2.19;"8017596124395";"MLIJEČNI PROIZ. SVJEŽI - EGAL."
"TABLETE O.KAM. PER.RUB.50kom 600g";"017403801";"DEXAL";0.6;"KG";3.49;5.82;0;0;0;3.49;"8017596128508";"SRED. ZA PRANJE RUBLJA/POSUĐA"
"DETERDŽENT ZA INOX SPREJ 500ml";"017403901";"DEXAL";0.5;"LT";1.69;3.38;0;0;0;1.69;"8017596017345";"SREDSTVA ZA ČIŠĆENJE"
"FILETI NORVEŠKI LOSOS 2x125g 250g";"017406401";"ONDINA";0.25;"KG";5.99;23.96;0;0;0;5.99;"8017596040527";"ZAMRZNUTA RIBA/MORSKI PLODOVI"
"VIENAMJ.KRPE MIKROFIB.ECO 30x30cm";"017417301";"SISTEMA CASA";1;"PZ";1.89;1.89;1.39;1.39;1.89;1.89;"8017596123374";"PROIZVODI ZA UREĐENJE DOMA"
"KRPA BRISA. PODA MICROF.ECO 40x60cm";"017417501";"SISTEMA CASA";1;"PZ";1.49;1.49;0;0;0;1.49;"8017596123329";"PROIZVODI ZA UREĐENJE DOMA"
"SRED.ZA ČIŠČ. PARKETA I MRAMOR 1l";"017418201";"DEXAL";1.25;"LT";1.59;1.27;0;0;0;1.59;"8017596128546";"SREDSTVA ZA ČIŠĆENJE"
"KOMPLET 3 STEKLENIH POSOD";"017426601";"NO BRAND";1;"PZ";5.99;5.99;0;0;0;5.99;"8017596275196";"SELF LIQUIDATING"
"DEZ. SPEJ MUŠKI V.VRSTA 48H 150ml";"017426701";"NISSHE";0.15;"LT";1.39;9.27;0;0;0;1.39;"8017596122735";"KOZMETIKA/NJEGA TIJELA I LICA"
"DEZ. SPEJ MUŠKI V.VRSTA 48H 150ml";"017426701";"NISSHE";0.15;"LT";1.39;9.27;0;0;0;1.39;"8017596122742";"KOZMETIKA/NJEGA TIJELA I LICA"
"DEZ. SPEJ MUŠKI V.VRSTA 48H 150ml";"017426701";"NISSHE";0.15;"LT";1.39;9.27;0;0;0;1.39;"8017596122759";"KOZMETIKA/NJEGA TIJELA I LICA"
"DETERDŽENT POSUĐE LIMUN 3l";"017434701";"DEXAL";3;"LT";2.99;1;0;0;0;2.99;"8017596005113";"SRED. ZA PRANJE RUBLJA/POSUĐA"
"DESERT PROTEIN RIŽA VANILIJA 180g";"017435301";"LAND";0.18;"KG";1.19;6.61;0;0;0;1.19;"24101622";"JOGURTI I DESERTI"
"OMEKŠIVAČ RUBLJA ECO 1.5l 30p";"017435401";"AMO ESSERE ECO";1.5;"LT";2.09;1.39;0;0;0;2.09;"8017596128683";"SRED. ZA PRANJE RUBLJA/POSUĐA"
"VREĆE ZA SMEĆE BIO 50x60 30l 15kom";"017435601";"SISTEMA CASA";1;"PZ";1.49;1.49;0;0;0;1.49;"8017596101846";"JEDNOKR. PRIBOR/VREĆE ZA SMEĆE"
"VREĆE ZA SMEĆE BIO 50x60 30l 15kom";"017435601";"SISTEMA CASA";1;"PZ";1.49;1.49;0;0;0;1.49;"8713815206353";"JEDNOKR. PRIBOR/VREĆE ZA SMEĆE"
"MASKARA ZA VOLUMEN/DULJINU";"017437701";"FIOR DI MAGNOLIA";1;"PZ";3.49;3.49;0;0;0;3.49;"8017596017970";"KOZMETIKA/NJEGA TIJELA I LICA"
"MASKARA ZA VOLUMEN/DULJINU";"017437701";"FIOR DI MAGNOLIA";1;"PZ";3.49;3.49;0;0;0;3.49;"8017596069528";"KOZMETIKA/NJEGA TIJELA I LICA"
"SRED.ČIŠ.PERILICE RUBLJA 2kom 500ml";"017438201";"DEXAL";0.5;"LT";2.99;5.98;0;0;0;2.99;"8031447226038";"SRED. ZA PRANJE RUBLJA/POSUĐA"
"SRED.ČIŠ.PERILICE RUBLJA 2kom 500ml";"017438201";"DEXAL";0.5;"LT";2.99;5.98;0;0;0;2.99;"8017596128966";"SRED. ZA PRANJE RUBLJA/POSUĐA"
"LUČICE MIRISNE VIŠE VRSTA 24kom";"017440901";"VICINO A TE";1;"PZ";2.09;2.09;0;0;0;2.09;"24101783";"INSEKTICIDI/SVIJEĆE/OSVJEŽIVAČ"
"LUČICE MIRISNE VIŠE VRSTA 24kom";"017440901";"VICINO A TE";1;"PZ";2.09;2.09;0;0;0;2.09;"24101776";"INSEKTICIDI/SVIJEĆE/OSVJEŽIVAČ"
"LUČICE MIRISNE VIŠE VRSTA 24kom";"017440901";"VICINO A TE";1;"PZ";2.09;2.09;0;0;0;2.09;"24101769";"INSEKTICIDI/SVIJEĆE/OSVJEŽIVAČ"
"LUČICE MIRISNE VIŠE VRSTA 24kom";"017440901";"VICINO A TE";1;"PZ";2.09;2.09;0;0;0;2.09;"24101752";"INSEKTICIDI/SVIJEĆE/OSVJEŽIVAČ"
"LUČICE MIRISNE VIŠE VRSTA 24kom";"017440901";"VICINO A TE";1;"PZ";2.09;2.09;0;0;0;2.09;"24101745";"INSEKTICIDI/SVIJEĆE/OSVJEŽIVAČ"
"LUČICE MIRISNE VIŠE VRSTA 24kom";"017440901";"VICINO A TE";1;"PZ";2.09;2.09;0;0;0;2.09;"24101738";"INSEKTICIDI/SVIJEĆE/OSVJEŽIVAČ"
"BALZAM NAKON BRIJANJA SE/FR 100ml";"017441601";"NISSHE";0.1;"LT";1.99;19.9;0;0;0;1.99;"8017596015020";"NJEGA KOSE/BRADE"
"BALZAM NAKON BRIJANJA SE/FR 100ml";"017441601";"NISSHE";0.1;"LT";1.99;19.9;0;0;0;1.99;"8017596015013";"NJEGA KOSE/BRADE"
"DETERDŽ.PRAH RUB. CLASSIC 1,5kg 25p";"017442601";"DEXAL";1.5;"KG";4.99;3.33;0;0;0;4.99;"8017596130662";"SRED. ZA PRANJE RUBLJA/POSUĐA"
"PIJESAK MAČKE SILICIJ KR.3,8l 1,5kg";"017447101";"RADAMES";3.8;"LT";5.49;1.44;0;0;0;5.49;"8017596107480";"HRANA ZA KUĆNE LJUBIMCE"
"KOCK.POTP.VATRE PARAF.DRV32kom 188g";"017450701";"EUROGARDEN";1;"PZ";0.69;0.69;0;0;0;0.69;"8017596069627";"INSEKTICIDI/SVIJEĆE/OSVJEŽIVAČ"
"ZAMJENSKA GLAVA ELE.ČETKICA 4kom";"017456201";"WHITE & FRESH";1;"PZ";6.99;6.99;0;0;0;6.99;"8017596128805";"KOZMETIKA/NJEGA TIJELA I LICA"
"IZBJELJIVAČ RUBLJA BLAGI ECO 1.5l";"017457101";"AMO ESSERE ECO";1.5;"LT";1.69;1.13;0;0;0;1.69;"8017596128782";"SREDSTVA ZA ČIŠĆENJE"
"ODMAŠĆIVAČ U SPREJU LAVANDA 1l";"017457301";"DEXAL";1;"LT";1.99;1.99;0;0;0;1.99;"8017596128553";"SREDSTVA ZA ČIŠĆENJE"
"TEKUĆI PUDER/BRONZER VIŠE 30ml";"017459101";"FIOR DI MAGNOLIA";0.03;"LT";4.69;156.33;0;0;0;4.69;"8017596018106";"KOZMETIKA/NJEGA TIJELA I LICA"
"TEKUĆI PUDER/BRONZER VIŠE 30ml";"017459101";"FIOR DI MAGNOLIA";0.03;"LT";4.69;156.33;0;0;0;4.69;"8017596018113";"KOZMETIKA/NJEGA TIJELA I LICA"
"TEKUĆI PUDER/BRONZER VIŠE 30ml";"017459101";"FIOR DI MAGNOLIA";0.03;"LT";4.69;156.33;0;0;0;4.69;"8017596018120";"KOZMETIKA/NJEGA TIJELA I LICA"
"TEKUĆI PUDER/BRONZER VIŠE 30ml";"017459101";"FIOR DI MAGNOLIA";0.03;"LT";4.69;156.33;0;0;0;4.69;"8017596018090";"KOZMETIKA/NJEGA TIJELA I LICA"
"PECIVO ZA HAMBURGER 300g";"017460801";"TRE MULINI";0.3;"KG";1.19;3.97;0;0;0;1.19;"8017596127914";"PEKARSKI PROIZVODI"
"ODMAŠĆIVAČ U SPREJU LIMUN 1l";"017463401";"DEXAL";1;"LT";1.99;1.99;0;0;0;1.99;"8017596126405";"SREDSTVA ZA ČIŠĆENJE"
"KAŠICA VOĆNA BAN.MARE. BIO 100g";"017467501";"PRIME PAPPE";0.1;"KG";0.49;4.9;0;0;0;0.49;"8017596126092";"DJEČJA HRANA"
"WC GEL S MIRISOM LAVANDE 1l";"017469801";"DEXAL";1;"LT";1.59;1.59;0;0;0;1.59;"8017596123077";"SREDSTVA ZA ČIŠĆENJE"
"VREĆE ZA SMEĆE CR.70x110 110L 20kom";"017473201";"SISTEMA CASA";1;"PZ";2.78;2.78;0;0;0;2.78;"8713815206636";"JEDNOKR. PRIBOR/VREĆE ZA SMEĆE"
"VREĆE ZA SMEĆE CR.70x110 110L 20kom";"017473201";"SISTEMA CASA";1;"PZ";2.78;2.78;0;0;0;2.78;"8017596101792";"JEDNOKR. PRIBOR/VREĆE ZA SMEĆE"
"DETERDŽENT RUBLJE MARSIGLIA 4l 50P";"017473901";"DEXAL";4;"LT";4.99;1.25;0;0;0;4.99;"8017596065179";"SRED. ZA PRANJE RUBLJA/POSUĐA"
"DETERDŽ. RUBLJE ALOE/LAVANDA.4l50P";"017474001";"DEXAL";4;"LT";4.99;1.25;0;0;0;4.99;"8017596065155";"SRED. ZA PRANJE RUBLJA/POSUĐA"
"DETERDŽ. RUBLJE ALOE/LAVANDA.4l50P";"017474001";"DEXAL";4;"LT";4.99;1.25;0;0;0;4.99;"8017596065162";"SRED. ZA PRANJE RUBLJA/POSUĐA"
"OMEKŠ.RUB. PRIM/ARMONIE ROSA 4l 54p";"017474101";"DEXAL";4;"LT";2.65;0.66;0;0;0;2.65;"8017596002754";"SRED. ZA PRANJE RUBLJA/POSUĐA"
"OMEKŠ.RUB. PRIM/ARMONIE ROSA 4l 54p";"017474101";"DEXAL";4;"LT";2.65;0.66;0;0;0;2.65;"8017596069252";"SRED. ZA PRANJE RUBLJA/POSUĐA"
"KRUH BEZ GLUT.S RIŽA/HELJDA BR.250g";"017480701";"AMO ESSERE SENZA GLUTINE";0.25;"KG";2.29;9.16;0;0;0;2.29;"8017596124678";"PEKARSKI PROIZVODI"
"MINI PITE S ČOKOLADOM 6 kom 240g";"017481601";"DOLCIANDO";0.24;"KG";1.39;5.79;0;0;0;1.39;"8017596065698";"BISKVIT PROIZVODI/KROASAN"
"MINI PITE S MARELICOM 6 kom 240g";"017481701";"DOLCIANDO";0.24;"KG";1.39;5.79;0;0;0;1.39;"8017596129031";"BISKVIT PROIZVODI/KROASAN"
".KAPSULE CAFFE ESPRESSO 30kom 210g";"017482701";"DON JEREZ";0.21;"KG";5.49;26.14;0;0;0;5.49;"8017596124821";"KAVA/ČAJEVI/DRUGO"
"SNACK KUKURUZNI NACHO CHEESE 120g";"017503001";"MAMBO KIDS";0.12;"KG";0.99;8.25;0;0;0;0.99;"8017596129062";"KEKSI/VAFLI/SNACKS"
"PJ VI.NEGROAM.ICON BI.EX.DRY 750ml";"017512201";"NO BRAND";0.75;"LT";2.92;3.89;0;0;0;2.92;"8020685012176";"PJENUŠCI"
"LISNATO TIJESTO BEZ GLUTENA 280g";"017521201";"AMO ESSERE SENZA GLUTINE";0.28;"KG";2.49;8.89;1.69;6.04;2.49;2.49;"8017596122056";"TJESTENINA SVJEŽA - PUNJENA"
"LONDON DRY GIN PREMIUM 42 500ml";"017521901";"NO BRAND";0.5;"LT";6.89;13.78;0;0;0;6.89;"8024158072629";"JAKA ALKOHOLNA PIĆA"
"KEKS FROLLINI OKRUGLI 700g";"017524601";"DOLCIANDO";0.7;"KG";2.29;3.27;0;0;0;2.29;"8017596115812";"KEKSI/VAFLI/SNACKS"
".ŠPINAT S UMAKOM OD SIREVA 450g";"017524901";"DELIZIE DAL SOLE";0.45;"KG";1.99;4.42;0;0;0;1.99;"8017596042415";"ZAMRZNUTO POVRĆE"
"PUDER/BRONZER U KAMENU VIŠE VRSTA";"017538301";"NO BRAND";1;"PZ";3.99;3.99;0;0;0;3.99;"8017596017949";"KOZMETIKA/NJEGA TIJELA I LICA"
"PUDER/BRONZER U KAMENU VIŠE VRSTA";"017538301";"NO BRAND";1;"PZ";3.99;3.99;0;0;0;3.99;"8017596017956";"KOZMETIKA/NJEGA TIJELA I LICA"
"PUDER/BRONZER U KAMENU VIŠE VRSTA";"017538301";"NO BRAND";1;"PZ";3.99;3.99;0;0;0;3.99;"8017596017963";"KOZMETIKA/NJEGA TIJELA I LICA"
"PUDER/BRONZER U KAMENU VIŠE VRSTA";"017538301";"NO BRAND";1;"PZ";3.99;3.99;0;0;0;3.99;"8017596017932";"KOZMETIKA/NJEGA TIJELA I LICA"
"DEZODORANS UNIS.48H ORG/TALC 150ml";"017540701";"NEAR YOUR XXX";0.15;"LT";1.39;9.27;0;0;0;1.39;"8017596122797";"KOZMETIKA/NJEGA TIJELA I LICA"
"DEZODORANS UNIS.48H ORG/TALC 150ml";"017540701";"NEAR YOUR XXX";0.15;"LT";1.39;9.27;0;0;0;1.39;"8017596122803";"KOZMETIKA/NJEGA TIJELA I LICA"
".ZAČIN I CURRY/PAPRIKA 30/50g";"017541601";"IL BRACIERE";0.03;"KG";0.99;33;0;0;0;0.99;"24102735";"ZAČINI/LIOFILIZIRANO"
".ZAČIN I CURRY/PAPRIKA 30/50g";"017541601";"IL BRACIERE";0.03;"KG";0.99;33;0;0;0;0.99;"24102742";"ZAČINI/LIOFILIZIRANO"
".ZAČIN CHILLY 25G";"017541701";"IL BRACIERE";0.025;"KG";0.99;39.6;0;0;0;0.99;"24102766";"ZAČINI/LIOFILIZIRANO"
".ZAČIN CHILLY 25G";"017541701";"IL BRACIERE";0.025;"KG";0.99;39.6;0;0;0;0.99;"24102759";"ZAČINI/LIOFILIZIRANO"
"KEKSI DIGESTIVE 400g";"017542401";"DOLCIANDO";0.4;"KG";1.19;2.98;0;0;0;1.19;"8017596062833";"KEKSI/VAFLI/SNACKS"
"KEKSI DIGESTIVE 400g";"017542401";"DOLCIANDO";0.4;"KG";1.19;2.98;0;0;0;1.19;"8017596129178";"KEKSI/VAFLI/SNACKS"
"KEKS DIGESTIVE S ČOKOLADOM 425g";"017542501";"DOLCIANDO";0.425;"KG";1.79;4.21;0;0;0;1.79;"8017596129161";"KEKSI/VAFLI/SNACKS"
".LISNATI KOLAČ S KAKAOM 250g";"017550701";"DOLCIANDO";0.25;"KG";1.99;7.96;1.49;5.96;1.99;1.99;"8017596112095";"PROIZVODI BOŽIĆ/USKRS"
"GEL ZA PERIL. POSUĐA ECO 750ml";"017551801";"AMO ESSERE ECO";0.75;"LT";3.99;5.32;0;0;0;3.99;"8017596129130";"SRED. ZA PRANJE RUBLJA/POSUĐA"
"GRANOLA SUHO VOĆE 375g";"017554101";"TRE MULINI";0.375;"KG";2.59;6.91;2.19;5.84;2.59;2.59;"8017596129734";"DORUČAK - PAHULJICE/NAMAZI/MED"
"GRANOLA CRVENO VOĆE 375g";"017554201";"TRE MULINI";0.375;"KG";2.59;6.91;2.19;5.84;2.59;2.59;"8017596129741";"DORUČAK - PAHULJICE/NAMAZI/MED"
"MUESLI TAMNA ČOKO. LJEŠNJACI 375g";"017554301";"TRE MULINI";0.375;"KG";2.59;6.91;0;0;0;2.59;"8017596129758";"DORUČAK - PAHULJICE/NAMAZI/MED"
"TJESTENINA ZA DJECU BIO 350g";"017555201";"PRIME PAPPE";0.35;"KG";0.99;2.83;0;0;0;0.99;"8017596127655";"DJEČJA HRANA"
"TEK.ZA ČIŠĆENJE PERIL. POSUĐA 250ml";"017558301";"DEXAL";0.25;"LT";1.49;5.96;0;0;0;1.49;"8017596019905";"SRED. ZA PRANJE RUBLJA/POSUĐA"
"PELENE GAĆICE JUN. 7-18kg V5 20kom";"017561301";"HELLO BABY";1;"PZ";5.29;5.29;0;0;0;5.29;"8017596129208";"ULOŠCI/PELENE/VATE"
"PELENE GAĆICE XL 15-30kg V6 18kom";"017561401";"HELLO BABY";1;"PZ";5.29;5.29;0;0;0;5.29;"8017596129215";"ULOŠCI/PELENE/VATE"
"PAP.MARAM.BALZAM 4S, 9M,15KOM";"017569801";"SOFT DREAM";1;"PZ";1.69;1.69;0;0;0;1.69;"8017596015389";"PAPIRNATI PROIZVODI"
"DETERDŽ. RUB.OBOJANO/MRLJE 2l 40P";"017570801";"DEXAL";2;"LT";3.59;1.8;0;0;0;3.59;"8017596127778";"SRED. ZA PRANJE RUBLJA/POSUĐA"
"DETERDŽ. RUB.OBOJANO/MRLJE 2l 40P";"017570801";"DEXAL";2;"LT";3.59;1.8;0;0;0;3.59;"8017596127761";"SRED. ZA PRANJE RUBLJA/POSUĐA"
".BRIKETI UGLJEN 4kg";"017571901";"IL BRACIERE";4;"KG";4.69;1.17;0;0;0;4.69;"8054726040408";"INSEKTICIDI/SVIJEĆE/OSVJEŽIVAČ"
".BRIKETI UGLJEN 4kg";"017571901";"IL BRACIERE";4;"KG";4.69;1.17;0;0;0;4.69;"8017596129307";"INSEKTICIDI/SVIJEĆE/OSVJEŽIVAČ"
"GEL ZA PRANJE KUPAONICE 1l";"017574501";"DEXAL";1;"LT";1.49;1.49;0;0;0;1.49;"8017596126412";"SREDSTVA ZA ČIŠĆENJE"
".CROSTINI INTEGR. SNACK 168g";"017575101";"TRE MULINI";0.168;"KG";2.29;13.63;0;0;0;1.99;"8017596129567";"PEKARSKI PROIZVODI"
".KREKERI CROSTINI MASLINOVO UL.180g";"017575201";"TRE MULINI";0.18;"KG";2.19;12.17;0;0;0;2.19;"8017596129550";"PEKARSKI PROIZVODI"
".ČIPS OKUSA LIGURIJSKI PESTO 120g";"017575501";"MAMBO KIDS";0.12;"KG";1.39;11.58;0;0;0;1.29;"8017596129536";"KEKSI/VAFLI/SNACKS"
".TORTILJE SA SIROM 200g";"017575701";"MAMBO KIDS";0.2;"KG";1.39;6.95;0;0;0;1.39;"8017596129529";"KEKSI/VAFLI/SNACKS"
"SJENILO ZA OČI";"017579501";"FIOR DI MAGNOLIA";1;"PZ";3.69;3.69;0;0;0;3.69;"8017596071569";"KOZMETIKA/NJEGA TIJELA I LICA"
"SJENILO ZA OČI";"017579501";"FIOR DI MAGNOLIA";1;"PZ";3.69;3.69;0;0;0;3.69;"8017596071576";"KOZMETIKA/NJEGA TIJELA I LICA"
"SJENILO ZA OČI";"017579501";"FIOR DI MAGNOLIA";1;"PZ";3.69;3.69;0;0;0;3.69;"8017596071583";"KOZMETIKA/NJEGA TIJELA I LICA"
"SJENILO ZA OČI";"017579501";"FIOR DI MAGNOLIA";1;"PZ";3.69;3.69;0;0;0;3.69;"8017596071590";"KOZMETIKA/NJEGA TIJELA I LICA"
"PERSONAGG.3D SIMPSONS HOMER";"017589201";"NO BRAND";1;"PZ";0.01;0.01;0;0;0;0.01;"8718973105678";"SELF LIQUIDATING"
"PERSONAGG.3D SIMPSONS MARGE";"017589301";"NO BRAND";1;"PZ";3.99;3.99;0;0;0;3.99;"8718973105715";"SELF LIQUIDATING"
"PERSONAGG.3D SIMPSONS BART";"017589401";"NO BRAND";1;"PZ";3.99;3.99;0;0;0;3.99;"8718973105753";"SELF LIQUIDATING"
"PERONAGG.3D SIMPSONS LISA";"017589501";"NO BRAND";1;"PZ";3.99;3.99;0;0;0;3.99;"8718973105791";"SELF LIQUIDATING"
"PERSONAGG.3D SIMPSONS MAGGIE";"017589601";"NO BRAND";1;"PZ";3.99;3.99;0;0;0;3.99;"8718973105838";"SELF LIQUIDATING"
"PERS.3D SIMPSONS PICC AIUT.BABB NAT";"017589701";"NO BRAND";1;"PZ";3.99;3.99;0;0;0;3.99;"8718973105876";"SELF LIQUIDATING"
"SRED.ZA ČIŠC.PODOVA CLAS/MUSC.1,25l";"017590601";"DEXAL";1.25;"LT";1.59;1.27;0;0;0;1.59;"8017596125446";"SREDSTVA ZA ČIŠĆENJE"
"SRED.ZA ČIŠC.PODOVA CLAS/MUSC.1,25l";"017590601";"DEXAL";1.25;"LT";1.59;1.27;0;0;0;1.59;"8017596059901";"SREDSTVA ZA ČIŠĆENJE"
".USKRŠNJI ZEC OD KAKAA 160G";"017591301";"NO BRAND";0.16;"KG";1.79;11.19;1.59;9.94;1.59;1.79;"3830079801553";"PROIZVODI BOŽIĆ/USKRS"
".KOLAČ SA KREMOM SLANA KARAM.750g";"017591401";"DM DUCA MOSCATI";0.75;"KG";4.99;6.65;3.99;5.32;4.99;4.99;"8017596129499";"PROIZVODI BOŽIĆ/USKRS"
"KREKERI OD RIŽE BEZ GLUTENA 200g";"017592401";"AMO ESSERE SENZA GLUTINE";0.2;"KG";1.89;9.45;0;0;0;1.89;"8017596124623";"PEKARSKI PROIZVODI"
"SREDSTVO ZA ČIŠĆ. PODOVA ECO 1,5l";"017593301";"AMO ESSERE ECO";1.5;"LT";1.59;1.06;0;0;0;1.59;"8017596129574";"SREDSTVA ZA ČIŠĆENJE"
"KOLAČ KOLOMBA BEZ VOĆA 900g";"017593601";"DM DUCA MOSCATI";0.9;"KG";6.99;7.77;5.49;6.1;5.49;6.99;"8017596103550";"PROIZVODI BOŽIĆ/USKRS"
"DETERDŽENT ZA RUBLJE ECO1,5l 30P";"017593801";"AMO ESSERE ECO";1.5;"LT";3.39;2.26;0;0;0;3.39;"8017596111296";"SRED. ZA PRANJE RUBLJA/POSUĐA"
"UPALJAČ PUNJIVI 3kom";"017598801";"NO BRAND";1;"PZ";0.9;0.9;0;0;0;0.9;"8016572202386";"INSEKTICIDI/SVIJEĆE/OSVJEŽIVAČ"
"UPALJAČ PUNJIVI 3kom";"017598801";"NO BRAND";1;"PZ";0.9;0.9;0;0;0;0.9;"8017596130044";"INSEKTICIDI/SVIJEĆE/OSVJEŽIVAČ"
"KREMA ZA STOPALA UREA 10% 100ml";"017600401";"LA NUOVA PHARMACIA";0.1;"LT";1.39;13.9;0;0;0;1.39;"24102414";"KOZMETIKA/NJEGA TIJELA I LICA"
"ČOKOLADNA JAJA SA KARAMELOM 150g";"017600501";"NO BRAND";0.15;"KG";1.69;11.27;0;0;0;1.69;"8000017526076";"ČOKOLADE"
"ČOK.JAJA TAMNA ČOK.150g";"017600601";"NO BRAND";0.15;"KG";1.69;11.27;0;0;0;1.69;"8000017527059";"ČOKOLADE"
"PISTACIJA 200g MR SIBAMBA";"017603801";"MISTER SIBAMBA";0.2;"KG";3.49;17.45;0;0;0;3.49;"8028618013528";"VOĆE SUHO/ORAŠASTO"
"PISTACIJA 200g MR SIBAMBA";"017603801";"MISTER SIBAMBA";0.2;"KG";3.49;17.45;0;0;0;3.49;"8028618005523";"VOĆE SUHO/ORAŠASTO"
"PISTACIJA 200g MR SIBAMBA";"017603801";"MISTER SIBAMBA";0.2;"KG";3.49;17.45;0;0;0;3.49;"8017596002679";"VOĆE SUHO/ORAŠASTO"
".PUDING SOJA ČOKOLADA 2X115g";"017607001";"AMO ESSERE VEG";0.23;"KG";0.89;3.87;0;0;0;0.89;"24103091";"MLIJEČNI PROIZVODI UHT - JAJA"
".KEKSI ZA ZRNIMA ŠEĆERA 1Kg";"017613701";"DOLCIANDO";1;"KG";2.79;2.79;2.49;2.49;2.79;2.79;"8017596129796";"KEKSI/VAFLI/SNACKS"
"CORN FLAKES 850g";"017615501";"TRE MULINI";0.85;"KG";3.29;3.87;2.89;3.4;3.29;3.29;"8017596129765";"DORUČAK - PAHULJICE/NAMAZI/MED"
"BEZAL.GAZ.APERITIVO BIONDO 10x100ml";"017618902";"BLUES";1;"LT";2.99;2.99;0;0;0;2.99;"8017596123350";"BEZALKOHOLNA PIĆA"
"BEZALK.GAZ.APERITIVO ROSSO 10x100ml";"017619002";"BLUES";1;"LT";2.99;2.99;0;0;0;2.99;"8017596123367";"BEZALKOHOLNA PIĆA"
"HRSKAVI KIKIR.S OK.LUKA I VRHN.100g";"017625101";"MISTER SIBAMBA";0.1;"KG";0.79;7.9;0;0;0;0.79;"5997347540182";"VOĆE SUHO/ORAŠASTO"
"HRSKAVI KIKIRIKI S OK.WASABIJA 100g";"017625201";"MISTER SIBAMBA";0.1;"KG";0.79;7.9;0;0;0;0.79;"5997347540199";"VOĆE SUHO/ORAŠASTO"
"TEKUĆI SAPUN REFIL VIŠE VRSTA 1L";"017625901";"NEAR YOUR XXX";1;"LT";1.59;1.59;0;0;0;1.59;"8017596100511";"KOZMETIKA/NJEGA TIJELA I LICA"
"TEKUĆI SAPUN REFIL VIŠE VRSTA 1L";"017625901";"NEAR YOUR XXX";1;"LT";1.59;1.59;0;0;0;1.59;"8017596100528";"KOZMETIKA/NJEGA TIJELA I LICA"
".GRANOLA SA VOĆEM 500g";"017626501";"TRE MULINI";0.5;"KG";3.39;6.78;0;0;0;3.39;"8017596130259";"DORUČAK - PAHULJICE/NAMAZI/MED"
".RIŽA KREKERI S POVRĆEM 70g";"017626801";"AMO ESSERE VEG";0.07;"KG";1.49;21.29;0;0;0;1.39;"8017596130242";"PEKARSKI PROIZVODI"
"MOUSSE PROTEIN ČOKOLADA 170g";"017627901";"DOLCIANDO";0.17;"KG";1.19;7;0;0;0;1.19;"24101660";"JOGURTI I DESERTI"
"DESERT KAKAO ŠLAG PROTEIN 200g";"017628001";"DOLCIANDO";0.2;"KG";1.19;5.95;0;0;0;1.19;"24101677";"JOGURTI I DESERTI"
"KRUH BAGUETTE BIJELI 300g";"017628201";"NO BRAND";0.25;"KG";0.65;2.6;0;0;0;0.65;"";"KRUH - SAMOPOSLUŽNI PULT"
"SRED.ZA ČIŠĆ. PODOVA AGR/FRESH 1,5l";"017628401";"DEXAL";1.5;"LT";1.59;1.06;0;0;0;1.59;"8017596125439";"SREDSTVA ZA ČIŠĆENJE"
"SRED.ZA ČIŠĆ. PODOVA AGR/FRESH 1,5l";"017628401";"DEXAL";1.5;"LT";1.59;1.06;0;0;0;1.59;"8017596000736";"SREDSTVA ZA ČIŠĆENJE"
".KOLAČIĆI PUNJENI KAKAO KREMOM 180g";"017631301";"DOLCIANDO";0.18;"KG";0.99;5.5;0;0;0;0.99;"8017596130228";"BISKVIT PROIZVODI/KROASAN"
".KOLAČIĆI PUNJENI MARELICOM 180g";"017631401";"DOLCIANDO";0.18;"KG";0.99;5.5;0;0;0;0.99;"8017596130211";"BISKVIT PROIZVODI/KROASAN"
"ČIPS ORIGINAL SLANI TUBA 160g";"017633001";"MAMBO KIDS";0.16;"KG";1.99;12.44;0;0;0;1.99;"8017596130365";"KEKSI/VAFLI/SNACKS"
"ČIPS PAPRIKA TUBA 160g";"017633101";"MAMBO KIDS";0.16;"KG";1.99;12.44;0;0;0;1.99;"8017596130372";"KEKSI/VAFLI/SNACKS"
"ČIPS LUK I VRHNJE 160g";"017633201";"MAMBO KIDS";0.16;"KG";1.99;12.44;0;0;0;1.99;"8017596130389";"KEKSI/VAFLI/SNACKS"
".CROISSANT MINI MARELICA 200g";"017633901";"DOLCIANDO";0.2;"KG";1.39;6.95;0;0;0;1.39;"8017596130518";"BISKVIT PROIZVODI/KROASAN"
"SL.ŠTAPIĆ OKR. KOKOS 4kom 202g";"017636801";"DOLCIANDO";0.202;"KG";2.69;13.32;0;0;0;2.69;"8017596044495";"SLADOLEDI I DESERTI"
"KREMA SOFT TIJELO I RUKE V.V.300ml";"017640501";"FIOR DI MAGNOLIA";0.3;"LT";1.85;6.17;0;0;0;1.85;"8017596130303";"KOZMETIKA/NJEGA TIJELA I LICA"
"KREMA SOFT TIJELO I RUKE V.V.300ml";"017640501";"FIOR DI MAGNOLIA";0.3;"LT";1.85;6.17;0;0;0;1.85;"8017596130297";"KOZMETIKA/NJEGA TIJELA I LICA"
".KUKURUZNI KREKERI S ČOK/PISTAC.72g";"017643101";"AMO ESSERE VEG";0.072;"KG";1.49;20.69;0;0;0;1.19;"8017596130723";"PEKARSKI PROIZVODI"
".KUKURUZNI KREKERI SA SL.KARAMEL68g";"017643201";"AMO ESSERE VEG";0.068;"KG";1.49;21.91;0;0;0;1.29;"8017596130730";"PEKARSKI PROIZVODI"
".MINI KREKERI OD KUKURUZA S ČOK.80g";"017643301";"AMO ESSERE VEG";0.08;"KG";1.49;18.63;0;0;0;1.29;"8017596130747";"PEKARSKI PROIZVODI"
"SIR GOUDA JULIENNE 200g";"017644201";"LAND";0.2;"KG";2.49;12.45;0;0;0;2.49;"8017596123831";"MLIJEČNI PROIZ. SVJEŽI - EGAL."
"DET.ZA RUBLJE AKTIVNI KISIK 3kg 50P";"017644601";"DEXAL";3;"KG";8.69;2.9;0;0;0;8.69;"8017596130686";"SRED. ZA PRANJE RUBLJA/POSUĐA"
"DETERDŽ. PRAH RUB.LAVANDA 1,5kg 25p";"017644701";"DEXAL";1.5;"KG";4.99;3.33;0;0;0;4.99;"8017596130655";"SRED. ZA PRANJE RUBLJA/POSUĐA"
"SVIJEĆA MIRISNA 30h VIŠE VRSTA";"017648801";"VICINO A TE";1;"PZ";1.79;1.79;0;0;0;1.79;"8005730033207";"INSEKTICIDI/SVIJEĆE/OSVJEŽIVAČ"
"SVIJEĆA MIRISNA 30h VIŠE VRSTA";"017648801";"VICINO A TE";1;"PZ";1.79;1.79;0;0;0;1.79;"8005730033184";"INSEKTICIDI/SVIJEĆE/OSVJEŽIVAČ"
"SVIJEĆA MIRISNA 30h VIŠE VRSTA";"017648801";"VICINO A TE";1;"PZ";1.79;1.79;0;0;0;1.79;"8005730033214";"INSEKTICIDI/SVIJEĆE/OSVJEŽIVAČ"
"SVIJEĆA MIRISNA 30h VIŠE VRSTA";"017648801";"VICINO A TE";1;"PZ";1.79;1.79;0;0;0;1.79;"8005730033191";"INSEKTICIDI/SVIJEĆE/OSVJEŽIVAČ"
"SVIJEĆA MIRISNA 30h VIŠE VRSTA";"017648801";"VICINO A TE";1;"PZ";1.79;1.79;0;0;0;1.79;"24102124";"INSEKTICIDI/SVIJEĆE/OSVJEŽIVAČ"
"SVIJEĆA MIRISNA 30h VIŠE VRSTA";"017648801";"VICINO A TE";1;"PZ";1.79;1.79;0;0;0;1.79;"24102131";"INSEKTICIDI/SVIJEĆE/OSVJEŽIVAČ"
"SVIJEĆA MIRISNA 30h VIŠE VRSTA";"017648801";"VICINO A TE";1;"PZ";1.79;1.79;0;0;0;1.79;"24102117";"INSEKTICIDI/SVIJEĆE/OSVJEŽIVAČ"
"SVIJEĆA MIRISNA 30h VIŠE VRSTA";"017648801";"VICINO A TE";1;"PZ";1.79;1.79;0;0;0;1.79;"24102100";"INSEKTICIDI/SVIJEĆE/OSVJEŽIVAČ"
"KOLAČ MRAMORNI 400g";"017649401";"DOLCIANDO";0.4;"KG";2.29;5.73;0;0;0;2.29;"4101540701610";"TORTE I ROLADE"
"KOLAČ MRAMORNI 400g";"017649401";"DOLCIANDO";0.4;"KG";2.29;5.73;0;0;0;2.29;"8017596130587";"TORTE I ROLADE"
"AMONIJAK MIRISNI 2l";"017650101";"DEXAL";2;"LT";1.09;0.55;0;0;0;1.09;"8007930321153";"SREDSTVA ZA ČIŠĆENJE"
"AMONIJAK MIRISNI 2l";"017650101";"DEXAL";2;"LT";1.09;0.55;0;0;0;1.09;"8017596119667";"SREDSTVA ZA ČIŠĆENJE"
"AMONIJAK MIRISNI 2l";"017650101";"DEXAL";2;"LT";1.09;0.55;0;0;0;1.09;"8003985211869";"SREDSTVA ZA ČIŠĆENJE"
"AMONIJAK MIRISNI 2l";"017650101";"DEXAL";2;"LT";1.09;0.55;0;0;0;1.09;"8003985210558";"SREDSTVA ZA ČIŠĆENJE"
"DESTILIRANA VODA 5l";"017650201";"NO BRAND";5;"LT";1.49;0.3;0;0;0;1.49;"8007930400032";"SREDSTVA ZA ČIŠĆENJE"
"DESTILIRANA VODA 5l";"017650201";"NO BRAND";5;"LT";1.49;0.3;0;0;0;1.49;"8017596010698";"SREDSTVA ZA ČIŠĆENJE"
"DESTILIRANA VODA 5l";"017650201";"NO BRAND";5;"LT";1.49;0.3;0;0;0;1.49;"8003985211852";"SREDSTVA ZA ČIŠĆENJE"
"KAPSULE CAFFE ESPRESSO 15kom 109,5g";"017654601";"NO BRAND";0.1095;"KG";3.98;36.35;0;0;0;3.98;"8017596129895";"KAVA/ČAJEVI/DRUGO"
"MED BAGREM 500g";"017655001";"DOLCIANDO";0.5;"KG";5.79;11.58;4.39;8.78;5.79;5.79;"8017596017734";"DORUČAK - PAHULJICE/NAMAZI/MED"
"ULOŠCI ZA SLABU INKO.10kom";"017656701";"LA NUOVA PHARMACIA";1;"PZ";1.99;1.99;0;0;0;1.99;"8017596101938";"ULOŠCI/PELENE/VATE"
"ČOKOLADA BIJELA 100g";"017683001";"DOLCIANDO";0.1;"KG";1.39;13.9;0;0;0;1.39;"8017596006387";"ČOKOLADE"
"MINI PIZZE MARGHERITA 4kom 360g";"017685001";"TRE MULINI";0.36;"KG";2.49;6.92;1.89;5.25;2.49;2.49;"8017596041401";"ZAMRZNUTA POLUGOTOVA JELA"
"OSVJEŽIVAČ ZA AUTO+REFIL 2X2,3ml";"017685901";"KEIROS ON THE ROAD";1;"PZ";1.99;1.99;0;0;0;1.99;"8017596130853";"INSEKTICIDI/SVIJEĆE/OSVJEŽIVAČ"
"OSVJEŽIVAČ ZA AUTO+REFIL 2X2,3ml";"017685901";"KEIROS ON THE ROAD";1;"PZ";1.99;1.99;0;0;0;1.99;"8017596130839";"INSEKTICIDI/SVIJEĆE/OSVJEŽIVAČ"
"OSVJEŽIVAČ ZA AUTO+REFIL 2X2,3ml";"017685901";"KEIROS ON THE ROAD";1;"PZ";1.99;1.99;0;0;0;1.99;"8017596130822";"INSEKTICIDI/SVIJEĆE/OSVJEŽIVAČ"
"OSVJEŽIVAČ ZA AUTO+REFIL 2X2,3ml";"017685901";"KEIROS ON THE ROAD";1;"PZ";1.99;1.99;0;0;0;1.99;"8017596130846";"INSEKTICIDI/SVIJEĆE/OSVJEŽIVAČ"
"ČOKOLADA PUNJ.MLIJ/ŽITARICAMA 188g";"017686101";"DOLCIANDO";0.188;"KG";2.79;14.84;0;0;0;2.79;"8017596130792";"ČOKOLADE"
"TORBA ZA KUPNJU PP SKLOPIVA";"017686501";"NO BRAND";1;"PZ";0.99;0.99;0;0;0;0.99;"8017596216090";"SHOPPER"
"JOGURT BIFIDUS ŽITARICE 4X125g";"017696402";"LAND";0.5;"KG";1.69;3.38;0;0;0;1.69;"8017596130945";"JOGURTI I DESERTI"
".SALATA TUNA S GRAHOM 2x160g";"017706701";"ATHENA";0.32;"KG";3.49;10.91;0;0;0;3.49;"8017596130914";"RIBLJE KONZERVE"
".SALATA TUNA S ŽITARICAMA 2x160g";"017706901";"ATHENA";0.32;"KG";3.49;10.91;0;0;0;3.49;"8017596130938";"RIBLJE KONZERVE"
".SALATA TUNA JEČAM I PIR 2x160g";"017707001";"ATHENA";0.32;"KG";3.49;10.91;0;0;0;3.49;"8017596130921";"RIBLJE KONZERVE"
"HIGIJENSKA VATA 100g";"017708501";"LA NUOVA PHARMACIA";0.1;"KG";0.99;9.9;0;0;0;0.99;"8017596120472";"ULOŠCI/PELENE/VATE"
"ČOKOLADA PUNJ.MLIJ/ŽITARICAMA 23,5g";"017711401";"DOLCIANDO";0.0235;"KG";0.49;20.85;0;0;0;0.49;"24103121";"ČOKOLADE"
"VODICA ZA USTA SENS/GING 500ml";"017715501";"WHITE & FRESH";0.5;"LT";1.49;2.98;0;0;0;1.49;"8017596131232";"KOZMETIKA/NJEGA TIJELA I LICA"
"VODICA ZA USTA SENS/GING 500ml";"017715501";"WHITE & FRESH";0.5;"LT";1.49;2.98;0;0;0;1.49;"8017596074546";"KOZMETIKA/NJEGA TIJELA I LICA"
"ČOKOLADA TAMNA S KOM.LJEŠ 90g";"017717401";"DOLCIANDO";0.09;"KG";1.89;21;0;0;0;1.89;"8017596131010";"ČOKOLADE"
"DET.ZA RUČNO PRANJE RUBLJA 1kg 20P";"017718201";"DEXAL";1;"KG";2.99;2.99;0;0;0;2.99;"8017596130976";"SRED. ZA PRANJE RUBLJA/POSUĐA"
"PREPEČENAC BEZ GLUTENA 225g";"017718501";"AMO ESSERE SENZA GLUTINE";0.225;"KG";2.69;11.96;0;0;0;2.69;"8017596130815";"DORUČAK - PAHULJICE/NAMAZI/MED"
"PIVO S.BARTH.PŠENIČNO 5,2& 500ml";"017719301";"NO BRAND";0.5;"LT";1.29;2.58;0;0;0;1.29;"4054500134679";"PIVA"
"TORTELLONI RICOTTA I ŠPINAT 2x500g";"017725901";"NO BRAND";1;"KG";3.99;3.99;0;0;0;3.99;"8017596011329";"TJESTENINA SVJEŽA - PUNJENA"
"TORTELLONI RICOTTA I ŠPINAT 2x500g";"017725901";"NO BRAND";1;"KG";3.99;3.99;0;0;0;3.99;"8033075800994";"TJESTENINA SVJEŽA - PUNJENA"
"SVJEŽI CAPPELLETTI MESO 2x500g";"017726001";"NO BRAND";1;"KG";3.99;3.99;0;0;0;3.99;"8017596062772";"TJESTENINA SVJEŽA - PUNJENA"
"SVJEŽI CAPPELLETTI MESO 2x500g";"017726001";"NO BRAND";1;"KG";3.99;3.99;0;0;0;3.99;"8033075800970";"TJESTENINA SVJEŽA - PUNJENA"
"SVJEŽI CAPPELL. SUHA ŠUNKA 2x500g";"017726101";"NO BRAND";1;"KG";3.99;3.99;0;0;0;3.99;"8017596064905";"TJESTENINA SVJEŽA - PUNJENA"
"SVJEŽI CAPPELL. SUHA ŠUNKA 2x500g";"017726101";"NO BRAND";1;"KG";3.99;3.99;0;0;0;3.99;"8033075800987";"TJESTENINA SVJEŽA - PUNJENA"
"BOMBONI S VOĆNIM PUNJENJEM 500g";"017726501";"DOLCIANDO";0.5;"KG";2.29;4.58;0;0;0;2.29;"8017596120120";"SLATKIŠI I BOMBONI"
".ČOKO.MLIJEKO BEZ LAKTOZE 3x200ml";"017726601";"AMO ESSERE SENZA LATTOSIO";0.6;"LT";1.29;2.15;0;0;0;1.39;"8017596130693";"MLIJEČNI PROIZVODI UHT - JAJA"
"HIG.ULOŠCI ULTRA  S KRILCIMA 24kom";"017737001";"FIOR DI MAGNOLIA";1;"PZ";1.99;1.99;0;0;0;1.99;"8017596066114";"ULOŠCI/PELENE/VATE"
"TUNA SALATA MEKSIČKA 2x160g";"017737801";"ATHENA";0.32;"KG";3.99;12.47;0;0;0;3.99;"8017596130884";"RIBLJE KONZERVE"
"TUNA SALATA KUKURUZ/GRAŠAK 2x160g";"017737901";"ATHENA";0.32;"KG";3.99;12.47;0;0;0;3.99;"8017596130891";"RIBLJE KONZERVE"
"TUNA SALATA KUS KUS 2x160g";"017738001";"ATHENA";0.32;"KG";3.99;12.47;0;0;0;3.99;"8017596130907";"RIBLJE KONZERVE"
"TJE.INTEGR.SPAGHETTI BRONZO 500g";"017738301";"TRE MULINI";0.5;"KG";0.99;1.98;0;0;0;0.99;"8017596131270";"TJESTENINA"
"TJE.INTE.PENNE RIGATE BRONZO 500g";"017738401";"TRE MULINI";0.5;"KG";0.99;1.98;0;0;0;0.99;"8017596131263";"TJESTENINA"
"TJE.INTEGRALNA FARFALLE BRONZO 500g";"017738501";"TRE MULINI";0.5;"KG";0.99;1.98;0;0;0;0.99;"8017596131256";"TJESTENINA"
"MASLINOVO ULJE 1l";"017739501";"FRANTOIO LA ROCCA";1;"LT";6.99;6.99;0;0;0;6.99;"8017596015549";"ULJE"
"*NAMAZ OD ČILI PAPRIČICE 90g";"017742001";"NO BRAND";0.09;"KG";1.99;22.11;0;0;0;1.99;"8019760992908";"DELIKATESA - DELIKATESA"
"*NAMAZ OD ARTIČOKE 90g";"017742101";"NO BRAND";0.09;"KG";1.99;22.11;0;0;0;1.99;"8019760992946";"DELIKATESA - DELIKATESA"
"*NAMAZ OD TALIJANSKIH MASLINA 90g";"017742201";"NO BRAND";0.09;"KG";1.99;22.11;0;0;0;1.99;"8019760992953";"DELIKATESA - DELIKATESA"
"*PRIPRAVAK OD POVRĆA 90g";"017742401";"NO BRAND";0.09;"KG";1.99;22.11;0;0;0;1.99;"8019760992915";"DELIKATESA - DELIKATESA"
"HIG.ULOŠCI ULTRA BEZ KRILCA 32kom";"017762601";"FIOR DI MAGNOLIA";1;"PZ";1.99;1.99;0;0;0;1.99;"8017596102003";"ULOŠCI/PELENE/VATE"
"HIG.ULOŠCI NOĆNI S KRILCIMA 20kom";"017762701";"FIOR DI MAGNOLIA";1;"PZ";1.35;1.35;0;0;0;1.35;"8017596067425";"ULOŠCI/PELENE/VATE"
"VREĆE ZA SMEĆE BIO 50x60 30l 15kom";"017763301";"SISTEMA CASA";1;"PZ";1.69;1.69;0;0;0;1.69;"4014100502155";"JEDNOKR. PRIBOR/VREĆE ZA SMEĆE"
"VREĆE ZA SMEĆE BIO 50x60 30l 15kom";"017763301";"SISTEMA CASA";1;"PZ";1.69;1.69;0;0;0;1.69;"8017596101846";"JEDNOKR. PRIBOR/VREĆE ZA SMEĆE"
"VREĆE ZA SMEĆE J.80x120 130l 10kom";"017763401";"SISTEMA CASA";1;"PZ";2.09;2.09;0;0;0;2.09;"4014100502070";"JEDNOKR. PRIBOR/VREĆE ZA SMEĆE"
"VREĆE ZA SMEĆE J.80x120 130l 10kom";"017763401";"SISTEMA CASA";1;"PZ";2.09;2.09;0;0;0;2.09;"8017596018144";"JEDNOKR. PRIBOR/VREĆE ZA SMEĆE"
"VREĆE ZA SMEĆE ŽU.70x110 110L 10kom";"017763701";"NO BRAND";1;"PZ";1.39;1.39;0;0;0;1.39;"4014100502193";"JEDNOKR. PRIBOR/VREĆE ZA SMEĆE"
"VREĆE ZA SMEĆE ŽU.70x110 110L 10kom";"017763701";"NO BRAND";1;"PZ";1.39;1.39;0;0;0;1.39;"8017596061799";"JEDNOKR. PRIBOR/VREĆE ZA SMEĆE"
".TORTA SA SLANOM KARAMELOM 400g";"017770401";"DM DUCA MOSCATI";0.4;"KG";3.69;9.23;2.99;7.48;3.69;3.69;"8017596131171";"PROIZVODI BOŽIĆ/USKRS"
".PANDORINO ASTUCCIO 80g";"017770501";"NO BRAND";0.08;"KG";1.19;14.88;0.99;12.38;1.19;1.19;"8017596076311";"PROIZVODI BOŽIĆ/USKRS"
"ČOKOLADNICA KOKOS SNACK 2 kom 56g";"017779501";"DOLCIANDO";0.056;"KG";0.59;10.54;0;0;0;0.59;"24100632";"ČOKOLADE"
"MASLINOVO EKSTRADJEVIČANSKO ULJE 1l";"017780901";"NO BRAND";1;"LT";8.49;8.49;0;0;0;8.49;"8017596128010";"ULJE"
"MASLINOVO EKSTRADJEVIČANSKO ULJE 1l";"017780901";"NO BRAND";1;"LT";8.49;8.49;0;0;0;8.49;"8017596015556";"ULJE"
"MASLINOVO EKSTRADJEVIČANSKO ULJE 1l";"017780901";"NO BRAND";1;"LT";8.49;8.49;0;0;0;8.49;"8008460900566";"ULJE"
"ULOŠCI ZA OBUĆU MEMORIJSKA PJENA";"017783201";"LA NUOVA PHARMACIA";1;"PZ";1.49;1.49;0;0;0;1.49;"8017596126733";"KOZMETIKA/NJEGA TIJELA I LICA"
"ZUBNA ČETKICA TECHNIC CARE  2kom";"017787801";"WHITE & FRESH";1;"PZ";1.29;1.29;0;0;0;1.29;"8017596131591";"KOZMETIKA/NJEGA TIJELA I LICA"
"ZUBNA TOTAL FAMILY 3kom";"017787901";"WHITE & FRESH";1;"PZ";0.85;0.85;0;0;0;0.85;"8017596131607";"KOZMETIKA/NJEGA TIJELA I LICA"
"ČETKICA ZA ZUBE WHIT/SENS 1kom";"017788001";"WHITE & FRESH";1;"PZ";0.99;0.99;0;0;0;0.99;"8017596131584";"KOZMETIKA/NJEGA TIJELA I LICA"
"ČETKICA ZA ZUBE WHIT/SENS 1kom";"017788001";"WHITE & FRESH";1;"PZ";0.99;0.99;0;0;0;0.99;"8017596070890";"KOZMETIKA/NJEGA TIJELA I LICA"
"ŠKARICE ZA NOKTE";"017788601";"LA NUOVA PHARMACIA";1;"PZ";1.99;1.99;0;0;0;1.99;"24102391";"KOZMETIKA/NJEGA TIJELA I LICA"
"BOJA KOSA BAK.CRVENA 4.54 60+60ml";"017790801";"COLOR LOOK";0.12;"LT";2.98;24.83;0;0;0;2.98;"8017596077011";"NJEGA KOSE/BRADE"
"BOJA KOSA BAK.CRVENA 4.54 60+60ml";"017790801";"COLOR LOOK";0.12;"LT";2.98;24.83;0;0;0;2.98;"8017596131478";"NJEGA KOSE/BRADE"
"BOJA ZA KOSU INT.BLOND 9.0 60+60ml";"017790901";"COLOR LOOK";0.12;"LT";2.98;24.83;0;0;0;2.98;"8017596076946";"NJEGA KOSE/BRADE"
"BOJA ZA KOSU INT.BLOND 9.0 60+60ml";"017790901";"COLOR LOOK";0.12;"LT";2.98;24.83;0;0;0;2.98;"8017596131409";"NJEGA KOSE/BRADE"
"BOJA ZA KOSU TAMNA 6.0 60+60ml";"017791001";"COLOR LOOK";0.12;"LT";2.98;24.83;0;0;0;2.98;"8017596077004";"NJEGA KOSE/BRADE"
"BOJA ZA KOSU TAMNA 6.0 60+60ml";"017791001";"COLOR LOOK";0.12;"LT";2.98;24.83;0;0;0;2.98;"8017596131461";"NJEGA KOSE/BRADE"
"BOJA ZA KOSU ZL.SMEĐA 5.3 60+60ml";"017791101";"COLOR LOOK";0.12;"LT";2.98;24.83;0;0;0;2.98;"8017596131485";"NJEGA KOSE/BRADE"
"BOJA ZA KOSU ZL.SMEĐA 5.3 60+60ml";"017791101";"COLOR LOOK";0.12;"LT";2.98;24.83;0;0;0;2.98;"8017596077028";"NJEGA KOSE/BRADE"
"BOJA ZA KOSU TAMN.SMEĐA 3.0 60+60ml";"017791201";"COLOR LOOK";0.12;"LT";2.98;24.83;0;0;0;2.98;"8017596077035";"NJEGA KOSE/BRADE"
"BOJA ZA KOSU TAMN.SMEĐA 3.0 60+60ml";"017791201";"COLOR LOOK";0.12;"LT";2.98;24.83;0;0;0;2.98;"8017596131492";"NJEGA KOSE/BRADE"
"BOJA ZA KOSU SVJ.BLOND 8.0 60+60ml";"017791301";"COLOR LOOK";0.12;"LT";2.98;24.83;0;0;0;2.98;"8017596131454";"NJEGA KOSE/BRADE"
"BOJA ZA KOSU SVJ.BLOND 8.0 60+60ml";"017791301";"COLOR LOOK";0.12;"LT";2.98;24.83;0;0;0;2.98;"8017596076991";"NJEGA KOSE/BRADE"
"BOJA ZA KOSU BLOND 7.0 60+60ml";"017791401";"COLOR LOOK";0.12;"LT";2.98;24.83;0;0;0;2.98;"8017596076984";"NJEGA KOSE/BRADE"
"BOJA ZA KOSU BLOND 7.0 60+60ml";"017791401";"COLOR LOOK";0.12;"LT";2.98;24.83;0;0;0;2.98;"8017596131447";"NJEGA KOSE/BRADE"
"BOJA ZA KOSU SVJ.SMEĐA 5.0 60+60ml";"017791501";"COLOR LOOK";0.12;"LT";2.98;24.83;0;0;0;2.98;"8017596076953";"NJEGA KOSE/BRADE"
"BOJA ZA KOSU SVJ.SMEĐA 5.0 60+60ml";"017791501";"COLOR LOOK";0.12;"LT";2.98;24.83;0;0;0;2.98;"8017596131416";"NJEGA KOSE/BRADE"
"BOJA ZA KOSU SMEĐA 4.0 60+60ml";"017791601";"COLOR LOOK";0.12;"LT";2.98;24.83;0;0;0;2.98;"8017596076960";"NJEGA KOSE/BRADE"
"BOJA ZA KOSU SMEĐA 4.0 60+60ml";"017791601";"COLOR LOOK";0.12;"LT";2.98;24.83;0;0;0;2.98;"8017596131423";"NJEGA KOSE/BRADE"
"BOJA ZA KOSU CRNA 1.0 60+60ml";"017791701";"COLOR LOOK";0.12;"LT";2.98;24.83;0;0;0;2.98;"8017596076977";"NJEGA KOSE/BRADE"
"BOJA ZA KOSU CRNA 1.0 60+60ml";"017791701";"COLOR LOOK";0.12;"LT";2.98;24.83;0;0;0;2.98;"8017596131430";"NJEGA KOSE/BRADE"
"MASKA ZA KOSU U SPRAYU 5u1 150ml";"017791801";"COLOR LOOK";0.15;"LT";3.39;22.6;0;0;0;3.39;"8017596131508";"NJEGA KOSE/BRADE"
"MASKA ZA KOSU U SPRAYU 5u1 150ml";"017791801";"COLOR LOOK";0.15;"LT";3.39;22.6;0;0;0;3.39;"8017596077042";"NJEGA KOSE/BRADE"
"VREĆE ZA SMEĆE PLAVE53x65 40l 20kom";"017792801";"SISTEMA CASA";1;"PZ";1.19;1.19;0;0;0;1.19;"4014100502032";"JEDNOKR. PRIBOR/VREĆE ZA SMEĆE"
"VREĆE ZA SMEĆE PLAVE53x65 40l 20kom";"017792801";"SISTEMA CASA";1;"PZ";1.19;1.19;0;0;0;1.19;"8017596101839";"JEDNOKR. PRIBOR/VREĆE ZA SMEĆE"
"ČAŠE PLAST. BIORAZGR. 200ml 80kom";"017799401";"SISTEMA CASA";1;"PZ";2.39;2.39;0;0;0;2.39;"8017596111074";"JEDNOKR. PRIBOR/VREĆE ZA SMEĆE"
"SL.ŠTAP. S ČOK. PRELJEVOM 6KOM 330g";"017799901";"DOLCIANDO";0.33;"KG";2.25;6.82;0;0;0;2.25;"8017596044143";"SLADOLEDI I DESERTI"
"VRHNJE ZA KAVU 10% 20X10g";"017801501";"LAND";0.2;"KG";0.95;4.75;0.79;3.95;0.95;0.95;"8017596131522";"MLIJEČNI PROIZVODI UHT - JAJA"
"ŠAMPON ZA KOSU ZELENI ČAJ I LAN 1l";"017803301";"NEAR YOUR XXX";1;"LT";1.59;1.59;0;0;0;1.59;"8017596131546";"NJEGA KOSE/BRADE"
"GEL ZA KOSU FORTE 250ml";"017803501";"NEAR YOUR XXX";0.25;"LT";1.19;4.76;0;0;0;1.19;"8017596131577";"NJEGA KOSE/BRADE"
"TABL.PERIL.SUĐA TUTTO 40kom 720g";"017803601";"DEXAL";0.72;"KG";4.99;6.93;0;0;0;4.99;"8017596131201";"SRED. ZA PRANJE RUBLJA/POSUĐA"
"BOMBONI GUMENI MANGO 200g";"017804201";"DOLCIANDO";0.2;"KG";1.29;6.45;0;0;0;1.29;"8017596119797";"SLATKIŠI I BOMBONI"
"INTERDENTALNE GUMENE ČETKICE 50kom";"017804401";"NO BRAND";1;"PZ";1.99;1.99;0;0;0;1.99;"8056234641207";"KOZMETIKA/NJEGA TIJELA I LICA"
"KOMPLET OD 3 POSUDE S POKLOPCEM";"017810501";"NO BRAND";1;"PZ";5.99;5.99;0;0;0;5.99;"8017596282002";"SELF LIQUIDATING"
"NEPRIJANJAJUĆA TAVA";"017810701";"NO BRAND";1;"PZ";7.99;7.99;0;0;0;7.99;"8017596282026";"SELF LIQUIDATING"
"PAHULJICE S TAMNOM ČOKOLADOM 300g";"017811001";"TRE MULINI";0.3;"KG";2.09;6.97;0;0;0;2.09;"8017596057792";"DORUČAK - PAHULJICE/NAMAZI/MED"
"PAHULJICE S CRVENIM VOĆEM 300g";"017811401";"TRE MULINI";0.3;"KG";2.09;6.97;0;0;0;2.09;"8017596057785";"DORUČAK - PAHULJICE/NAMAZI/MED"
"PUTNA TORBA 30 L";"017815101";"NO BRAND";1;"PZ";2.99;2.99;0;0;0;2.99;"8017596282064";"SELF LIQUIDATING"
"STOLNJAK 140X180 CM";"017815301";"NO BRAND";1;"PZ";5.99;5.99;0;0;0;5.99;"8017596282088";"SELF LIQUIDATING"
"SKLOPIVI KIŠOBRAN";"017815501";"NO BRAND";1;"PZ";5.99;5.99;0;0;0;5.99;"8017596282101";"SELF LIQUIDATING"
"PARF. VODA ŽEN. FABULOS FLOW. 100ml";"017818001";"FIOR DI MAGNOLIA";0.1;"LT";5.31;53.1;0;0;0;5.31;"8017596104373";"KOZMETIKA/NJEGA TIJELA I LICA"
"PARF.VODA ŽEN. LADY SUGAR 100ml";"017818101";"FIOR DI MAGNOLIA";0.1;"LT";5.31;53.1;0;0;0;5.31;"8017596104403";"KOZMETIKA/NJEGA TIJELA I LICA"
"PARF. VODA ŽEN. PURE CHARME 100ml";"017818201";"FIOR DI MAGNOLIA";0.1;"LT";5.31;53.1;0;0;0;5.31;"8017596104380";"KOZMETIKA/NJEGA TIJELA I LICA"
"PARF. VODA ŽEN. SECRET MOON 100ml";"017818301";"FIOR DI MAGNOLIA";0.1;"LT";5.31;53.1;0;0;0;5.31;"8017596104397";"KOZMETIKA/NJEGA TIJELA I LICA"
"PARF.VODA MUŠKA COLD OCEAN 100ml";"017818401";"FIOR DI MAGNOLIA";0.1;"LT";5.31;53.1;0;0;0;5.31;"8017596104427";"KOZMETIKA/NJEGA TIJELA I LICA"
"PARF.VODA MUŠKA GOLD LEGEND 100ml";"017818501";"FIOR DI MAGNOLIA";0.1;"PZ";5.31;53.1;0;0;0;5.31;"8017596104434";"KOZMETIKA/NJEGA TIJELA I LICA"
"PARF.VODA MUŠKA ICONIC WARR. 100ml";"017818601";"FIOR DI MAGNOLIA";0.1;"LT";5.31;53.1;0;0;0;5.31;"8017596104441";"KOZMETIKA/NJEGA TIJELA I LICA"
"PARF.VODA MUŠKA WATERFALL 100ml";"017818701";"FIOR DI MAGNOLIA";0.1;"LT";5.31;53.1;0;0;0;5.31;"8017596104410";"KOZMETIKA/NJEGA TIJELA I LICA"
"PARF.VODA ŽEN. SWEE DREAMS 100ml";"017818801";"FIOR DI MAGNOLIA";0.1;"LT";5.31;53.1;0;0;0;5.31;"8017596104366";"KOZMETIKA/NJEGA TIJELA I LICA"
"PAHULJICE MULTIGRAIN CLASSIC 375g";"017825801";"TRE MULINI";0.375;"KG";1.79;4.77;0;0;0;1.79;"8017596057778";"DORUČAK - PAHULJICE/NAMAZI/MED"
"HIGIJENSKI ULOŠCI S KRILCIMA 28kom";"017826201";"FIOR DI MAGNOLIA";1;"PZ";1.99;1.99;0;0;0;1.99;"8017596066107";"ULOŠCI/PELENE/VATE"
"PIVO MONASTICA ROGUE 6,5% 750ml";"017832601";"NO BRAND";0.75;"LT";3.59;4.79;0;0;0;3.59;"5410218110333";"PIVA"
"HR.MACKE STERILIZIRA.PREMIUM 4X100G";"017833501";"RADAMES";0.4;"KG";1.89;4.73;0;0;0;1.89;"8017596128768";"HRANA ZA KUĆNE LJUBIMCE"
"TEKUĆINA ZA ISPIRA.USTA MENTA 500ml";"017833901";"WHITE & FRESH";0.5;"LT";1.45;2.9;0;0;0;1.45;"8017596054111";"KOZMETIKA/NJEGA TIJELA I LICA"
"ZUBNA PASTA TRIPLE ACT./WHIT. 100ml";"017834401";"WHITE & FRESH";0.1;"LT";0.83;8.3;0;0;0;0.83;"8017596071835";"KOZMETIKA/NJEGA TIJELA I LICA"
"ZUBNA PASTA TRIPLE ACT./WHIT. 100ml";"017834401";"WHITE & FRESH";0.1;"LT";0.83;8.3;0;0;0;0.83;"8017596131973";"KOZMETIKA/NJEGA TIJELA I LICA"
"TUNA U BILJNOME ULJU 620g";"017834601";"ATHENA";0.62;"KG";5.99;9.66;0;0;0;5.99;"8412604988035";"RIBLJE KONZERVE"
"TUNA U BILJNOME ULJU 620g";"017834601";"ATHENA";0.62;"KG";5.99;9.66;0;0;0;5.99;"8017596015570";"RIBLJE KONZERVE"
"TUNA U BILJNOME ULJU 620g";"017834601";"ATHENA";0.62;"KG";5.99;9.66;0;0;0;5.99;"8429583010947";"RIBLJE KONZERVE"
"OSVJEŽIVAČ PROSTORA V.V. 150ml";"017839101";"VICINO A TE";0.15;"LT";1.59;10.6;0;0;0;1.59;"8017596131645";"INSEKTICIDI/SVIJEĆE/OSVJEŽIVAČ"
"OSVJEŽIVAČ PROSTORA V.V. 150ml";"017839101";"VICINO A TE";0.15;"LT";1.59;10.6;0;0;0;1.59;"8017596131621";"INSEKTICIDI/SVIJEĆE/OSVJEŽIVAČ"
"OSVJEŽIVAČ PROSTORA V.V. 150ml";"017839101";"VICINO A TE";0.15;"LT";1.59;10.6;0;0;0;1.59;"8017596131614";"INSEKTICIDI/SVIJEĆE/OSVJEŽIVAČ"
"OSVJEŽIVAČ PROSTORA V.V. 150ml";"017839101";"VICINO A TE";0.15;"LT";1.59;10.6;0;0;0;1.59;"8017596131638";"INSEKTICIDI/SVIJEĆE/OSVJEŽIVAČ"
"ZUBNA PASTA COMPLETE/WHITEN. 125ml";"017840001";"WHITE & FRESH";0.125;"LT";0.99;7.92;0;0;0;0.99;"8017596071804";"KOZMETIKA/NJEGA TIJELA I LICA"
"ZUBNA PASTA COMPLETE/WHITEN. 125ml";"017840001";"WHITE & FRESH";0.125;"LT";0.99;7.92;0;0;0;0.99;"8017596071811";"KOZMETIKA/NJEGA TIJELA I LICA"
"ZUBNA PASTA VIŠE VRSTA 75ml";"017840201";"WHITE & FRESH";0.075;"LT";1.06;14.13;0;0;0;1.06;"8017596065766";"KOZMETIKA/NJEGA TIJELA I LICA"
"ZUBNA PASTA VIŠE VRSTA 75ml";"017840201";"WHITE & FRESH";0.075;"LT";1.06;14.13;0;0;0;1.06;"8017596131980";"KOZMETIKA/NJEGA TIJELA I LICA"
"ZUBNA PASTA VIŠE VRSTA 75ml";"017840201";"WHITE & FRESH";0.075;"LT";1.06;14.13;0;0;0;1.06;"8017596131997";"KOZMETIKA/NJEGA TIJELA I LICA"
"ZUBNA PASTA VIŠE VRSTA 75ml";"017840201";"WHITE & FRESH";0.075;"LT";1.06;14.13;0;0;0;1.06;"8017596065780";"KOZMETIKA/NJEGA TIJELA I LICA"
"SPREJ ZA UKLJANJANE MRLJA 500ml";"017841001";"DEXAL";0.5;"LT";1.25;2.5;0;0;0;1.25;"8017596004024";"SRED. ZA PRANJE RUBLJA/POSUĐA"
"HRANA ZA PSE KOM.MESA UMAK 4X100G";"017844801";"RADAMES";0.4;"KG";1.69;4.23;0;0;0;1.69;"8017596128775";"HRANA ZA KUĆNE LJUBIMCE"
"HRANA ZA PSE KOM.MESA UMAK 4X100G";"017844801";"RADAMES";0.4;"KG";1.69;4.23;0;0;0;1.69;"8011789610085";"HRANA ZA KUĆNE LJUBIMCE"
"ANANAS KRIŠKE U SOKU 565/340ml";"017845701";"NO BRAND";0.34;"KG";1.79;5.26;0;0;0;1.79;"8017596121080";"VOĆE KONZERVIRANO"
"PROT.JOGURT VAN.MUESLI 175g V.V.";"017846201";"LAND";0.175;"KG";1.19;6.8;0;0;0;1.19;"8017596133946";"JOGURTI I DESERTI"
"PROT.JOGURT VAN.MUESLI 175g V.V.";"017846201";"LAND";0.175;"KG";1.19;6.8;0;0;0;1.19;"8017596133953";"JOGURTI I DESERTI"
"SLANI ČIPS 45g";"017853301";"MAMBO KIDS";0.045;"KG";0.89;19.78;0;0;0;0.89;"24102438";"KEKSI/VAFLI/SNACKS"
"POVRĆE PRILOG 450g";"017853701";"DELIZIE DAL SOLE";0.45;"KG";1.59;3.53;0;0;0;1.59;"8017596042392";"ZAMRZNUTO POVRĆE"
"KEKSI SA KARAMELOM I ČOKOLADOM 350g";"017868201";"DOLCIANDO";0.35;"KG";1.79;5.11;0;0;0;1.79;"8017596131942";"KEKSI/VAFLI/SNACKS"
".PRALINE S KREMOM I PERECIMA 180g";"017873201";"DOLCIANDO";0.18;"KG";2.39;13.28;0;0;0;2.39;"8017596131966";"ČOKOLADE"
"JAJE MLIJEČ.ČOK.300g";"017873301";"DOLCIANDO";0.3;"KG";7.99;26.63;5.99;19.97;7.99;7.99;"8017596132567";"PROIZVODI BOŽIĆ/USKRS"
"VINO CH. LAUZ. BORDEAUX AOC 750ml";"017873701";"NO BRAND";0.75;"LT";5.89;7.85;0;0;0;5.89;"3303292905587";"VINA"
"VINO CH. LAUZ. BORDEAUX AOC 750ml";"017873701";"NO BRAND";0.75;"LT";5.89;7.85;0;0;0;5.89;"3303293206256";"VINA"
"VINO CH. LAUZ. BORDEAUX AOC 750ml";"017873701";"NO BRAND";0.75;"LT";5.89;7.85;0;0;0;5.89;"3303293202500";"VINA"
"VINO CH. LAUZ. BORDEAUX AOC 750ml";"017873701";"NO BRAND";0.75;"LT";5.89;7.85;0;0;0;5.89;"3303293304846";"VINA"
"GEL ZA TUŠIRANJE HRANJ./OPUŠT.500ml";"017876201";"NEAR YOUR XXX";0.5;"LT";1.79;3.58;0;0;0;1.79;"8017596132314";"KOZMETIKA/NJEGA TIJELA I LICA"
"GEL ZA TUŠIRANJE HRANJ./OPUŠT.500ml";"017876201";"NEAR YOUR XXX";0.5;"LT";1.79;3.58;0;0;0;1.79;"8017596132321";"KOZMETIKA/NJEGA TIJELA I LICA"
".DETERDŽ.RUBLJE ORHIDEJA 5lt";"017880501";"DEXAL";5;"LT";4.49;0.9;0;0;0;4.49;"8017596077950";"SRED. ZA PRANJE RUBLJA/POSUĐA"
"GEL ZA TUŠ.BAD.SHEA/CITRU.MED 300ml";"017883001";"FIOR DI MAGNOLIA";0.3;"LT";1.49;4.97;0;0;0;1.49;"8017596132369";"KOZMETIKA/NJEGA TIJELA I LICA"
"GEL ZA TUŠ.BAD.SHEA/CITRU.MED 300ml";"017883001";"FIOR DI MAGNOLIA";0.3;"LT";1.49;4.97;0;0;0;1.49;"8017596132352";"KOZMETIKA/NJEGA TIJELA I LICA"
"HRANA MAČKE GOV INT JEČAM 1,5KG";"017886802";"RADAMES";1.5;"KG";3.99;2.66;0;0;0;3.99;"8017596133007";"HRANA ZA KUĆNE LJUBIMCE"
".TORTA LIMUN 400g";"017889001";"DOLCIANDO";0.4;"KG";2.29;5.73;0;0;0;2.39;"8017596132437";"TORTE I ROLADE"
".KOLAČ OD BANANE I ČOKOLADE 400g";"017889301";"DOLCIANDO";0.4;"KG";2.39;5.98;1.99;4.98;2.39;2.39;"8017596132413";"TORTE I ROLADE"
".GYOZA S POVRĆEM 400g";"017894501";"TRE MULINI";0.4;"KG";3.49;8.73;0;0;0;3.49;"8017596046338";"ZAMRZNUTA POLUGOTOVA JELA"
".GYOZA SA SVINJETINOM 400g";"017894601";"TRE MULINI";0.4;"KG";3.49;8.73;0;0;0;3.49;"8017596046345";"ZAMRZNUTA POLUGOTOVA JELA"
".GYOZA S KOZICAMA";"017894701";"TRE MULINI";0.4;"KG";4.49;11.23;0;0;0;4.99;"8017596046352";"ZAMRZNUTA POLUGOTOVA JELA"
"PESTO DO PAPRIKE I ORAHA 190g";"017895301";"DELIZIE DAL SOLE";0.19;"KG";1.69;8.89;0;0;0;1.69;"24100441";"RAJČICA/DODACI"
"KRPE ZA BRISANJE PRASINE 3D 24kom";"017900201";"SISTEMA CASA";1;"PZ";1.59;1.59;0;0;0;1.59;"8017596106070";"PROIZVODI ZA UREĐENJE DOMA"
".SPAGHETTI ALLA CARBONARA 550g";"017926601";"TRE MULINI";0.55;"KG";3.49;6.35;0;0;0;3.49;"8017596046376";"ZAMRZNUTA POLUGOTOVA JELA"
"GEL ZA TUŠ.HIB.FEL./C.DUD MOŠ.750ml";"017926901";"NEAR YOUR XXX";0.75;"LT";1.49;1.99;0;0;0;1.49;"8017596019684";"KOZMETIKA/NJEGA TIJELA I LICA"
"GEL ZA TUŠ.HIB.FEL./C.DUD MOŠ.750ml";"017926901";"NEAR YOUR XXX";0.75;"LT";1.49;1.99;0;0;0;1.49;"8017596132253";"KOZMETIKA/NJEGA TIJELA I LICA"
"GEL ZA TUŠ.CED.BER./ARG.PAČ.750ml";"017927001";"NEAR YOUR XXX";0.75;"LT";1.49;1.99;0;0;0;1.49;"8017596132284";"KOZMETIKA/NJEGA TIJELA I LICA"
"GEL ZA TUŠ.CED.BER./ARG.PAČ.750ml";"017927001";"NEAR YOUR XXX";0.75;"LT";1.49;1.99;0;0;0;1.49;"8017596132277";"KOZMETIKA/NJEGA TIJELA I LICA"
".ČIPS SENF 150g";"017927301";"MAMBO KIDS";0.15;"KG";0.99;6.6;0;0;0;0.99;"8017596132987";"KEKSI/VAFLI/SNACKS"
".TARALLI MULTIPACK 10X50g";"017928201";"TRE MULINI";0.5;"KG";1.59;3.18;0;0;0;1.59;"8017596132741";"PEKARSKI PROIZVODI"
".KRUH ZA SANDWICH 500g";"017928401";"TRE MULINI";0.5;"KG";1.89;3.78;0;0;0;1.89;"8017596132857";"PEKARSKI PROIZVODI"
"DETERDŽENT RUB. BICARBONATO 2,95lt";"017932401";"DEXAL";2.925;"LT";3.99;1.36;0;0;0;3.99;"8017596132222";"SRED. ZA PRANJE RUBLJA/POSUĐA"
"INSTANT TJESTENINA LJUTA 65g";"017932501";"TRE MULINI";0.065;"KG";0.99;15.23;0;0;0;0.99;"8017596133328";"JUHE/DEHIDRIRANI PROIZVODI"
"INSTANT TJEST. GAMBERI/ČEŠNJ 65g";"017932601";"TRE MULINI";0.065;"KG";0.99;15.23;0;0;0;0.99;"8017596133335";"JUHE/DEHIDRIRANI PROIZVODI"
"MEKI BISKVIT KAK. KRE. ZVJEZD. 300g";"017934601";"DOLCIANDO";0.3;"KG";2.29;7.63;0;0;0;2.29;"8017596132956";"BISKVIT PROIZVODI/KROASAN"
"TORTILLA 300g";"017934701";"MAMBO KIDS";0.3;"KG";1.69;5.63;0;0;0;1.69;"8017596132840";"KEKSI/VAFLI/SNACKS"
"PJENA KUP.KOK.JASM./NARC.ORH. 750ml";"017936001";"NEAR YOUR XXX";0.75;"LT";1.49;1.99;0;0;0;1.49;"8017596132246";"KOZMETIKA/NJEGA TIJELA I LICA"
"PJENA KUP.KOK.JASM./NARC.ORH. 750ml";"017936001";"NEAR YOUR XXX";0.75;"LT";1.49;1.99;0;0;0;1.49;"8017596132239";"KOZMETIKA/NJEGA TIJELA I LICA"
"GEL ZA TUŠ.ARG./TALK 500ml";"017936101";"NEAR YOUR XXX";0.5;"LT";1.79;3.58;0;0;0;1.79;"8017596132307";"KOZMETIKA/NJEGA TIJELA I LICA"
"GEL ZA TUŠ.ARG./TALK 500ml";"017936101";"NEAR YOUR XXX";0.5;"LT";1.79;3.58;0;0;0;1.79;"8017596132291";"KOZMETIKA/NJEGA TIJELA I LICA"
"GEL ZA TUŠ. BAM.ALOE/ZOB VAN. 500ml";"017936201";"NEAR YOUR XXX";0.5;"LT";1.79;3.58;0;0;0;1.79;"8017596132338";"KOZMETIKA/NJEGA TIJELA I LICA"
"GEL ZA TUŠ. BAM.ALOE/ZOB VAN. 500ml";"017936201";"NEAR YOUR XXX";0.5;"LT";1.79;3.58;0;0;0;1.79;"8017596132345";"KOZMETIKA/NJEGA TIJELA I LICA"
"KEKSI NOVELLINI 350g";"017938101";"DOLCIANDO";0.35;"KG";1.33;3.8;0;0;0;1.33;"8017596061942";"KEKSI/VAFLI/SNACKS"
"PJENA ZA KUPANJE PLANIN.BOR/IRIS 2l";"017939201";"NEAR YOUR XXX";2;"LT";2.79;1.4;0;0;0;2.79;"8017596133380";"KOZMETIKA/NJEGA TIJELA I LICA"
"PJENA ZA KUPANJE PLANIN.BOR/IRIS 2l";"017939201";"NEAR YOUR XXX";2;"LT";2.79;1.4;0;0;0;2.79;"8017596133397";"KOZMETIKA/NJEGA TIJELA I LICA"
".SWEET BAG PAW PATROL/PRINCI.190g";"017939601";"NO BRAND";0.19;"KG";3.99;21;2.99;15.74;3.99;3.99;"8030769039593";"PROIZVODI BOŽIĆ/USKRS"
".SWEET BAG PAW PATROL/PRINCI.190g";"017939601";"NO BRAND";0.19;"KG";3.99;21;2.99;15.74;3.99;3.99;"8030769039609";"PROIZVODI BOŽIĆ/USKRS"
"ŮARAPE MINI 15 DEN CRNE 2P";"017949301";"GLISSADE";1;"PZ";1.13;1.13;0;0;0;1.13;"8017596072436";"ČARAPE/BATERIJE"
"DOKOLJENKE MINI 20 DEN DRAP 2P";"017949401";"GLISSADE";1;"PZ";0.8;0.8;0;0;0;0.8;"8017596058690";"ČARAPE/BATERIJE"
"HULAHOPKE LIZA MAXI 20 DEN V.5/6 SM";"017949501";"GLISSADE";1;"PZ";1.46;1.46;0;0;0;1.46;"8017596058096";"ČARAPE/BATERIJE"
"DOKOLJENKE JOY 20 DEN SMEDE 2P";"017949601";"GLISSADE";1;"PZ";1.99;1.99;0;0;0;1.99;"8017596058713";"ČARAPE/BATERIJE"
"HULAHOPKE LIZA 20 DEN V.1/2 CRNE 2P";"017949701";"GLISSADE";1;"PZ";1.46;1.46;0;0;0;1.46;"8017596116154";"ČARAPE/BATERIJE"
"NAMAZ OD CRNIH MASLINA 190g";"017951901";"NO BRAND";0.19;"KG";1.49;7.84;0;0;0;1.49;"24103299";"RAJČICA/DODACI"
".SNACK OKUS KIS.VRHNJE/LUK 120g";"017952901";"MAMBO KIDS";0.12;"KG";0.89;7.42;0;0;0;0.85;"8017596133298";"KEKSI/VAFLI/SNACKS"
"PJENA ZA KUPANJE NEUTRO/OSVJEŽ 1l";"017953001";"NEAR YOUR XXX";1;"LT";2.25;2.25;0;0;0;2.25;"8017596133366";"KOZMETIKA/NJEGA TIJELA I LICA"
"PJENA ZA KUPANJE NEUTRO/OSVJEŽ 1l";"017953001";"NEAR YOUR XXX";1;"LT";2.25;2.25;0;0;0;2.25;"8017596133373";"KOZMETIKA/NJEGA TIJELA I LICA"
"GEL KAPS.RUBLJE 3U1 BIJELO 22kom";"017954101";"DEXAL";1;"PZ";4.99;4.99;0;0;0;4.99;"8017596132192";"SRED. ZA PRANJE RUBLJA/POSUĐA"
"GEL KAPS.RUBLJE 5U1 ŠARENO R.20kom";"017954201";"DEXAL";1;"PZ";4.99;4.99;0;0;0;4.99;"8017596132215";"SRED. ZA PRANJE RUBLJA/POSUĐA"
"GEL KAPS.RUBLJE 5U1 OMEKŠIVA? 20kom";"017954401";"DEXAL";1;"PZ";4.99;4.99;0;0;0;4.99;"8017596132208";"SRED. ZA PRANJE RUBLJA/POSUĐA"
".TORTA S KREMOM LIMUN 250g";"017954701";"DOLCIANDO";0.25;"KG";1.79;7.16;1.39;5.56;1.79;1.79;"8017596107305";"TORTE I ROLADE"
"HULAHOPKE LIZA MAXI 20 DEN V.5/6 CR";"017955701";"GLISSADE";1;"PZ";1.46;1.46;0;0;0;1.46;"8017596058089";"ČARAPE/BATERIJE"
"DOKOLJENKE JOY 20 DEN CRNE 2P";"017955801";"GLISSADE";1;"PZ";1.99;1.99;0;0;0;1.99;"8017596058706";"ČARAPE/BATERIJE"
"DOKOLJENKE MINI 20 DEN SMEDE 2P";"017955901";"NO BRAND";1;"PZ";0.8;0.8;0;0;0;0.8;"8017596058683";"ČARAPE/BATERIJE"
".GUMENI BOMBONI 200g";"017956001";"DOLCIANDO";0.2;"KG";1.29;6.45;0;0;0;1.29;"8017596133168";"SLATKIŠI I BOMBONI"
".GUMENI BOMB.CRVI 200G";"017956101";"DOLCIANDO";0.2;"KG";1.29;6.45;0.99;4.95;1.09;1.29;"8017596133151";"SLATKIŠI I BOMBONI"
"DOKOLJENKE MINI 20 DEN CRNE 2P";"017956201";"GLISSADE";1;"PZ";0.8;0.8;0;0;0;0.8;"8017596058676";"ČARAPE/BATERIJE"
"CARAPE MINI 15 DEN SMEDE 2P";"017956301";"NO BRAND";1;"PZ";1.13;1.13;0;0;0;1.13;"8017596072887";"ČARAPE/BATERIJE"
"HULAHOPKE LIZA 20 DEN V.3/4 CRNE 2P";"017956501";"GLISSADE";1;"PZ";1.46;1.46;0;0;0;1.46;"8017596116161";"ČARAPE/BATERIJE"
"HULAHOPKE LIZA 20 DEN V.1/2 SMED 2P";"017956601";"GLISSADE";1;"PZ";1.46;1.46;0;0;0;1.46;"8017596116178";"ČARAPE/BATERIJE"
"HULAHOPKE LIZA 20 DEN V.3/4 SMED 2P";"017956901";"GLISSADE";1;"PZ";1.46;1.46;0;0;0;1.46;"8017596116185";"ČARAPE/BATERIJE"
"SIR LISTIĆI 16 kom 400g";"017960101";"LAND";0.4;"KG";2.99;7.48;0;0;0;2.99;"8017596050090";"MLIJEČNI PROIZ. SVJEŽI - EGAL."
".TORTILLA PIKANT OKUS SIR 400g";"017975301";"IL BRACIERE";0.4;"KG";1.99;4.98;0;0;0;2.19;"8017596133304";"KEKSI/VAFLI/SNACKS"
"KEKSI PIŠKOTE 400g";"017981701";"DOLCIANDO";0.4;"KG";1.75;4.38;0;0;0;1.75;"8017596011947";"KEKSI/VAFLI/SNACKS"
"BOMBONI GUMENI KUPINA MALINA 200g";"017994601";"DOLCIANDO";0.2;"KG";1.29;6.45;0;0;0;1.29;"8017596114679";"SLATKIŠI I BOMBONI"
"FLOWPACK PO KUNG FU PANDA SELF";"017994701";"NO BRAND";1;"PZ";3.99;3.99;0;0;0;3.99;"8028716186223";"SELF LIQUIDATING"
"FLOWPACK TIGRESS KUNG FU PAND.SELF";"017994801";"NO BRAND";1;"PZ";0.01;0.01;0;0;0;0.01;"8028716186247";"SELF LIQUIDATING"
"FLOWPACK MANTIS+CRANE KUNG F.P SELF";"017994901";"NO BRAND";1;"PZ";0.01;0.01;0;0;0;0.01;"8028716186261";"SELF LIQUIDATING"
"FLOWPACK MONKEY+VIPER KUNG F.P.SELF";"017995001";"NO BRAND";1;"PZ";3.99;3.99;0;0;0;3.99;"8028716186285";"SELF LIQUIDATING"
"FLOWPACK ZHEN KUNG FU PANDA SELF";"017995101";"NO BRAND";1;"PZ";0.01;0.01;0;0;0;0.01;"8028716186308";"SELF LIQUIDATING"
"FLOWPACK TAI LUNG KUNG FU P. SELF";"017995201";"NO BRAND";1;"PZ";3.99;3.99;0;0;0;3.99;"8028716186322";"SELF LIQUIDATING"
".KREM NAMAZ DUO 1kg";"018004201";"DOLCIANDO";1;"KG";3.99;3.99;0;0;0;3.99;"8017596133434";"DORUČAK - PAHULJICE/NAMAZI/MED"
"WAFLI S MLIJ./KAKAO PUNJENJEM 128g";"018008901";"DOLCIANDO";0.128;"KG";1.99;15.55;0;0;0;1.99;"8017596133441";"KEKSI/VAFLI/SNACKS"
"MEKI BISKVIT ŽITARICE/KREMA 270g";"018009201";"DOLCIANDO";0.27;"KG";2.79;10.33;0;0;0;2.79;"8017596133489";"BISKVIT PROIZVODI/KROASAN"
"HULAHOPKE DAILY 20 DEN V.1/2 SMEĐE";"018010401";"GLISSADE";1;"PZ";1.33;1.33;0;0;0;1.33;"8017596058171";"ČARAPE/BATERIJE"
"HULAHOPKE DAILY 20 DEN V.3 SMEĐE";"018010501";"GLISSADE";1;"PZ";1.33;1.33;0;0;0;1.33;"8017596058195";"ČARAPE/BATERIJE"
"HULAHOPKE DAILY 20 DEN V.3 SMEĐE";"018010501";"GLISSADE";1;"PZ";1.33;1.33;0;0;0;1.33;"8017596058201";"ČARAPE/BATERIJE"
"HULAHOPKE DAILY 20 DEN V.4 SMEĐE";"018010601";"GLISSADE";1;"PZ";1.33;1.33;0;0;0;1.33;"8017596058232";"ČARAPE/BATERIJE"
"HULAHOPKE DAILY 20 DEN V.1/2 CRNE";"018011101";"GLISSADE";1;"PZ";1.33;1.33;0;0;0;1.33;"8017596058164";"ČARAPE/BATERIJE"
"HULAHOPKE DAILY 20 DEN V.3 CRNE";"018011401";"GLISSADE";1;"PZ";1.33;1.33;0;0;0;1.33;"8017596058225";"ČARAPE/BATERIJE"
"HULAHOPKE DAILY 20 DEN V.4 CRNE";"018011601";"GLISSADE";1;"PZ";1.33;1.33;0;0;0;1.33;"8017596058225";"ČARAPE/BATERIJE"
"HULAHOPKE BRAZIL 20 DEN V.1/2 SMEĐE";"018011801";"GLISSADE";1;"PZ";1.99;1.99;0;0;0;1.99;"8017596058591";"ČARAPE/BATERIJE"
"HULAHOPKE BRAZIL 20 DEN V.3 SMEĐE";"018011901";"NO BRAND";1;"PZ";1.99;1.99;0;0;0;1.99;"8017596058621";"ČARAPE/BATERIJE"
"HULAHOPKE BRAZIL 20 DEN V.4 SMEĐE";"018012001";"NO BRAND";1;"PZ";1.99;1.99;0;0;0;1.99;"8017596058652";"ČARAPE/BATERIJE"
"HULAHOPKE BRAZIL 20 DEN V.1/2 CRNE";"018012101";"GLISSADE";1;"PZ";1.99;1.99;0;0;0;1.99;"8017596058584";"ČARAPE/BATERIJE"
"HULAHOPKE BRAZIL 20 DEN V.3 CRNE";"018012201";"GLISSADE";1;"PZ";1.99;1.99;0;0;0;1.99;"8017596058614";"ČARAPE/BATERIJE"
"HULAHOPKE BRAZIL 20 DEN V.4 CRNE";"018013001";"GLISSADE";1;"PZ";1.99;1.99;0;0;0;1.99;"8017596058645";"ČARAPE/BATERIJE"
"HULAHOPKE DAILY 15 DEN V.1/2 DRAP";"018013201";"GLISSADE";1;"PZ";1.33;1.33;0;0;0;1.33;"8017596058119";"ČARAPE/BATERIJE"
"HULAHOPKE DAILY 15 DEN V.3 DRAP";"018013301";"GLISSADE";1;"PZ";1.33;1.33;0;0;0;1.33;"8017596058133";"ČARAPE/BATERIJE"
"HULAHOPKE DAILY 15 DEN V.4 DRAP";"018013401";"GLISSADE";1;"PZ";1.33;1.33;0;0;0;1.33;"8017596058157";"ČARAPE/BATERIJE"
"HULAHOPKE DAILY 15 DEN V.1/2 CRNE";"018013501";"NO BRAND";1;"PZ";1.33;1.33;0;0;0;1.33;"8017596058102";"ČARAPE/BATERIJE"
"HULAHOPKE DAILY 15 DEN V.3 CRNE";"018013601";"GLISSADE";1;"PZ";1.33;1.33;0;0;0;1.33;"8017596058126";"ČARAPE/BATERIJE"
"HULAHOPKE DAILY 15 DEN V.4 CRNE";"018013701";"GLISSADE";1;"PZ";1.33;1.33;0;0;0;1.33;"8017596058140";"ČARAPE/BATERIJE"
"HULAHOPKE ONE PIECE 20 DEN V1/2 CRN";"018013901";"GLISSADE";1;"PZ";3.98;3.98;0;0;0;3.98;"8017596116314";"ČARAPE/BATERIJE"
"HULAHOPKE ONE PIECE 20 DEN V.3 CRNE";"018014001";"GLISSADE";1;"PZ";3.98;3.98;0;0;0;3.98;"8017596116321";"ČARAPE/BATERIJE"
"HULAHOPKE ONE PIECE 20 DEN V.4 CRNE";"018014101";"GLISSADE";1;"PZ";3.98;3.98;0;0;0;3.98;"8017596116338";"ČARAPE/BATERIJE"
"HULAHOPKE ONE PIECE 20 DEN V1/2 SME";"018014201";"GLISSADE";1;"PZ";3.98;3.98;0;0;0;3.98;"8017596116345";"ČARAPE/BATERIJE"
"HULAHOPKE ONE PIECE 20 DEN V.3 SMEĐ";"018014301";"GLISSADE";1;"PZ";3.98;3.98;0;0;0;3.98;"8017596116352";"ČARAPE/BATERIJE"
"HULAHOPKE ONE PIECE 20 DEN V.4 SMEĐ";"018014401";"GLISSADE";1;"PZ";3.98;3.98;0;0;0;3.98;"8017596116369";"ČARAPE/BATERIJE"
".SALVETE 3-SLOJNE 40x40 CM 100 KOM";"018015201";"NO BRAND";1;"PZ";2.99;2.99;0;0;0;2.99;"8017596077752";"PAPIRNATI PROIZVODI"
"NAMAZ OD LJEŠNJAKA 750g";"018015601";"DOLCIANDO";0.75;"KG";3.79;5.05;0;0;0;3.79;"8017596133472";"DORUČAK - PAHULJICE/NAMAZI/MED"
"LJEŠNJAK/KAKAO KRE.S KEKSIMA 350g";"018015701";"DOLCIANDO";0.35;"KG";2.39;6.83;1.99;5.69;2.39;2.39;"8017596123305";"DORUČAK - PAHULJICE/NAMAZI/MED"
"CROISSANT S KREMOM PISTACIJA 300g";"018016501";"DOLCIANDO";0.3;"KG";2.49;8.3;0;0;0;2.49;"8017596133465";"BISKVIT PROIZVODI/KROASAN"
"KEKSI FROLLINI 1kg";"018017601";"DOLCIANDO";1;"KG";2.59;2.59;0;0;0;2.59;"8017596002938";"KEKSI/VAFLI/SNACKS"
".KEKSI FROLLINI RIŽA I MLIJEKO 1Kg";"018018401";"DOLCIANDO";1;"KG";2.99;2.99;0;0;0;2.99;"8017596129147";"KEKSI/VAFLI/SNACKS"
"CROISSANT DVOBOJNI S ČOKOL.300g";"018027301";"DOLCIANDO";0.3;"KG";2.39;7.97;0;0;0;2.39;"8017596133496";"BISKVIT PROIZVODI/KROASAN"
"KREKERI BEZ GLUTENA 240g";"018029201";"TRE MULINI";0.24;"KG";1.99;8.29;0;0;0;1.99;"8017596107671";"PEKARSKI PROIZVODI"
"ČAŠE S UZORKOM BIORAZ. 250ml 20kom";"018029901";"SISTEMA CASA";1;"PZ";1.99;1.99;0;0;0;1.99;"8017596133861";"JEDNOKR. PRIBOR/VREĆE ZA SMEĆE"
"PALAČINKE SA JAJIMA I MLIJEKOM";"018030201";"TRE MULINI";0.28;"KG";1.79;6.39;1.59;5.68;1.59;1.79;"8017596131355";"BISKVIT PROIZVODI/KROASAN"
"MARAMICE ZA UPIJANJE BOJE 36kom";"018030401";"DEXAL";1;"PZ";2.59;2.59;0;0;0;2.59;"8017596125552";"SRED. ZA PRANJE RUBLJA/POSUĐA"
"CORDON BLEU PILETINA PURETINA 245g";"018035101";"NO BRAND";0.245;"KG";1.69;6.9;0;0;0;1.69;"8008110259273";"MESO PRERAĐENO KUHANO"
".BOMBONI  GUMENI PARTY MIX 450g";"018039101";"DOLCIANDO";0.45;"KG";3.49;7.76;2.99;6.64;3.49;3.49;"8017596121158";"SLATKIŠI I BOMBONI"
"NOCCIOBISK 500g";"018047501";"DOLCIANDO";0.5;"KG";4.59;9.18;0;0;0;4.59;"8017596119193";"KEKSI/VAFLI/SNACKS"
"KEKSI PUNJENI LJEŠNJAK KREMOM 150g";"018051901";"DOLCIANDO";0.15;"KG";1.29;8.6;0;0;0;1.29;"8017596130549";"KEKSI/VAFLI/SNACKS"
"DETERDŽENT ZA RUBLJE 6,36kg 120P";"018052801";"NO BRAND";6.36;"KG";12.99;2.04;0;0;0;12.99;"8410046611450";"SRED. ZA PRANJE RUBLJA/POSUĐA"
"DETERDŽENT ZA RUBLJE 6,36kg 120P";"018052801";"NO BRAND";6.36;"KG";12.99;2.04;0;0;0;12.99;"8410046611511";"SRED. ZA PRANJE RUBLJA/POSUĐA"
"SNACK OD KUKURUZA OKUS PIZZA 120g";"018056901";"MAMBO KIDS";0.12;"KG";0.92;7.67;0;0;0;0.92;"8017596133724";"KEKSI/VAFLI/SNACKS"
"SNACK OKUS SLANINA 150g";"018062101";"MAMBO KIDS";0.15;"KG";1.49;9.93;0;0;0;1.49;"8017596133748";"KEKSI/VAFLI/SNACKS"
"OMEKŠ.RUB. MOR.POVJ/VANI 750ml";"018063201";"DEXAL";0.75;"LT";1.39;1.85;0;0;0;1.39;"8017596067623";"SRED. ZA PRANJE RUBLJA/POSUĐA"
"OMEKŠ.RUB. MOR.POVJ/VANI 750ml";"018063201";"DEXAL";0.75;"LT";1.39;1.85;0;0;0;1.39;"8017596118998";"SRED. ZA PRANJE RUBLJA/POSUĐA"
"ČAŠE PLAST. BIORAZ. 200ml 50kom";"018066901";"SISTEMA CASA";1;"PZ";1.59;1.59;0;0;0;1.59;"8017596111081";"JEDNOKR. PRIBOR/VREĆE ZA SMEĆE"
"TANJURI OVALNI CELULO.BIORAZ. 25kom";"018067201";"SISTEMA CASA";1;"PZ";3.19;3.19;0;0;0;3.19;"8017596136527";"JEDNOKR. PRIBOR/VREĆE ZA SMEĆE"
"MINI KREKER CHIA/KVINOJA 250g";"018076101";"MAMBO KIDS";0.25;"KG";1.59;6.36;0;0;0;1.59;"8017596133960";"KEKSI/VAFLI/SNACKS"
"KRAFNE S KREMOM 252g";"018078901";"DOLCIANDO";0.252;"KG";1.99;7.9;1.39;5.52;1.99;1.99;"8017596130419";"BISKVIT PROIZVODI/KROASAN"
"KRAFNE S ČOKOLA.KREMOM 252g";"018079001";"DOLCIANDO";0.252;"KG";1.99;7.9;1.39;5.52;1.99;1.99;"8017596130426";"BISKVIT PROIZVODI/KROASAN"
"VREĆICE ZAMR. VELIKE 29x42 4l 25kom";"018079801";"SISTEMA CASA";1;"PZ";0.69;0.69;0;0;0;0.69;"8017596100238";"JEDNOKR. PRIBOR/VREĆE ZA SMEĆE"
"DETERDŽENT ZA PEĆNICU I GRILL 500ml";"018079901";"NO BRAND";1;"PZ";1.99;1.99;0;0;0;1.99;"8017596074737";"SREDSTVA ZA ČIŠĆENJE"
"LEDENA KAVA LATTE MACCHIATO 250ml";"018080901";"DON JEREZ";0.25;"LT";1.09;4.36;0;0;0;1.09;"24103183";"JOGURTI I DESERTI"
"VREĆICE ZAMR. MALE 19x26cm 1l 50kom";"018084101";"SISTEMA CASA";1;"PZ";0.69;0.69;0;0;0;0.69;"8017596005571";"JEDNOKR. PRIBOR/VREĆE ZA SMEĆE"
"VREĆICE ZAMR. SRED. 23x32 2l 35kom";"018084301";"SISTEMA CASA";1;"PZ";0.69;0.69;0;0;0;0.69;"8017596100221";"JEDNOKR. PRIBOR/VREĆE ZA SMEĆE"
"VREĆICE ZA LED 18 KOCKICA 15kom";"018084401";"SISTEMA CASA";1;"PZ";0.89;0.89;0;0;0;0.89;"8017596100245";"JEDNOKR. PRIBOR/VREĆE ZA SMEĆE"
"MUFFIN BEZ GLUTENA KAPLJ.ČOKO.252g";"018094901";"AMO ESSERE SENZA GLUTINE";0.252;"KG";2.29;9.09;0;0;0;2.29;"8017596078162";"BISKVIT PROIZVODI/KROASAN"
"*MEZZELUNE JUNETINA MERLOT 250g";"018095901";"NO BRAND";0.25;"KG";3.19;12.76;2.39;9.56;3.19;3.19;"8006013986234";"DELIKATESA - DELIKATESA"
"*GIRASOLI SA SIROM 250g";"018096001";"NO BRAND";0.25;"KG";2.79;11.16;2.09;8.36;2.79;2.79;"8006013986227";"DELIKATESA - DELIKATESA"
"*MEZZELUNE SIR VRGANJI TARTUFI 250g";"018096101";"NO BRAND";0.25;"KG";2.99;11.96;2.19;8.76;2.99;2.99;"8006013986203";"DELIKATESA - DELIKATESA"
".LEDENA KAVA CAPPUC.BEZ LAKTO.230ml";"018100001";"AMO ESSERE SENZA LATTOSIO";0.23;"LT";0.79;3.43;0;0;0;0.79;"24103169";"JOGURTI I DESERTI"
"NAPITAK OD BIO ZOBI BEZ ŠEČERA 1l";"018100601";"AMO ESSERE VEG";1;"LT";1.39;1.39;0;0;0;1.39;"8017596133243";"BEZALKOHOLNA PIĆA"
"NAPITAK NA BAZI KOKOSA I RIŽE 1l";"018101202";"AMO ESSERE VEG";1;"LT";1.69;1.69;0;0;0;1.69;"8017596133274";"BEZALKOHOLNA PIĆA"
"TEKUčI SAPUN S PUMPICOM VIŠE.VR. 1l";"018105901";"NEAR YOUR XXX";1;"LT";1.69;1.69;0;0;0;1.69;"8017596134400";"KOZMETIKA/NJEGA TIJELA I LICA"
"TEKUčI SAPUN S PUMPICOM VIŠE.VR. 1l";"018105901";"NEAR YOUR XXX";1;"LT";1.69;1.69;0;0;0;1.69;"8017596134394";"KOZMETIKA/NJEGA TIJELA I LICA"
"PEČENI MIX U LJUSCI 350g SIBAMBA";"018107101";"MISTER SIBAMBA";0.35;"KG";1.99;5.69;0;0;0;1.99;"8017596131676";"VOĆE SUHO/ORAŠASTO"
"TORTICE PUNJENE JABUKAMA 200g";"018107501";"DOLCIANDO";0.2;"KG";1.39;6.95;0;0;0;1.39;"8017596133991";"BISKVIT PROIZVODI/KROASAN"
"CROISSANT MINI S KREMOM 200g";"018109501";"DOLCIANDO";0.2;"KG";1.49;7.45;0;0;0;1.49;"8017596130402";"BISKVIT PROIZVODI/KROASAN"
"TJESTENINA FARFALLE 500g";"018116401";"TRE MULINI";0.5;"KG";0.89;1.78;0;0;0;0.89;"8017596072153";"TJESTENINA"
".KEKSI FROLLINI ČOKO.KARAMELA 600g";"018116901";"DOLCIANDO";0.6;"KG";2.99;4.98;2.49;4.15;2.39;2.99;"8017596134134";"KEKSI/VAFLI/SNACKS"
"OMEKŠ.RUBLJA JASMIN/GARDENIJA 750ml";"018117901";"DEXAL";0.75;"LT";1.39;1.85;0;0;0;1.39;"8017596067616";"SRED. ZA PRANJE RUBLJA/POSUĐA"
"OMEKŠ.RUBLJA JASMIN/GARDENIJA 750ml";"018117901";"DEXAL";0.75;"LT";1.39;1.85;0;0;0;1.39;"8017596067593";"SRED. ZA PRANJE RUBLJA/POSUĐA"
"PREPEČENAC KLASIČNI 600g";"018118901";"TRE MULINI";0.6;"KG";1.99;3.32;1.49;2.48;1.99;1.99;"8017596126139";"DORUČAK - PAHULJICE/NAMAZI/MED"
"PREPEČENAC PUNOZRNATI 600g";"018119001";"TRE MULINI";0.6;"KG";1.99;3.32;1.49;2.48;1.99;1.99;"8017596126146";"DORUČAK - PAHULJICE/NAMAZI/MED"
"LISNATI SNACK S LJEŠNJAK KRE.125g";"018133701";"DOLCIANDO";0.125;"KG";1.19;9.52;0;0;0;1.19;"8017596079985";"KEKSI/VAFLI/SNACKS"
".BROWNIES-MJEŠAVINA ZA TIJESTO 300G";"018137201";"DOLCIANDO";0.3;"KG";1.39;4.63;1.19;3.97;1.39;1.39;"8017596134974";"KAKAO/DOD. ZA KOLAČE/PREHRANU"
"BOMBONI MINI NARANČA 50g";"018161601";"NO BRAND";0.05;"KG";0.89;17.8;0;0;0;0.89;"5707312008179";"SLATKIŠI I BOMBONI"
"BOMBONI MINI MENTA  50g";"018161701";"NO BRAND";0.05;"KG";0.89;17.8;0;0;0;0.89;"5707312008193";"SLATKIŠI I BOMBONI"
"RAŠPICA ZA STOPALA";"018170101";"LA NUOVA PHARMACIA";1;"PZ";1.19;1.19;0;0;0;1.19;"8017596056825";"KOZMETIKA/NJEGA TIJELA I LICA"
"STRUGALICA ZA TVRDU KOŽU STOPALA";"018170201";"LA NUOVA PHARMACIA";1;"PZ";1.99;1.99;0;0;0;1.99;"8017596056801";"KOZMETIKA/NJEGA TIJELA I LICA"
"EK. DJEV MASLINOVO ULJE DELICATO 1L";"018174401";"FRANTOIO LA ROCCA";1;"LT";8.99;8.99;0;0;0;8.99;"8017596133755";"ULJE"
"VOĆNI PRIPRAVAK ŠUM. VOĆE BIO 240g";"018186001";"AMO ESSERE BIO";0.24;"KG";2.39;9.96;0;0;0;2.39;"24102971";"DORUČAK - PAHULJICE/NAMAZI/MED"
"KOLAČ PANDORO S KOMADIMA ČOK.750g";"018193201";"NO BRAND";0.75;"KG";6.49;8.65;4.99;6.65;6.49;6.49;"8017596105479";"PROIZVODI BOŽIĆ/USKRS"
".BOŽIĆNO DRVO 200g";"018193401";"DOLCIANDO";0.2;"KG";1.99;9.95;0.99;4.95;1.99;1.99;"8017596115263";"PROIZVODI BOŽIĆ/USKRS"
"KAPLJICE TAMNE ČOKOLADE 48% 200g";"018194101";"NO BRAND";0.2;"KG";2.59;12.95;0;0;0;2.59;"8017596073495";"KAKAO/DOD. ZA KOLAČE/PREHRANU"
"MINI KUKURUZNI KREKERI BIO 100g";"018200701";"AMO ESSERE BIO";0.1;"KG";0.99;9.9;0;0;0;0.99;"8017596112675";"PEKARSKI PROIZVODI"
"MINI KREKERI KUKUR/ŽITARICE BIO 80g";"018200801";"AMO ESSERE BIO";0.08;"KG";0.99;12.38;0;0;0;0.99;"8017596112682";"PEKARSKI PROIZVODI"
"TEK.SAP. VERBENA/ORHIDEJA REFIL 1lt";"018202401";"NEAR YOUR XXX";1;"LT";1.59;1.59;0;0;0;1.59;"8017596135285";"KOZMETIKA/NJEGA TIJELA I LICA"
"TEK.SAP. VERBENA/ORHIDEJA REFIL 1lt";"018202401";"NEAR YOUR XXX";1;"LT";1.59;1.59;0;0;0;1.59;"8017596135278";"KOZMETIKA/NJEGA TIJELA I LICA"
"KOŠARA ZA KRUH";"018204601";"NO BRAND";1;"PZ";3.99;3.99;0;0;0;3.99;"8017596288028";"SELF LIQUIDATING"
"TORRONE RAZNA PUNJENJA 100g";"018216001";"DM DUCA MOSCATI";0.1;"KG";1.29;12.9;0.99;9.9;1.29;1.29;"8017596100863";"PROIZVODI BOŽIĆ/USKRS"
"TORRONE RAZNA PUNJENJA 100g";"018216001";"DM DUCA MOSCATI";0.1;"KG";1.29;12.9;0.99;9.9;1.29;1.29;"8017596100870";"PROIZVODI BOŽIĆ/USKRS"
"TORRONE RAZNA PUNJENJA 100g";"018216001";"DM DUCA MOSCATI";0.1;"KG";1.29;12.9;0.99;9.9;1.29;1.29;"8017596100856";"PROIZVODI BOŽIĆ/USKRS"
"TORRONE RAZNA PUNJENJA 100g";"018216001";"DM DUCA MOSCATI";0.1;"KG";1.29;12.9;0.99;9.9;1.29;1.29;"8017596100849";"PROIZVODI BOŽIĆ/USKRS"
"TORRONE RAZNA PUNJENJA 100g";"018216001";"DM DUCA MOSCATI";0.1;"KG";1.29;12.9;0.99;9.9;1.29;1.29;"8017596100832";"PROIZVODI BOŽIĆ/USKRS"
"KIKIRIKI SLANI 750g";"018223401";"MISTER SIBAMBA";0.75;"KG";3.99;5.32;0;0;0;3.99;"8017596017000";"VOĆE SUHO/ORAŠASTO"
"ČOK.BIJELA S KOKOSOM I BADEMOM 90g";"018228501";"DOLCIANDO";0.09;"KG";1.89;21;0;0;0;1.89;"8017596131034";"ČOKOLADE"
"CRNI ČAJ S OKUSOM LIMUNA 50g (F25)";"018232501";"LESTER HOUSE";0.05;"KG";1.29;25.8;0;0;0;1.29;"8017596133663";"KAVA/ČAJEVI/DRUGO"
"KEKS SA RIŽOM/CORNFLAKES 250g";"018233901";"DOLCIANDO";0.25;"KG";1.29;5.16;0;0;0;1.29;"8017596135339";"KEKSI/VAFLI/SNACKS"
".SNACK OD KUKURUZA OKUS PIZZA 300g";"018238501";"MAMBO KIDS";0.3;"KG";1.99;6.63;0;0;0;1.99;"8017596135346";"KEKSI/VAFLI/SNACKS"
".SNACK OD KUKURUZA I SIRA 300g";"018250801";"MAMBO KIDS";0.3;"KG";1.49;4.97;0;0;0;1.49;"8017596135650";"KEKSI/VAFLI/SNACKS"
"DENTAL STICK ZA PSE 7kom 180g";"018251301";"RADAMES";0.18;"KG";0.99;5.5;0;0;0;0.99;"8017596077592";"HRANA ZA KUĆNE LJUBIMCE"
"GOVEDINA USOLJENA 340g";"018257601";"NO BRAND";0.34;"KG";3.39;9.97;0;0;0;3.39;"3379670024072";"MESNE KONZERVE"
"GOVEDINA USOLJENA LIGHT 340g";"018257801";"NO BRAND";0.34;"KG";3.99;11.74;0;0;0;3.99;"3379670024324";"MESNE KONZERVE"
"PAPIRNATI RUČNICI 2 S,6 R,100 L";"018271301";"SOFT DREAM";1;"PZ";3.99;3.99;0;0;0;3.99;"8017596102843";"PAPIRNATI PROIZVODI"
"KIKIRIKI SLANI 250g";"018278801";"MISTER SIBAMBA";0.25;"KG";1.39;5.56;0;0;0;1.39;"8017596014405";"VOĆE SUHO/ORAŠASTO"
"SALVETE IMITACIJA TKANINE 2S,60KOM";"018282301";"SOFT DREAM";1;"PZ";1.29;1.29;0;0;0;1.29;"8017596012661";"PAPIRNATI PROIZVODI"
"INTEGRALNI KRUH S 4 ŽITARICE 400g";"018291701";"ALPENSPITZ";0.4;"KG";1.29;3.23;0.99;2.48;1.29;1.29;"8017596122209";"PEKARSKI PROIZVODI"
"MIX ORAŠASTOG VOĆA PRŽ.SL.250g";"018305801";"MISTER SIBAMBA";0.25;"KG";2.19;8.76;0;0;0;2.19;"8017596014238";"VOĆE SUHO/ORAŠASTO"
"KEKS NOCCIOBISK BOŽIĆ 500g";"018312101";"DOLCIANDO";0.5;"KG";4.59;9.18;3.69;7.38;4.59;4.59;"8017596119209";"KEKSI/VAFLI/SNACKS"
".TARALLI KAPARE I MASLINE 300g";"018312201";"TRE MULINI";0.3;"KG";0.99;3.3;0;0;0;0.99;"8017596136077";"PEKARSKI PROIZVODI"
"TERMO PLASTIČNA VREČICA 34l 52X59";"018336501";"NO BRAND";1;"PZ";1.06;1.06;0;0;0;1.06;"8017596060167";"SHOPPER"
"SIR MOZZARELLA JULIENNE 250g";"018340401";"NO BRAND";0.25;"KG";2.65;10.6;0;0;0;2.65;"8017596133878";"MLIJEČNI PROIZ. SVJEŽI - EGAL."
".HRANA ZA MACKE VISE OKUS 24X100g";"018341201";"RADAMES";2.4;"KG";6.99;2.91;0;0;0;6.99;"8017596133984";"HRANA ZA KUĆNE LJUBIMCE"
"KOMPOT VO˛NA SALATA 410g/250g";"018353401";"NO BRAND";0.25;"KG";1.39;5.56;0;0;0;1.39;"8017596102966";"VOĆE KONZERVIRANO"
".MASCHERINE FROLLE CACAO 200G";"018368901";"DOLCIANDO";0.2;"KG";1.99;9.95;1.49;7.45;1.99;1.99;"8017596135032";"PROIZVODI BOŽIĆ/USKRS"
".KOLAČ COLOMBA S KOM.ČOKOLADE 700g";"018369001";"DM DUCA MOSCATI";0.7;"KG";6.49;9.27;4.99;7.13;6.49;6.49;"8017596136169";"PROIZVODI BOŽIĆ/USKRS"
"ČOKOLADA MLIJEČNA S KOM.LJEŠ 90g";"018374201";"DOLCIANDO";0.09;"KG";1.99;22.11;0;0;0;1.99;"8017596131027";"ČOKOLADE"
"BIJELA COKOLADA SA BOMBONIMA 40g";"018374301";"NO BRAND";0.04;"KG";0.99;24.75;0;0;0;0.99;"8003535091378";"ČOKOLADE"
"COKOLADNI PRUT. S BISKVITOM 95G";"018374501";"NO BRAND";0.095;"KG";1.79;18.84;0;0;0;1.79;"8017596134868";"ČOKOLADE"
".UOVO LATTE GIOCOMANIA 500g";"018381601";"DOLCIANDO";0.5;"KG";9.99;19.98;7.99;15.98;9.99;9.99;"8017596129444";"PROIZVODI BOŽIĆ/USKRS"
".UOVO LATTE GIOCOMANIA 500g";"018381601";"DOLCIANDO";0.5;"KG";9.99;19.98;7.99;15.98;9.99;9.99;"8017596136220";"PROIZVODI BOŽIĆ/USKRS"
"KOLAČ COLOMBA S KR. CHANTILLY 750g";"018387001";"DM DUCA MOSCATI";0.75;"KG";6.99;9.32;5.99;7.99;5.99;6.99;"8017596061669";"PROIZVODI BOŽIĆ/USKRS"
"NAPITAK OD ZOBI BIO 1l";"018396101";"AMO ESSERE BIO";1;"LT";1.39;1.39;0;0;0;1.39;"8017596079664";"BEZALKOHOLNA PIĆA"
"NAPITAK OD BADEMA BEZ ŠEČERA BIO 1l";"018396201";"AMO ESSERE BIO";1;"LT";1.39;1.39;0;0;0;1.39;"8017596133250";"BEZALKOHOLNA PIĆA"
".ČOKOLADNO JAJE SNOW QUEEN 150g";"018398501";"NO BRAND";0.15;"KG";3.99;26.6;2.99;19.93;3.99;3.99;"8030769040414";"PROIZVODI BOŽIĆ/USKRS"
".ČOKOLADNO JAJE SHARK 150g";"018398701";"NO BRAND";0.15;"KG";3.99;26.6;2.99;19.93;3.99;3.99;"8030769038367";"PROIZVODI BOŽIĆ/USKRS"
".USKRŠNJE JAJE BIJELA ČOKOLADA 250g";"018398901";"DOLCIANDO";0.25;"KG";5.99;23.96;4.99;19.96;5.99;5.99;"8017596131959";"PROIZVODI BOŽIĆ/USKRS"
".ČOKO.ZEČIĆI S LJEŠ.KRE.100g";"018402501";"NO BRAND";0.1;"KG";1.49;14.9;0.99;9.9;1.49;1.49;"8008743060697";"PROIZVODI BOŽIĆ/USKRS"
".MLIJEČ.ČOKOL.PRINCES/DINO 80g";"018402601";"NO BRAND";0.08;"KG";2.29;28.63;1.49;18.63;2.29;2.29;"8034120401548";"PROIZVODI BOŽIĆ/USKRS"
".MLIJEČ.ČOKOL.PRINCES/DINO 80g";"018402601";"NO BRAND";0.08;"KG";2.29;28.63;1.49;18.63;2.29;2.29;"8034120401555";"PROIZVODI BOŽIĆ/USKRS"
".JAJA MLIJEČNA ČOKOLADA 500g";"018407301";"NO BRAND";0.5;"KG";4.99;9.98;3.99;7.98;4.99;4.99;"8000017525277";"PROIZVODI BOŽIĆ/USKRS"
"VREĆE ZA SMEĆE ŽU.70x110 110L 10kom";"018419401";"SISTEMA CASA";1;"PZ";1.39;1.39;0;0;0;1.39;"8017596061799";"JEDNOKR. PRIBOR/VREĆE ZA SMEĆE"
"SPREJ ZA SUNČANJE ZF30+250ml";"018430701";"NEAR YOUR XXX";0.25;"LT";4.99;19.96;0;0;0;4.99;"8017596136978";"KOZMETIKA/NJEGA TIJELA I LICA"
"KREMA ZA SUNČ ZA LICE SPF50+ 75ml";"018430901";"NEAR YOUR XXX";0.075;"LT";3.49;46.53;0;0;0;3.49;"8017596136985";"KOZMETIKA/NJEGA TIJELA I LICA"
"SOLARNA VODA ZA SUNČANJE 500ml";"018431001";"NEAR YOUR XXX";0.5;"LT";2.99;5.98;0;0;0;2.99;"8017596136992";"KOZMETIKA/NJEGA TIJELA I LICA"
"MLIJEČNI DESERT CARAMEL 6X100g";"018431701";"DOLCIANDO";0.6;"KG";1.69;2.82;0;0;0;1.69;"8017596133885";"JOGURTI I DESERTI"
"MLIJEKO ZA SUNČANJE ZF30 250ml";"018432901";"NEAR YOUR XXX";0.25;"LT";4.99;19.96;0;0;0;4.99;"8017596137005";"KOZMETIKA/NJEGA TIJELA I LICA"
"SPREJ ZA SUNČANJE ZF20+250ml";"018433001";"NEAR YOUR XXX";0.25;"LT";3.99;15.96;0;0;0;3.99;"8017596135957";"KOZMETIKA/NJEGA TIJELA I LICA"
"MLIJEKO ZA SUNČANJE ZF50 250ml";"018433101";"NEAR YOUR XXX";0.25;"LT";5.99;23.96;0;0;0;5.99;"8017596135995";"KOZMETIKA/NJEGA TIJELA I LICA"
"SPREJ ZA SUNČANJE ZF50+250ml";"018433301";"NEAR YOUR XXX";0.25;"LT";6.99;27.96;0;0;0;6.99;"8017596135988";"KOZMETIKA/NJEGA TIJELA I LICA"
"KREMA ZA SUN DJEČJA SPF50+200ml";"018433901";"NEAR YOUR XXX";0.2;"LT";5.99;29.95;0;0;0;5.99;"8017596135971";"KOZMETIKA/NJEGA TIJELA I LICA"
"MLIJEKO ZA POSLIJE SUNČANJA 500ml";"018434701";"NEAR YOUR XXX";0.5;"LT";2.99;5.98;0;0;0;2.99;"8017596137357";"KOZMETIKA/NJEGA TIJELA I LICA"
"SPREJ ZA SUNČA. DJEČJI ZF50+250ml";"018435001";"NEAR YOUR XXX";0.25;"LT";6.99;27.96;0;0;0;6.99;"8017596137456";"KOZMETIKA/NJEGA TIJELA I LICA"
"ULJE ZA SUNČANJE BRONZE 250ml";"018435101";"NEAR YOUR XXX";0.25;"LT";3.99;15.96;0;0;0;3.99;"8017596135964";"KOZMETIKA/NJEGA TIJELA I LICA"
"GEL ZA POSLIJE SUNČANJA 200ml";"018435301";"NEAR YOUR XXX";0.2;"LT";2.49;12.45;0;0;0;2.49;"8017596135940";"KOZMETIKA/NJEGA TIJELA I LICA"
"KREMA ZA POSLIJE SUNČANJA 300ml";"018435401";"NEAR YOUR XXX";0.3;"LT";2.99;9.97;0;0;0;2.99;"8017596137340";"KOZMETIKA/NJEGA TIJELA I LICA"
"SONIC CALAMITICARS SUPER SONIC SELF";"018442301";"NO BRAND";1;"PZ";3.99;3.99;0;0;0;3.99;"8050880225019";"SELF LIQUIDATING"
"SONIC CALAMITICARS AMY SELF";"018442501";"NO BRAND";1;"PZ";3.99;3.99;0;0;0;3.99;"8050880224999";"SELF LIQUIDATING"
"SONIC CALAMITICARS TAILS SELF";"018442601";"NO BRAND";1;"PZ";3.99;3.99;0;0;0;3.99;"8050880225026";"SELF LIQUIDATING"
"SONIC CALAMITICARS SONIC SELF";"018443501";"NO BRAND";1;"PZ";3.99;3.99;0;0;0;3.99;"8050880224982";"SELF LIQUIDATING"
"SONIC CALAMITICARS SHADOW SELF";"018443601";"NO BRAND";1;"PZ";3.99;3.99;0;0;0;3.99;"8050880225002";"SELF LIQUIDATING"
"SONIC CALAMITICARS KNUCKLES SELF";"018443701";"NO BRAND";1;"PZ";3.99;3.99;0;0;0;3.99;"8050880225033";"SELF LIQUIDATING"
".TJESTENINA SPAGHETTI 1,5kg";"018452101";"TRE MULINI";1.5;"KG";1.69;1.13;0;0;0;1.69;"8017596058768";"TJESTENINA"
"GAĆICE ZA UMJER. INK. L 10kom";"018470601";"LA NUOVA PHARMACIA";1;"PZ";6.89;6.89;0;0;0;6.89;"8017596135261";"ULOŠCI/PELENE/VATE"
"GAĆICE ZA UMJER. INK. M 10kom";"018470901";"LA NUOVA PHARMACIA";1;"PZ";6.49;6.49;0;0;0;6.49;"8017596135254";"ULOŠCI/PELENE/VATE"
"SPREJ PROTIV MUHA I KOMARACA 400ml";"018479101";"NOOZE";0.4;"LT";2.49;6.23;0;0;0;2.49;"8017596062598";"INSEKTICIDI/SVIJEĆE/OSVJEŽIVAČ"
"SOK ANANAS 100% 1l";"018502201";"PUERTOSOL";1;"LT";1.99;1.99;0;0;0;1.99;"8017596011459";"BEZALKOHOLNA PIĆA"
"PIZZA MARGHERITA BASSA 160g";"018504201";"NO BRAND";0.16;"KG";1.79;11.19;0;0;0;1.79;"";"KRUH - SAMOPOSLUŽNI PULT"
"COKOLADA TAMNA 100g";"018504301";"NO BRAND";0.1;"KG";1.19;11.9;0;0;0;0.99;"8017596004154";"ČOKOLADE"
"SOK GREJP 100% 1l";"018504501";"PUERTOSOL";1;"LT";1.89;1.89;0;0;0;1.89;"8017596011473";"BEZALKOHOLNA PIĆA"
"COKOLADA MLIJEŮNA 100g";"018505201";"DOLCIANDO";0.1;"KG";1.09;10.9;0;0;0;1.09;"8017596004147";"ČOKOLADE"
"*SIR STRACCIATELLA 140g";"018516901";"NO BRAND";0.14;"KG";2.99;21.36;0;0;0;2.99;"8002626001319";"DELIKATESA - SIREVI"
"*SIR PROVOLA DIMLJENI";"018517501";"NO BRAND";1;"KG";17.9;17.9;0;0;0;17.9;"";"DELIKATESA - SIREVI"
"SOK NARANČA 100% 1l";"018522701";"PUERTOSOL";1;"LT";2.39;2.39;0;0;0;2.39;"8017596011480";"BEZALKOHOLNA PIĆA"
"NAPOLITANKE VANILIJA 200g";"018527301";"DOLCIANDO";0.2;"KG";1.09;5.45;0;0;0;1.09;"8017596065261";"KEKSI/VAFLI/SNACKS"
"MORTADELLA BOLOGNA IGP FF 150g";"018528901";"FRESCHE FETTE";0.15;"KG";2.35;15.67;0;0;0;2.35;"8017596052452";"SALAME SVJEŽE - EGALIZIRANE"
"COKOLADA LJESNJAK 100g";"018544301";"NO BRAND";0.1;"KG";0.99;9.9;0;0;0;0.99;"8017596004161";"ČOKOLADE"
"SVINJSKA SLABINA I LEĐA BK ODREZAK";"070000101";"NO BRAND";1;"KG";7.99;7.99;0;0;0;7.99;"";"MESO SVINJSKO"
"SVINJSKA SLABINA I LEĐA BEZ KOSTI";"070000102";"NO BRAND";1;"KG";7.49;7.49;0;0;0;7.49;"";"MESO SVINJSKO"
"PILEĆI FILE OD PRSA ODRESCI";"070000301";"NO BRAND";1;"KG";8.59;8.59;0;0;0;8.59;"";"MESO PERADI"
"PILEĆA PRSA BK SK";"070000302";"NO BRAND";1;"KG";5.99;5.99;0;0;0;5.99;"";"MESO PERADI"
"PUREĆI FILE KLASA A";"070000401";"NO BRAND";1;"KG";11.99;11.99;0;0;0;11.99;"";"MESO PERADI"
"SVINJSKA REBRA SK ODREZAK";"070000601";"NO BRAND";1;"KG";7.3;7.3;0;0;0;7.3;"";"MESO SVINJSKO"
"SVINJSKA REBRA S KOŽOM";"070000801";"NO BRAND";1;"KG";4.99;4.99;0;0;0;4.99;"";"MESO SVINJSKO"
"SVINJSKI VRAT BEZ KOSTI ODREZAK";"070001101";"NO BRAND";1;"KG";5.49;5.49;0;0;0;5.49;"";"MESO SVINJSKO"
"SVINJSKI BUT BK ODREZAK";"070001201";"NO BRAND";1;"KG";6.99;6.99;0;0;0;6.99;"";"MESO SVINJSKO"
"SV.CARSKO MESO S.K. NAREZANO";"070001401";"NO BRAND";1;"KG";6.39;6.39;0;0;0;5.69;"";"MESO SVINJSKO"
"SVINJSKA REBRA";"070001601";"NO BRAND";1;"KG";6.79;6.79;0;0;0;6.79;"";"MESO SVINJSKO"
"SVINJSKI BUT BK";"070001801";"NO BRAND";1;"KG";6.69;6.69;3.99;3.99;6.69;6.69;"";"MESO SVINJSKO"
"SVINJSKI VRAT BEZ KOSTI KOM";"070001901";"NO BRAND";1;"KG";5.49;5.49;0;0;0;5.49;"";"MESO SVINJSKO"
"SVINJSKI FILE";"070002001";"NO BRAND";1;"KG";8.89;8.89;0;0;0;8.89;"";"MESO SVINJSKO"
"SVINJSKE GULAŠ KOCKE";"070002101";"NO BRAND";1;"KG";6.19;6.19;0;0;0;6.19;"";"MESO SVINJSKO"
"SVINJSKA KOLJENICA SK";"070002201";"NO BRAND";1;"KG";4.29;4.29;0;0;0;4.29;"";"MESO SVINJSKO"
"SVINJSKE NOGICE";"070002401";"NO BRAND";1;"KG";1.99;1.99;0;0;0;1.99;"";"IZNUTRICE"
"SVINJSKE KOŽICE";"070002501";"NO BRAND";1;"KG";1.19;1.19;0;0;0;1.19;"";"IZNUTRICE"
"SVINJSKA GLAVA";"070002601";"NO BRAND";1;"KG";1.49;1.49;0;0;0;1.49;"";"IZNUTRICE"
"SVINJSKE MESNATE KOSTI";"070002901";"NO BRAND";1;"KG";1.79;1.79;0;0;0;1.79;"";"MESO SVINJSKO"
"SVJEZA PORCHETTA BK ZACINJENA ";"070003001";"NO BRAND";1;"KG";7.99;7.99;0;0;0;7.99;"";"MESO SVINJSKO"
"ODOJAK";"070003201";"NO BRAND";1;"KG";7.99;7.99;0;0;0;7.99;"";"MESO SVINJSKO"
"SVINJSKA JETRA";"070003301";"NO BRAND";1;"KG";3.59;3.59;0;0;0;3.59;"";"IZNUTRICE"
"JUNEĆA POTRBUŠINA";"070003901";"NO BRAND";1;"KG";10.39;10.39;0;0;0;10.39;"";"MESO GOVEĐE"
"JUNEĆA KOLJENICA BEZ KOSTI";"070004201";"NO BRAND";1;"KG";11.19;11.19;0;0;0;11.19;"";"MESO GOVEĐE"
"JUNEĆA LOPATICA BK";"070004301";"NO BRAND";1;"KG";11.99;11.99;0;0;0;11.99;"";"MESO GOVEĐE"
"JUNEĆI BUT BK";"070004401";"NO BRAND";1;"KG";13.99;13.99;0;0;0;13.99;"";"MESO GOVEĐE"
"JUNEĆA SLABINA I LEĐA BEZ KOSTI";"070004801";"NO BRAND";1;"KG";15.39;15.39;0;0;0;15.39;"";"MESO GOVEĐE"
"JUNEĆI VRAT I ZAPLEĆAK BEZ KOSTI";"070005101";"NO BRAND";1;"KG";11.29;11.29;0;0;0;11.99;"";"MESO GOVEĐE"
"JUNEĆE KOCKE ZA GULAŠ";"070005601";"NO BRAND";1;"KG";14.39;14.39;0;0;0;14.39;"";"MESO GOVEĐE"
"JUNEĆI VRAT SK";"070005801";"NO BRAND";1;"KG";6.99;6.99;0;0;0;6.99;"";"MESO GOVEĐE"
"JUNEĆA SLABINA I LEĐA BK ODREZAK";"070008001";"NO BRAND";1;"KG";15.99;15.99;0;0;0;15.99;"";"MESO GOVEĐE"
"JUNEĆA PRSA/REBRA SK";"070008301";"NO BRAND";1;"KG";8.99;8.99;0;0;0;8.99;"";"MESO GOVEĐE"
"JUNEĆA SLABINA I LEĐA SK BB ODREZAK";"070008401";"NO BRAND";1;"KG";11.79;11.79;0;0;0;11.79;"";"MESO GOVEĐE"
"JUNEĆI BIFTEK";"070008701";"NO BRAND";1;"KG";38.99;38.99;0;0;0;38.99;"";"MESO GOVEĐE"
"JUNEĆA JETRA";"070008901";"NO BRAND";1;"KG";3.89;3.89;0;0;0;3.89;"";"IZNUTRICE"
"JUNEĆE SRCE";"070009601";"NO BRAND";1;"KG";3.99;3.99;0;0;0;3.99;"";"IZNUTRICE"
"JUNEĆI JEZIK";"070009801";"NO BRAND";1;"KG";6.99;6.99;0;0;0;6.99;"";"IZNUTRICE"
"JUNEĆE KOSTI";"070010201";"NO BRAND";1;"KG";2.99;2.99;0;0;0;2.99;"";"MESO GOVEĐE"
"JUNEĆE MLJEVENO MESO";"070010301";"NO BRAND";1;"KG";11.99;11.99;0;0;0;11.99;"";"MESO GOVEĐE"
"MIJEŠANO MLJEVENO MESO";"070010501";"NO BRAND";1;"KG";7.99;7.99;0;0;0;7.99;"";"MESO SVINJSKO"
"SVINJSKO MLJEVENO MESO";"070010601";"NO BRAND";1;"KG";5.39;5.39;0;0;0;5.39;"";"MESO SVINJSKO"
"TELEĆE MLJEVENO MESO";"070010901";"NO BRAND";1;"KG";9.99;9.99;0;0;0;9.89;"";"MESO TELEĆE"
"PUREĆE MLJEVENO MESO";"070011101";"NO BRAND";1;"KG";4.99;4.99;0;0;0;5.84;"";"MESO PERADI"
"JUNEĆI BURGER";"070011201";"NO BRAND";1;"KG";9.99;9.99;0;0;0;8.99;"";"MESO GOVEĐE"
"SVINJSKI VRAT SK ODREZAK";"070011801";"NO BRAND";1;"KG";6.19;6.19;0;0;0;6.19;"";"MESO SVINJSKO"
"PEČENICE OBITELJSKO PAKIRANJE";"070012001";"NO BRAND";1;"KG";6.89;6.89;0;0;0;6.89;"";"KOBASICE SVJEŽE"
"JUNEĆI BUT BK ODREZAK";"070012301";"NO BRAND";1;"KG";15.99;15.99;0;0;0;15.69;"";"MESO GOVEĐE"
"PILE CIJELO X2";"070012701";"NO BRAND";1;"KG";2.98;2.98;0;0;0;2.98;"";"MESO PERADI"
"PILEĆI RAŽNJIĆI OD FILEA";"070016201";"NO BRAND";1;"KG";8.89;8.89;0;0;0;8.89;"";"MESO PRERAĐENO"
"PUNJENA PLJESKAVICA";"070017801";"NO BRAND";1;"KG";7.29;7.29;0;0;0;7.29;"";"MESO PRIPREMLJENO"
"SVJEZE ROLANO PILE BK ZAČINJENO ";"070018601";"NO BRAND";1;"KG";5.49;5.49;0;0;0;5.49;"";"MESO PRIPREMLJENO"
"PILEĆI FILE OD PRSA KLASA A";"070023901";"NO BRAND";1;"KG";7.99;7.99;0;0;0;7.99;"";"MESO PERADI"
"ROŠTILJ KOBASICA OBITELJSKO PAK.";"070024101";"NO BRAND";1;"KG";6.99;6.99;0;0;0;6.99;"";"KOBASICE SVJEŽE"
"PEČENICE";"070024201";"NO BRAND";1;"KG";8.39;8.39;0;0;0;8.39;"";"KOBASICE SVJEŽE"
"SV.CARSKO MESO S.K.MARINIRANO";"070028301";"NO BRAND";1;"KG";5.99;5.99;0;0;0;5.99;"";"MESO PRIPREMLJENO"
"MIX JUNETINE ZA JUHU";"070029101";"NO BRAND";1;"KG";7.99;7.99;0;0;0;7.99;"";"MESO GOVEĐE"
"TELEĆA REBRA U CHILI MARINADI";"070030201";"NO BRAND";1;"KG";9.49;9.49;0;0;0;9.49;"";"MESO TELEĆE"
"ZAČINJENI PILEĆI FILE";"070031001";"NO BRAND";1;"KG";8.39;8.39;0;0;0;7.99;"";"MESO PRIPREMLJENO"
"PILE CIJELO";"070031101";"NO BRAND";1;"KG";3.09;3.09;0;0;0;3.09;"";"MESO PERADI"
"PILEĆI GRILL MIX ZAČINJENO";"070031501";"NO BRAND";1;"KG";4.99;4.99;0;0;0;5.99;"";"MESO PERADI"
"PILEĆA ZADNJA ČETVRT (BATAK I ZABAT";"070031601";"NO BRAND";1;"KG";3.29;3.29;0;0;0;3.29;"";"MESO PERADI"
"FILE PILEĆEG ZABATKA";"070031801";"NO BRAND";1;"KG";7.19;7.19;0;0;0;7.09;"";"MESO PERADI"
"PILEĆI BATAK SKK";"070031901";"NO BRAND";1;"KG";4.39;4.39;0;0;0;4.39;"";"MESO PERADI"
"PILEĆI ZABATAK SKK";"070032001";"NO BRAND";1;"KG";4.39;4.39;0;0;0;4.39;"";"MESO PERADI"
"PILEĆA KRILA KLASA";"070032301";"NO BRAND";1;"KG";3.95;3.95;0;0;0;3.95;"";"MESO PERADI"
"PILEĆA JETRA";"070032901";"NO BRAND";1;"KG";2.79;2.79;0;0;0;2.79;"";"IZNUTRICE"
"PUREĆI FILE ODREZAK";"070033001";"NO BRAND";1;"KG";13.99;13.99;0;0;0;13.99;"";"MESO PERADI"
"PUREĆI BATAK KLASA A";"070033201";"NO BRAND";1;"KG";3.19;3.19;0;0;0;3.19;"";"MESO PERADI"
"PUREĆI ZABATAK KLASA A";"070033301";"NO BRAND";1;"KG";5.99;5.99;0;0;0;5.99;"";"MESO PERADI"
"PUREĆA KRILA KLASA A";"070033501";"NO BRAND";1;"KG";3.89;3.89;0;0;0;3.89;"";"MESO PERADI"
"SVJEŽA MLADA PATKA BEZ IZNUTRICA";"070035401";"NO BRAND";1;"KG";5.49;5.49;0;0;0;5.49;"";"MESO PERADI"
"POLOVICA MLADE PATKE";"070035501";"NO BRAND";1;"KG";5.79;5.79;0;0;0;5.79;"";"MESO PERADI"
"JANJEĆA GLAVA";"070036301";"NO BRAND";1;"KG";12.99;12.99;0;0;0;12.99;"";"IZNUTRICE"
"TELEĆA SLABINA I LEĐA SK BF";"070037301";"NO BRAND";1;"KG";14.99;14.99;12.89;12.89;14.99;14.99;"";"MESO TELEĆE"
"TELECI BUT BK";"070037701";"NO BRAND";1;"KG";15.99;15.99;0;0;0;15.99;"";"MESO TELEĆE"
"TELEĆA LOPATICA B.K.";"070037801";"NO BRAND";1;"KG";13.99;13.99;0;0;0;13.99;"";"MESO TELEĆE"
"TELEĆA REBRA/PRSA/FLAM";"070038001";"NO BRAND";1;"KG";9.59;9.59;0;0;0;8.59;"";"MESO TELEĆE"
"TELEĆI VRAT S.K";"070038301";"NO BRAND";1;"KG";9.59;9.59;0;0;0;8.39;"";"MESO TELEĆE"
"TELEĆA KOLJENICA SK";"070038501";"NO BRAND";1;"KG";10.49;10.49;0;0;0;10.99;"";"MESO TELEĆE"
"MLADA TELEĆA JETRICA";"070039501";"NO BRAND";1;"KG";11.99;11.99;0;0;0;11.99;"";"IZNUTRICE"
"SVINJSKA KOLJENICA SK MARINIRANA";"070040601";"NO BRAND";1;"KG";4.59;4.59;0;0;0;4.59;"";"MESO PRIPREMLJENO"
"SVJEZE PILECE ROLADICE BK ZAČINJENO";"070041701";"NO BRAND";1;"KG";5.99;5.99;0;0;0;5.99;"";"MESO PRIPREMLJENO"
"PILEĆI BATAK OBITELJSKO PAKIRANJE";"070042401";"NO BRAND";1;"KG";4.09;4.09;0;0;0;4.09;"";"MESO PERADI"
"PILEĆI ZABATAK OBITELJSKO PAKIRANJE";"070042501";"NO BRAND";1;"KG";4.09;4.09;0;0;0;4.09;"";"MESO PERADI"
"MESNE POLPETE";"070043101";"NO BRAND";1;"KG";7.29;7.29;0;0;0;7.29;"";"MESO PRIPREMLJENO"
"ĆEVAPČIĆI";"070045101";"NO BRAND";1;"KG";7.55;7.55;0;0;0;7.55;"";"KOBASICE SVJEŽE"
"ĆEVAPČIĆI 100% JUNETINA";"070045102";"NO BRAND";1;"KG";9.99;9.99;0;0;0;9.99;"";"KOBASICE SVJEŽE"
"JUNEĆA SLABINA I LEĐA SK BF KOM";"070046301";"NO BRAND";1;"KG";10.99;10.99;0;0;0;10.99;"";"MESO GOVEĐE"
"SVINJSKA PEČENKA U OVOJNICI";"070047001";"NO BRAND";1;"KG";6.5;6.5;0;0;0;6.5;"";"MESO PRIPREMLJENO"
"SVINJSKA LEĐNA SLANINA";"070048501";"NO BRAND";1;"KG";3.49;3.49;0;0;0;3.49;"";"MESO SVINJSKO"
"JUNEĆA KOLJENICA SK";"070052001";"NO BRAND";1;"KG";10.69;10.69;0;0;0;10.69;"";"MESO GOVEĐE"
"SVINJSKO MLJEVENO MESO OBIT.PAK.";"070058201";"NO BRAND";1;"KG";4.07;4.07;0;0;0;4.07;"";"MESO SVINJSKO"
"PIL.KRILA ZAČINJENA";"070058801";"NO BRAND";1;"KG";4.89;4.89;0;0;0;4.89;"";"MESO PRIPREMLJENO"
"PILEĆI ZABATAK BKK ZAČINJENO";"070059001";"NO BRAND";1;"KG";7.09;7.09;0;0;0;7.09;"";"MESO PRIPREMLJENO"
"ROŠTILJ KOBASICA";"070060101";"NO BRAND";1;"KG";6.89;6.89;0;0;0;6.89;"";"KOBASICE SVJEŽE"
"GRILL PILE ZAČINJ.NA PODLOŠKU";"070062901";"NO BRAND";1;"KG";3.99;3.99;0;0;0;3.99;"";"MESO PRIPREMLJENO"
"SVINJSKA LEĐA SK U CHILI MARINADI";"070063601";"NO BRAND";1;"KG";6.49;6.49;0;0;0;6.49;"";"MESO PRIPREMLJENO"
"SVINJSKA LOPATICA BK";"070064301";"NO BRAND";1;"KG";5.49;5.49;0;0;0;5.49;"";"MESO SVINJSKO"
"SVINJSKI VRAT SK U KOMADU";"070064501";"NO BRAND";1;"KG";5.99;5.99;0;0;0;5.99;"";"MESO SVINJSKO"
"SV.CARSKO MESO S.K.";"070064801";"NO BRAND";1;"KG";5.99;5.99;0;0;0;5.29;"";"MESO SVINJSKO"
"SVINJSKI VRAT BK U CHILI MARINADI";"070065801";"NO BRAND";1;"KG";7.49;7.49;0;0;0;7.49;"";"MESO PRIPREMLJENO"
"ŠIŠ ĆEVAPI";"070069001";"NO BRAND";1;"KG";7.39;7.39;0;0;0;7.39;"";"MESO PRERAĐENO"
"PILEĆI BATAK ZABATAK BKK ZAČINJUNO";"070069101";"NO BRAND";1;"KG";7.59;7.59;0;0;0;7.59;"";"MESO PRIPREMLJENO"
"PILEĆI BATAK ZABATAK SKK ZAČINJENO";"070070201";"NO BRAND";1;"KG";5.39;5.39;0;0;0;5.39;"";"MESO PRIPREMLJENO"
"PLJESKAVICA TELEĆA";"070073101";"NO BRAND";1;"KG";9.99;9.99;0;0;0;9.99;"";"MESO TELEĆE"
"TELEĆA LOPATICA SK";"070073201";"NO BRAND";1;"KG";9.59;9.59;0;0;0;8.49;"";"MESO TELEĆE"
"SVINJSKI RAŽNJIĆI";"070077301";"NO BRAND";1;"KG";6.99;6.99;0;0;0;6.99;"";"MESO PRERAĐENO"
"SVINJSKI VRAT SK U CHILI MARINADI";"070077601";"NO BRAND";1;"KG";4.99;4.99;0;0;0;6.49;"";"MESO PRIPREMLJENO"
"SVINJSKA POLOVICA EWG RASJEK";"070082501";"NO BRAND";1;"KG";3.99;3.99;0;0;0;3.99;"";"MESO SVINJSKO"
"MLADA JANJETINA BEZ GLAVE";"070085601";"NO BRAND";1;"KG";13.49;13.49;0;0;0;14.99;"";"MESO JANJEĆE/OVČIJE"
"JUNEĆE TRIPICE/FILEKI";"070087701";"NO BRAND";1;"KG";6.69;6.69;0;0;0;6.69;"";"IZNUTRICE"
"SVINJSKA REBRA U CHILI MARINADI";"070091201";"NO BRAND";1;"KG";6.99;6.99;0;0;0;6.99;"";"MESO PRIPREMLJENO"
"PILEĆA LEĐA/HRBAT";"070092101";"NO BRAND";1;"KG";1.99;1.99;0;0;0;1.99;"";"MESO JANJEĆE/OVČIJE"
"SVINJSKA KARE REBRA";"070092501";"NO BRAND";1;"KG";5.99;5.99;0;0;0;5.99;"";"MESO SVINJSKO"
"SVINJSKA SLABINA I LEĐA SK BF ODREZ";"070093401";"NO BRAND";1;"KG";6.39;6.39;0;0;0;6.39;"";"MESO SVINJSKO"
"JUNEĆA PLJESKAVICA 100%";"070095401";"NO BRAND";1;"KG";11.09;11.09;0;0;0;11.09;"";"MESO GOVEĐE"
"SVINJSKI PRSNI VRŠCI SK";"070095501";"NO BRAND";1;"KG";3.79;3.79;0;0;0;3.79;"";"MESO SVINJSKO"
"PIL.KRILA BEZ ŠPICA";"070095601";"NO BRAND";1;"KG";4.39;4.39;0;0;0;4.39;"";"MESO PERADI"
"PIL.KRILA ZAD.DIO";"070095701";"NO BRAND";1;"KG";6.29;6.29;0;0;0;6.29;"";"MESO PERADI"
"PIL.KRILA SRE.DIO";"070095801";"NO BRAND";1;"KG";4.49;4.49;0;0;0;4.49;"";"MESO PERADI"
"PILEĆA PRSA SKK";"070095901";"NO BRAND";1;"KG";5.59;5.59;0;0;0;5.59;"";"MESO PERADI"
"FILE PIL.BAT.I ZAB.";"070096001";"NO BRAND";1;"KG";7.39;7.39;0;0;0;7.29;"";"MESO PERADI"
"PIL BAT I ZAB SKK";"070096101";"NO BRAND";1;"KG";5.05;5.05;0;0;0;5.05;"";"MESO PERADI"
"PLJESKAVICA";"070096701";"NO BRAND";1;"KG";6.59;6.59;0;0;0;6.39;"";"MESO GOVEĐE"
"ĆEVAPČIĆI TELEĆI";"070097301";"NO BRAND";1;"KG";8.89;8.89;0;0;0;9.99;"";"MESO TELEĆE"
"TELEĆE KOSTI";"070097401";"NO BRAND";1;"KG";2.99;2.99;0;0;0;2.99;"";"MESO TELEĆE"
"SVINJSKA SLABINA I LEDA SK KOMAD";"070097601";"NO BRAND";1;"KG";6.19;6.19;4.49;4.49;6.19;6.19;"";"MESO SVINJSKO"
"PILEĆI BATAK SKK ZAČINJENO";"070097701";"NO BRAND";1;"KG";4.59;4.59;0;0;0;4.59;"";"MESO PRIPREMLJENO"
"KRVAVICE";"070099001";"NO BRAND";1;"KG";6.89;6.89;0;0;0;6.89;"";"KOBASICE SVJEŽE"
"CARSKO MESO ZA SUŠENJE";"070200001";"NO BRAND";1;"KG";4.99;4.99;0;0;0;4.99;"";"MESO SVINJSKO"
"DOMAĆE CARSKO MESO ZA SUŠENJE";"070200101";"NO BRAND";1;"KG";5.29;5.29;0;0;0;5.29;"";"MESO SVINJSKO"
"SVINJSKI BUT SK ZA SUŠENJE";"070200201";"NO BRAND";1;"KG";5.89;5.89;0;0;0;5.89;"";"MESO SVINJSKO"
"SVINJSKA LOPATICA ZA SUŠENJE";"070200301";"NO BRAND";1;"KG";5.29;5.29;0;0;0;5.29;"";"MESO SVINJSKO"
"SVINJSKA LEĐA S KOSTI I KOŽOM";"070200401";"NO BRAND";1;"KG";5.49;5.49;0;0;0;5.49;"";"MESO SVINJSKO"
"SVINJSKO MLJEVENO MESO ZA KOBASICE";"070200501";"NO BRAND";1;"KG";5.19;5.19;0;0;0;5.19;"";"MESO SVINJSKO"
"PUREĆA ROLADA";"070200601";"NO BRAND";1;"KG";7.17;7.17;0;0;0;7.17;"";"MESO PERADI"
"CIJELA MINI PURICA";"070200701";"NO BRAND";1;"KG";7.96;7.96;0;0;0;7.96;"";"MESO PERADI"
"ĆEVAPČIĆI OBITELJSKO PAKIRANJE";"070200801";"NO BRAND";1;"KG";7.39;7.39;0;0;0;7.39;"";"MESO PRIPREMLJENO"
"GRILL MIX OBITELJSKO PAKIRANJE";"070200901";"NO BRAND";1;"KG";4.99;4.99;0;0;0;5.99;"";"MESO OSTALO"
"MIJEŠANO MLJEV.MESO OBITELJ.PAK";"070201001";"NO BRAND";1;"KG";7.25;7.25;0;0;0;7.05;"";"MESO MLJEVENO"
"SVINJ.SLAB.I LEĐA BK OBITELJ.PAK";"070201101";"NO BRAND";1;"KG";5.99;5.99;0;0;0;5.99;"";"MESO SVINJSKO"
"SVINJSKI BUT OBITELJSKO PAK.";"070201201";"NO BRAND";1;"KG";6.49;6.49;0;0;0;5.35;"";"MESO SVINJSKO"
"SVINJ.SLABI.LEĐA SK BF OBITELJ.PAK.";"070201301";"NO BRAND";1;"KG";5.99;5.99;0;0;0;5.89;"";"MESO SVINJSKO"
"SVINJSKI VRAT.SK OBITELJSKO PAK.";"070201401";"NO BRAND";1;"KG";5.79;5.79;0;0;0;5.79;"";"MESO SVINJSKO"
"PUREĆI BATAK I ZABATAK SKK";"070201501";"NO BRAND";1;"KG";4.99;4.99;0;0;0;4.99;"";"MESO PERADI"
"PILEĆI ZABATAK BKK OBITELJSKO PAK.";"070201601";"NO BRAND";1;"KG";6.89;6.89;0;0;0;6.89;"";"MESO PERADI"
"PILEĆI FILE OD PRSA OBITELJSKO PAK.";"070201701";"NO BRAND";1;"KG";7.39;7.39;5.99;5.99;5.99;7.39;"";"MESO PERADI"
"PILEĆI GRILL MIX OBITELJSKO PAK.";"070201801";"NO BRAND";1;"KG";5.79;5.79;0;0;0;5.79;"";"MESO PERADI"
"PUREĆI FILE OBITELJSKO PAKIRANJE";"070201901";"NO BRAND";1;"KG";10.49;10.49;0;0;0;10.49;"";"MESO PERADI"
"SVINJSKA SLABINA I LEĐA BK PANIRANA";"070202201";"NO BRAND";1;"KG";7.56;7.56;0;0;0;7.56;"";"MESO PRERAĐENO"
"SVINSKI BUT BK PANIRANI ODREZAK";"070202301";"NO BRAND";1;"KG";7.29;7.29;0;0;0;7.29;"";"MESO PRERAĐENO"
"TELEĆI BUT BK PANIRANI ODREZAK";"070202401";"NO BRAND";1;"KG";14.69;14.69;0;0;0;14.69;"";"MESO PRERAĐENO"
"TELEĆA SLABINA I LEĐA SK PANIRANA";"070202501";"NO BRAND";1;"KG";15.49;15.49;0;0;0;15.49;"";"MESO PRERAĐENO"
"JUNEĆA SLABINA I LEĐA BK PANIRANA";"070202601";"NO BRAND";1;"KG";15.99;15.99;0;0;0;15.99;"";"MESO PRERAĐENO"
"JUNEĆI BUT BK PANIRANI";"070202701";"NO BRAND";1;"KG";13.89;13.89;0;0;0;13.89;"";"MESO PRERAĐENO"
"SVINJSKI OMBOLO ZAČINJENI";"070202801";"NO BRAND";1;"KG";8.29;8.29;0;0;0;8.29;"";"MESO PRERAĐENO"
"PANIRANI PILEĆI FILE";"070202901";"NO BRAND";1;"KG";8.79;8.79;0;0;0;8.79;"";"MESO PRERAĐENO"
"PANIRANI PUREĆI FILE";"070203001";"NO BRAND";1;"KG";12.49;12.49;0;0;0;12.49;"";"MESO PRERAĐENO"
"JUNEĆA LEĐA BK U CHILI MARINADI";"070203101";"NO BRAND";1;"KG";10.99;10.99;0;0;0;10.99;"";"MESO GOVEĐE"
"JUNEĆA LEĐA BK U MEDITERAN MARINADI";"070203201";"NO BRAND";1;"KG";10.99;10.99;0;0;0;10.99;"";"MESO GOVEĐE"
"SVINJSKA LEĐA BK U CHILI MARINADI";"070203301";"NO BRAND";1;"KG";7.99;7.99;0;0;0;7.99;"";"MESO SVINJSKO"
"SVINIJSKA LEĐA BK U MEDIT.MARINADI";"070203401";"NO BRAND";1;"KG";7.99;7.99;0;0;0;7.99;"";"MESO SVINJSKO"
"SVINJSKA REBRA U MEDITERAN MARINADI";"070203501";"NO BRAND";1;"KG";6.99;6.99;0;0;0;6.99;"";"MESO SVINJSKO"
"SVINJSKA LEĐA SK U MEDIT.MARINADI";"070203601";"NO BRAND";1;"KG";6.49;6.49;0;0;0;6.49;"";"MESO SVINJSKO"
"SVINJSKI VRAT BK U MEDIT.MARINADI";"070203701";"NO BRAND";1;"KG";7.49;7.49;0;0;0;7.49;"";"MESO SVINJSKO"
"SVINJSKI VRAT SK U MEDIT.MARINADI";"070203801";"NO BRAND";1;"KG";4.99;4.99;0;0;0;6.49;"";"MESO SVINJSKO"
"TELEĆA REBRA U MEDITERAN MARINADI";"070203901";"NO BRAND";1;"KG";9.49;9.49;0;0;0;9.49;"";"MESO TELEĆE"
"JUNEĆA LEĐA SK BB U CHILI MARINADI";"070204001";"NO BRAND";1;"KG";8.63;8.63;0;0;0;8.63;"";"MESO GOVEĐE"
"JUNEĆA LEĐA SK BB U MEDIT.MARINADI";"070204101";"NO BRAND";1;"KG";8.63;8.63;0;0;0;8.63;"";"MESO GOVEĐE"
"TELEĆA LEĐA SK BF U CHILI MARINADI";"070204201";"NO BRAND";1;"KG";15.39;15.39;0;0;0;15.39;"";"MESO TELEĆE"
"TELEĆA LEĐA SK BF U MEDIT.MARINADI";"070204301";"NO BRAND";1;"KG";15.39;15.39;0;0;0;15.39;"";"MESO TELEĆE"
"SVINJSKA LEĐA SK GRILL";"070204401";"NO BRAND";1;"KG";6.29;6.29;0;0;0;6.29;"";"MESO SVINJSKO"
"SVINJSKI VRAT SK GRILL";"070204501";"NO BRAND";1;"KG";6.29;6.29;0;0;0;6.29;"";"MESO SVINJSKO"
"PLEĆA SRCA";"070204601";"NO BRAND";1;"KG";3.05;3.05;0;0;0;3.05;"";"MESO PERADI"
"ĆEVAPČIĆI I BURGER MIX 100% JUNET.";"070204701";"NO BRAND";1;"KG";9.99;9.99;0;0;0;8.99;"";"MESO OSTALO"
"PUREĆI RAŽNJIĆI OD FILEA";"070204801";"NO BRAND";1;"KG";12.49;12.49;0;0;0;12.49;"";"MESO OSTALO"
"JUNEĆE MLJEVENO MESO OBITELJSKO PAK";"070204901";"NO BRAND";1;"KG";10.99;10.99;0;0;0;11.09;"";"MESO GOVEĐE"
"PILEĆE KOSTI";"070205001";"NO BRAND";1;"KG";0.26;0.26;0;0;0;0.26;"";"MESO PERADI"
"SVINJSKI BUT BK - RESTORAN";"070205101";"NO BRAND";1;"KG";6.19;6.19;0;0;0;6.19;"";"MESO SVINJSKO"
"SVINJSKI KARE SK - RESTORAN";"070205201";"NO BRAND";1;"KG";5.29;5.29;0;0;0;5.29;"";"MESO SVINJSKO"
"MIJEŠ.MLJEVENO MESO-RESTORAN";"070205301";"NO BRAND";1;"KG";6.79;6.79;0;0;0;6.79;"";"MESO OSTALO"
"JENEĆE MIJEVENO MESO - RESTORAN";"070205401";"NO BRAND";1;"KG";9.99;9.99;0;0;0;9.99;"";"MESO GOVEĐE"
"PUREĆI FILE - RESTORAN";"070205501";"NO BRAND";1;"KG";9.99;9.99;0;0;0;9.99;"";"MESO PERADI"
"PILEĆA ZADNJA ČETVRT OBITELJSKO PAK";"070205601";"NO BRAND";1;"KG";2.99;2.99;0;0;0;2.99;"";"MESO PERADI"
"JUNEĆI BUT BK OBITELJSKO PAKIRANJE";"070205701";"NO BRAND";1;"KG";12.99;12.99;0;0;0;12.99;"";"MESO GOVEĐE"
"DOMAĆA JANJETINA BEZ GLAVE";"070205801";"NO BRAND";1;"KG";14.99;14.99;0;0;0;14.99;"";"MESO JANJEĆE/OVČIJE"
"ĆEVAPČIĆI - RESTORAN";"070205901";"NO BRAND";1;"KG";6.59;6.59;0;0;0;6.59;"";"MESO OSTALO"
"TELEĆI OSSOBUCO";"070206001";"NO BRAND";1;"KG";12.99;12.99;0;0;0;12.99;"";"MESO TELEĆE"
"SVINJSKO MESO ZA HLADETINU";"070206101";"NO BRAND";1;"KG";3.89;3.89;0;0;0;3.89;"";"MESO SVINJSKO"
"MLADA JANJETINA S GLAVOM";"070206201";"NO BRAND";1;"KG";11.49;11.49;0;0;0;12.99;"";"MESO JANJEĆE/OVČIJE"
"DOMAĆA JANJETINA S GLAVOM";"070206301";"NO BRAND";1;"KG";12.99;12.99;0;0;0;12.99;"";"MESO JANJEĆE/OVČIJE"
"PILEĆI ZABATAK BEZ KOSTI S KOŽOM";"070206401";"NO BRAND";1;"KG";6.1;6.1;0;0;0;6.1;"";"MESO PERADI"
"TELEĆI ROLANI FLAM";"070206501";"NO BRAND";1;"KG";10.99;10.99;0;0;0;10.99;"";"MESO TELEĆE"
"SVINJSKE ROLICE S KOBASICOM";"070206601";"NO BRAND";1;"KG";7.99;7.99;0;0;0;7.99;"";"MESO SVINJSKO"
"SVINJSKI KARE U POTRBUŠINI SA ZAČIN";"070206701";"NO BRAND";1;"KG";8.99;8.99;0;0;0;8.99;"";"MESO SVINJSKO"
"KUNIĆ S GLAVOM";"070206801";"NO BRAND";1;"KG";9.49;9.49;0;0;0;9.49;"";"MESO OSTALO"
"KUNIĆ BEZ GLAVE RASJEČEN";"070206901";"NO BRAND";1;"KG";10.79;10.79;0;0;0;10.79;"";"MESO OSTALO"
"PILEĆA KRILA CHILI MARINADA";"070207001";"NO BRAND";1;"KG";5.29;5.29;0;0;0;5.29;"";"MESO PERADI"
"PILEĆA KRILA ZADNJI DIO CHILI MARIN";"070207101";"NO BRAND";1;"KG";6.99;6.99;0;0;0;6.99;"";"MESO PERADI"
"PILEĆA KRILA SREDNJI DIO CHILI MAR.";"070207201";"NO BRAND";1;"KG";4.99;4.99;0;0;0;4.99;"";"MESO PERADI"
"SVINJSKA PUNJENA ROLICA";"070207301";"NO BRAND";1;"KG";9.29;9.29;0;0;0;9.29;"";"MESO OSTALO"
"SVINJSKI FILE S PANCETOM";"070207401";"NO BRAND";1;"KG";11.99;11.99;0;0;0;11.99;"";"MESO OSTALO"
"SVINJSKI FILE S PANCETOM CHILI MAR.";"070207501";"NO BRAND";1;"KG";11.99;11.99;0;0;0;11.99;"";"MESO OSTALO"
"POLOVICA SVJEŽEG PILETA";"070207701";"NO BRAND";1;"KG";3.49;3.49;0;0;0;3.49;"";"MESO PERADI"
"DOMAĆI PILEĆI FILE OD PRSA";"070207801";"NO BRAND";1;"KG";7.99;7.99;0;0;0;7.99;"";"MESO PERADI"
"DOMAĆI PILEĆI FILE OD PRSA ODREZAK";"070207901";"NO BRAND";1;"KG";8.59;8.59;5.99;5.99;8.59;8.49;"";"MESO PERADI"
"DOMAĆA PILEĆA ZADNJA ČETVRT";"070208001";"NO BRAND";1;"KG";3.35;3.35;0;0;0;3.35;"";"MESO PERADI"
"DOMAĆI FILE BATKA I ZABATKA (BKK)";"070208101";"NO BRAND";1;"KG";7.59;7.59;0;0;0;7.59;"";"MESO PERADI"
"DOMAĆA PILEĆA KRILA BEZ VRŠKA";"070208201";"NO BRAND";1;"KG";4.39;4.39;0;0;0;4.39;"";"MESO PERADI"
"DOMAĆI PILEĆI ZABATAK SKK";"070208301";"NO BRAND";1;"KG";3.98;3.98;0;0;0;3.98;"";"MESO PERADI"
"DOMAĆI PILEĆI BATAK SKK";"070208401";"NO BRAND";1;"KG";3.98;3.98;0;0;0;3.98;"";"MESO PERADI"
"DOMAĆA PILEĆA PRSA BEZ KOŽE SK";"070208501";"NO BRAND";1;"KG";5.79;5.79;0;0;0;5.79;"";"MESO PERADI"
"DOMAĆA PILEĆA PRSA SKK";"070208601";"NO BRAND";1;"KG";5.69;5.69;0;0;0;5.69;"";"MESO PERADI"
"DOMAĆI PILEĆI BATAK I ZABATAK";"070208701";"NO BRAND";1;"KG";5.09;5.09;0;0;0;5.09;"";"MESO PERADI"
"SVJEŽA SVINJSKA KOBASICA ZA SUŠENJE";"070208801";"NO BRAND";1;"KG";5.99;5.99;0;0;0;5.99;"";"MESO SVINJSKO"
"JUNEĆI BUT ZA PAŠTICADU";"070208901";"NO BRAND";1;"KG";13.79;13.79;0;0;0;13.79;"";"MESO GOVEĐE"
"MLADA JUNETINA BUT RUŽA BK";"070209001";"NO BRAND";1;"KG";14.29;14.29;0;0;0;14.29;"";"MESO GOVEĐE"
"SUDŽUKICA JUNEĆA KOBASICA";"070209101";"NO BRAND";1;"KG";10.99;10.99;0;0;0;10.99;"";"MESO OSTALO"
"ĆEVAPČIĆI MIJEŠANI CLASSIC";"070209201";"NO BRAND";1;"KG";7.29;7.29;0;0;0;7.29;"";"MESO OSTALO"
"TELEĆA ROŠTILJ KOBASICA";"070209301";"NO BRAND";1;"KG";9.99;9.99;0;0;0;9.99;"";"MESO OSTALO"
"DOMAĆE SVJEŽE PILE NA PODLOŠKU";"070209401";"NO BRAND";1;"KG";3.09;3.09;0;0;0;3.09;"";"MESO PERADI"
"GRILL SVINJSKA KOLJENICA SK";"070209501";"NO BRAND";1;"KG";2.89;2.89;0;0;0;3.59;"";"MESO SVINJSKO"
"ROŠTILJ KOBASICA MIJEŠANA PREMIUM";"070209601";"NO BRAND";1;"KG";8.99;8.99;0;0;0;8.99;"";"KOBASICE SVJEŽE"
"PEČENICE MIJEŠANE PREMIUM";"070209701";"NO BRAND";1;"KG";8.89;8.89;0;0;0;8.89;"";"KOBASICE SVJEŽE"
"TELEĆE TRIPICE";"070209801";"NO BRAND";1;"KG";7.99;7.99;0;0;0;7.99;"";"IZNUTRICE"
"PAČJA PRSA S KOŽOM";"070209901";"NO BRAND";1;"KG";8.99;8.99;0;0;0;8.99;"";"MESO PERADI"
"PAČJA ZADNJA ČETVRT";"070210001";"NO BRAND";1;"KG";4.99;4.99;0;0;0;4.99;"";"MESO PERADI"
"PAČJA KRILA";"070210101";"NO BRAND";1;"KG";4.49;4.49;0;0;0;4.49;"";"MESO PERADI"
"ODOJAK PREMIUM";"070210201";"NO BRAND";1;"KG";9.49;9.49;0;0;0;9.49;"";"MESO SVINJSKO"
"PILEĆI FILE OD PRSA - RESTORAN";"070210301";"NO BRAND";1;"KG";6.99;6.99;0;0;0;6.69;"";"MESO PERADI"
"DOMAĆI FILE PILEĆEG ZABATKA(BKK)";"070210401";"NO BRAND";1;"KG";7.39;7.39;0;0;0;7.39;"";"MESO PERADI"
"DOMAĆI PILEĆI ZABATAK S DIJEL.LEĐA";"070210501";"NO BRAND";1;"KG";2.39;2.39;0;0;0;3.19;"";"MESO PERADI"
"PILEĆA PREDNJA ČETVRT";"070210601";"NO BRAND";1;"KG";2.99;2.99;0;0;0;3.89;"";"MESO PERADI"
"CARSKO MESO OBITELJSKO PAKIRANJE";"070210701";"NO BRAND";1;"KG";5.69;5.69;0;0;0;4.99;"";"MESO SVINJSKO"
"ODOJAK I PRASETINA";"070210801";"NO BRAND";1;"KG";7.99;7.99;0;0;0;7.99;"";"MESO SVINJSKO"
"TELECI BUT RUŽA BK";"070210901";"NO BRAND";1;"KG";16.49;16.49;0;0;0;16.49;"";"MESO SVINJSKO"
"BIO BOSILJAK U TEGLAMA";"080000201";"NO BRAND";1;"PZ";1.79;1.79;0;0;0;1.79;"3859892705008";"ZAČINSKO SVJEŽE BILJE U VAZI"
"BIO BOSILJAK U TEGLAMA";"080000201";"NO BRAND";1;"PZ";1.79;1.79;0;0;0;1.79;"3856021223747";"ZAČINSKO SVJEŽE BILJE U VAZI"
"BEGONIJA";"080001101";"NO BRAND";1;"PZ";1.99;1.99;1.69;1.69;1.99;1.99;"9999999999994";"SOBNO BILJE"
"BEGONIJA";"080001101";"NO BRAND";1;"PZ";1.99;1.99;1.69;1.69;1.99;1.99;"3858891693095";"SOBNO BILJE"
"BEGONIJA";"080001101";"NO BRAND";1;"PZ";1.99;1.99;1.69;1.69;1.99;1.99;"3858891691657";"SOBNO BILJE"
"NEPHROLEPIS";"080002101";"NO BRAND";1;"PZ";4.49;4.49;0;0;0;4.49;"9999999999994";"SOBNO BILJE"
"NEPHROLEPIS";"080002101";"NO BRAND";1;"PZ";4.49;4.49;0;0;0;4.49;"3858894412259";"SOBNO BILJE"
"ZUMBUL";"080002801";"NO BRAND";1;"PZ";3.69;3.69;0;0;0;3.69;"9999999999994";"SOBNO BILJE"
"ZUMBUL";"080002801";"NO BRAND";1;"PZ";3.69;3.69;0;0;0;3.69;"3858894411832";"SOBNO BILJE"
"HORTENZIJA";"080003601";"NO BRAND";1;"PZ";12.99;12.99;0;0;0;12.99;"9999999999994";"SOBNO BILJE"
"HORTENZIJA";"080003601";"NO BRAND";1;"PZ";12.99;12.99;0;0;0;12.99;"3858891690452";"SOBNO BILJE"
"JAGLAC";"080004001";"NO BRAND";1;"PZ";0.99;0.99;0;0;0;0.99;"9999999999994";"SOBNO BILJE"
"JAGLAC";"080004001";"NO BRAND";1;"PZ";0.99;0.99;0;0;0;0.99;"3858891670639";"SOBNO BILJE"
"JAGLAC";"080004001";"NO BRAND";1;"PZ";0.99;0.99;0;0;0;0.99;"3858891692135";"SOBNO BILJE"
"JAGLAC";"080004001";"NO BRAND";1;"PZ";0.99;0.99;0;0;0;0.99;"3858891690636";"SOBNO BILJE"
"SANSEVERIA";"080004401";"NO BRAND";1;"PZ";7.99;7.99;0;0;0;9.99;"9999999999994";"SOBNO BILJE"
"SANSEVERIA";"080004401";"NO BRAND";1;"PZ";7.99;7.99;0;0;0;9.99;"3858894413010";"SOBNO BILJE"
"TREŠNJA 500g";"080005701";"NO BRAND";0.5;"KG";6.49;12.98;0;0;0;2.99;"9999999999994";"MARELICE/TREŠNJE"
"TREŠNJA 500g";"080005701";"NO BRAND";0.5;"KG";6.49;12.98;0;0;0;2.99;"3858885875063";"MARELICE/TREŠNJE"
"TREŠNJA 500g";"080005701";"NO BRAND";0.5;"KG";6.49;12.98;0;0;0;2.99;"8436588100788";"MARELICE/TREŠNJE"
"TREŠNJA 500g";"080005701";"NO BRAND";0.5;"KG";6.49;12.98;0;0;0;2.99;"3859892029128";"MARELICE/TREŠNJE"
"TREŠNJA 500g";"080005701";"NO BRAND";0.5;"KG";6.49;12.98;0;0;0;2.99;"3859892561505";"MARELICE/TREŠNJE"
"NARANČA 2kg";"080006701";"NO BRAND";2;"KG";2.48;1.24;0;0;0;2.58;"9999999999994";"NARANČE"
"NARANČA 2kg";"080006701";"NO BRAND";2;"KG";2.48;1.24;0;0;0;2.58;"3859890192060";"NARANČE"
"NARANČA 2kg";"080006701";"NO BRAND";2;"KG";2.48;1.24;0;0;0;2.58;"3859892806149";"NARANČE"
"NARANČA 2kg";"080006701";"NO BRAND";2;"KG";2.48;1.24;0;0;0;2.58;"8056736998601";"NARANČE"
"NARANČA 2kg";"080006701";"NO BRAND";2;"KG";2.48;1.24;0;0;0;2.58;"3830050933488";"NARANČE"
"NARANČA 2kg";"080006701";"NO BRAND";2;"KG";2.48;1.24;0;0;0;2.58;"8436588101808";"NARANČE"
"NARANČA 2kg";"080006701";"NO BRAND";2;"KG";2.48;1.24;0;0;0;2.58;"3859892668006";"NARANČE"
"NARANČA 2kg";"080006701";"NO BRAND";2;"KG";2.48;1.24;0;0;0;2.58;"3830034710043";"NARANČE"
"NARANČA 2kg";"080006701";"NO BRAND";2;"KG";2.48;1.24;0;0;0;2.58;"8437022068022";"NARANČE"
"NARANČA 2kg";"080006701";"NO BRAND";2;"KG";2.48;1.24;0;0;0;2.58;"8437022068206";"NARANČE"
"NARANČA 2kg";"080006701";"NO BRAND";2;"KG";2.48;1.24;0;0;0;2.58;"8437022068053";"NARANČE"
"NARANČA 2kg";"080006701";"NO BRAND";2;"KG";2.48;1.24;0;0;0;2.58;"8437022068084";"NARANČE"
"NARANČA 2kg";"080006701";"NO BRAND";2;"KG";2.48;1.24;0;0;0;2.58;"8437022068138";"NARANČE"
"NARANČA 2kg";"080006701";"NO BRAND";2;"KG";2.48;1.24;0;0;0;2.58;"8437022068060";"NARANČE"
"NARANČA 2kg";"080006701";"NO BRAND";2;"KG";2.48;1.24;0;0;0;2.58;"8437022068114";"NARANČE"
"JAGODE 250g";"080009102";"NO BRAND";0.25;"KG";1.69;6.76;0;0;0;1.69;"9999999999994";"JAGODE"
"JAGODE 250g";"080009102";"NO BRAND";0.25;"KG";1.69;6.76;0;0;0;1.69;"3859891767878";"JAGODE"
"JAGODE 250g";"080009102";"NO BRAND";0.25;"KG";1.69;6.76;0;0;0;1.69;"8400047033504";"JAGODE"
"JAGODE 250g";"080009102";"NO BRAND";0.25;"KG";1.69;6.76;0;0;0;1.69;"8436588100252";"JAGODE"
"JAGODE 250g";"080009102";"NO BRAND";0.25;"KG";1.69;6.76;0;0;0;1.69;"3859892924126";"JAGODE"
"JAGODE 250g";"080009102";"NO BRAND";0.25;"KG";1.69;6.76;0;0;0;1.69;"3850334057266";"JAGODE"
"JAGODE 250g";"080009102";"NO BRAND";0.25;"KG";1.69;6.76;0;0;0;1.69;"8058056197023";"JAGODE"
"JAGODE 250g";"080009102";"NO BRAND";0.25;"KG";1.69;6.76;0;0;0;1.69;"6223003900397";"JAGODE"
"JAGODA DOMAĆA 500g";"080009201";"NO BRAND";0.5;"KG";2.99;5.98;0;0;0;2.99;"9999999999994";"JAGODE"
"JAGODA DOMAĆA 500g";"080009201";"NO BRAND";0.5;"KG";2.99;5.98;0;0;0;2.99;"3859889267052";"JAGODE"
"JAGODA DOMAĆA 500g";"080009201";"NO BRAND";0.5;"KG";2.99;5.98;0;0;0;2.99;"3858885875056";"JAGODE"
"JAGODA DOMAĆA 500g";"080009201";"NO BRAND";0.5;"KG";2.99;5.98;0;0;0;2.99;"3859892924041";"JAGODE"
"JAGODA DOMAĆA 500g";"080009201";"NO BRAND";0.5;"KG";2.99;5.98;0;0;0;2.99;"3859891767274";"JAGODE"
"JAGODA DOMAĆA 500g";"080009201";"NO BRAND";0.5;"KG";2.99;5.98;0;0;0;2.99;"3859892765026";"JAGODE"
"JAGODA DOMAĆA 500g";"080009201";"NO BRAND";0.5;"KG";2.99;5.98;0;0;0;2.99;"3858893251828";"JAGODE"
"KIWI 1kg";"080009701";"NO BRAND";1;"KG";2.49;2.49;0;0;0;2.99;"9999999999994";"KIWI"
"KIWI 1kg";"080009701";"NO BRAND";1;"KG";2.49;2.49;0;0;0;2.99;"3830050933495";"KIWI"
"KIWI 1kg";"080009701";"NO BRAND";1;"KG";2.49;2.49;0;0;0;2.99;"8606021600438";"KIWI"
"KIWI 1kg";"080009701";"NO BRAND";1;"KG";2.49;2.49;0;0;0;2.99;"3838900270394";"KIWI"
"KIWI 1kg";"080009701";"NO BRAND";1;"KG";2.49;2.49;0;0;0;2.99;"8032449007595";"KIWI"
"KIWI 1kg";"080009701";"NO BRAND";1;"KG";2.49;2.49;0;0;0;2.99;"8056736910689";"KIWI"
"KIWI 1kg";"080009701";"NO BRAND";1;"KG";2.49;2.49;0;0;0;2.99;"8052478560038";"KIWI"
"JABUKA CRVENA 2kg";"080010301";"NO BRAND";2;"KG";1.99;1;0;0;0;1.99;"9999999999994";"JABUKE"
"JABUKA CRVENA 2kg";"080010301";"NO BRAND";2;"KG";1.99;1;0;0;0;1.99;"3859892765293";"JABUKE"
"JABUKA CRVENA 2kg";"080010301";"NO BRAND";2;"KG";1.99;1;0;0;0;1.99;"3859889267960";"JABUKE"
"JABUKA CRVENA 2kg";"080010301";"NO BRAND";2;"KG";1.99;1;0;0;0;1.99;"0721688066439";"JABUKE"
"JABUKA CRVENA 2kg";"080010301";"NO BRAND";2;"KG";1.99;1;0;0;0;1.99;"3850334049117";"JABUKE"
"MALINE 125g";"080016402";"NO BRAND";0.125;"KG";2.19;17.52;0;0;0;2.49;"9999999999994";"VOĆE BOBIČASTO"
"MALINE 125g";"080016402";"NO BRAND";0.125;"KG";2.19;17.52;0;0;0;2.49;"3858885875759";"VOĆE BOBIČASTO"
"MALINE 125g";"080016402";"NO BRAND";0.125;"KG";2.19;17.52;0;0;0;2.49;"3859880908991";"VOĆE BOBIČASTO"
"MALINE 125g";"080016402";"NO BRAND";0.125;"KG";2.19;17.52;0;0;0;2.49;"3859892924010";"VOĆE BOBIČASTO"
"MALINE 125g";"080016402";"NO BRAND";0.125;"KG";2.19;17.52;0;0;0;2.49;"3859893161001";"VOĆE BOBIČASTO"
"MALINE 125g";"080016402";"NO BRAND";0.125;"KG";2.19;17.52;0;0;0;2.49;"8436588100443";"VOĆE BOBIČASTO"
"MALINE 125g";"080016402";"NO BRAND";0.125;"KG";2.19;17.52;0;0;0;2.49;"3859889267243";"VOĆE BOBIČASTO"
"MALINE 125g";"080016402";"NO BRAND";0.125;"KG";2.19;17.52;0;0;0;2.49;"8058056197610";"VOĆE BOBIČASTO"
"BOROVNICA  125g";"080016502";"NO BRAND";0.125;"KG";1.49;11.92;0;0;0;1.49;"9999999999994";"VOĆE BOBIČASTO"
"BOROVNICA  125g";"080016502";"NO BRAND";0.125;"KG";1.49;11.92;0;0;0;1.49;"3859890192589";"VOĆE BOBIČASTO"
"BOROVNICA  125g";"080016502";"NO BRAND";0.125;"KG";1.49;11.92;0;0;0;1.49;"7751043000313";"VOĆE BOBIČASTO"
"BOROVNICA  125g";"080016502";"NO BRAND";0.125;"KG";1.49;11.92;0;0;0;1.49;"8436588100450";"VOĆE BOBIČASTO"
"BOROVNICA  125g";"080016502";"NO BRAND";0.125;"KG";1.49;11.92;0;0;0;1.49;"8013912500065";"VOĆE BOBIČASTO"
"BOROVNICA  125g";"080016502";"NO BRAND";0.125;"KG";1.49;11.92;0;0;0;1.49;"3859890192590";"VOĆE BOBIČASTO"
"BOROVNICA  125g";"080016502";"NO BRAND";0.125;"KG";1.49;11.92;0;0;0;1.49;"843701262355";"VOĆE BOBIČASTO"
"BOROVNICA  125g";"080016502";"NO BRAND";0.125;"KG";1.49;11.92;0;0;0;1.49;"8437012623255";"VOĆE BOBIČASTO"
"BOROVNICA  125g";"080016502";"NO BRAND";0.125;"KG";1.49;11.92;0;0;0;1.49;"8013912500652";"VOĆE BOBIČASTO"
"BOROVNICA  125g";"080016502";"NO BRAND";0.125;"KG";1.49;11.92;0;0;0;1.49;"8058056197689";"VOĆE BOBIČASTO"
"KUPINA 125g";"080016702";"NO BRAND";0.125;"KG";2.99;23.92;0;0;0;2.99;"9999999999994";"VOĆE BOBIČASTO"
"KUPINA 125g";"080016702";"NO BRAND";0.125;"KG";2.99;23.92;0;0;0;2.99;"3858885875513";"VOĆE BOBIČASTO"
"KUPINA 125g";"080016702";"NO BRAND";0.125;"KG";2.99;23.92;0;0;0;2.99;"3859893161032";"VOĆE BOBIČASTO"
"KUPINA 125g";"080016702";"NO BRAND";0.125;"KG";2.99;23.92;0;0;0;2.99;"8436588100917";"VOĆE BOBIČASTO"
"KUPINA 125g";"080016702";"NO BRAND";0.125;"KG";2.99;23.92;0;0;0;2.99;"8058056197665";"VOĆE BOBIČASTO"
"MARELICA rfz";"080020901";"NO BRAND";1;"KG";6.99;6.99;0;0;0;15;"";"MARELICE/TREŠNJE"
"MINI LUBENICA rfz";"080021501";"NO BRAND";1;"KG";1.99;1.99;0;0;0;1.99;"";"LUBENICE"
"NARANČA rfz";"080021701";"NO BRAND";1;"KG";1.29;1.29;0.95;0.95;1.29;1.29;"";"NARANČE"
"BANANE rfz";"080022402";"NO BRAND";1;"KG";1.44;1.44;0;0;0;1.44;"";"BANANE"
"KIWI rfz";"080023401";"NO BRAND";1;"KG";3.79;3.79;0;0;0;3.99;"";"KIWI"
"LIMUN rfz";"080023702";"NO BRAND";1;"KG";1.49;1.49;0;0;0;1.49;"";"LIMUNI"
"JABUKA FUJI rfz";"080024101";"NO BRAND";1;"KG";1.89;1.89;0;0;0;1.89;"";"JABUKE"
"JABUKA ZLATNI DELIŠES rfz";"080024501";"NO BRAND";1;"KG";1.39;1.39;0;0;0;1.39;"";"JABUKE"
"JABUKA GRANNY SMITH rfz";"080024701";"NO BRAND";1;"KG";1.89;1.89;0;0;0;1.89;"";"JABUKE"
"JABUKA CRVENI DELIŠES rfz";"080025201";"NO BRAND";1;"KG";1.89;1.89;0;0;0;1.89;"";"JABUKE"
"DINJA rfz";"080025601";"NO BRAND";1;"KG";2.99;2.99;0;0;0;2.99;"";"DINJA"
"DINJA ŽUTA rfz";"080025901";"NO BRAND";1;"KG";2.99;2.99;0;0;0;2.99;"";"DINJA"
"KRUŠKA ABATA rfz";"080026101";"NO BRAND";1;"KG";2.29;2.29;0;0;0;2.29;"";"KRUŠKE"
"KRUŠKA WILLIAMS rfz";"080027201";"NO BRAND";1;"KG";1.99;1.99;0;0;0;1.99;"";"KRUŠKE"
"BRESKVA rfz";"080027601";"NO BRAND";1;"KG";5.99;5.99;0;0;0;5.69;"";"BRESKVE/NEKTARINE"
"NEKTARINA rfz";"080027801";"NO BRAND";1;"KG";5.99;5.99;0;0;0;4.59;"";"BRESKVE/NEKTARINE"
"LIMETA rfz";"080028301";"NO BRAND";1;"KG";2.39;2.39;0;0;0;2.39;"";"AGRUMI/MANDARINE/KLEMENTINE/"
"GREJP CRVENI rfz";"080028802";"NO BRAND";1;"KG";1.99;1.99;0;0;0;1.69;"";"GREJP"
"ŠLJIVA ŽUTA RFZ";"080029401";"NO BRAND";1;"KG";4.59;4.59;0;0;0;4.59;"";"ŠLJIVE"
"ŠLJIVE CRVENE rfz";"080029801";"NO BRAND";1;"KG";3.69;3.69;0;0;0;3.69;"";"ŠLJIVE"
"GROŽĐE BIJELO rfz";"080030501";"NO BRAND";1;"KG";3.89;3.89;0;0;0;3.89;"";"GROŽĐE BIJELO"
"BRAŠNO KOKOSOVO 250g";"080031101";"NO BRAND";0.25;"KG";1.69;6.76;0;0;0;1.69;"9999999999994";"BRAŠNO"
"BRAŠNO KOKOSOVO 250g";"080031101";"NO BRAND";0.25;"KG";1.69;6.76;0;0;0;1.69;"8005912000850";"BRAŠNO"
"LJUTIKA 250g";"080031901";"NO BRAND";0.25;"KG";0.89;3.56;0;0;0;0.89;"9999999999994";"ČEŠNJAK/LUK KOZJAK"
"LJUTIKA 250g";"080031901";"NO BRAND";0.25;"KG";0.89;3.56;0;0;0;0.89;"3859891949663";"ČEŠNJAK/LUK KOZJAK"
"PERŠIN 100g";"080032501";"NO BRAND";0.1;"KG";1.05;10.5;0;0;0;1.05;"9999999999994";"SVJEŽE I SUHO ZAČINSKO BILJE"
"PERŠIN 100g";"080032501";"NO BRAND";0.1;"KG";1.05;10.5;0;0;0;1.05;"3850334049612";"SVJEŽE I SUHO ZAČINSKO BILJE"
"PERŠIN 100g";"080032501";"NO BRAND";0.1;"KG";1.05;10.5;0;0;0;1.05;"3858885875858";"SVJEŽE I SUHO ZAČINSKO BILJE"
"PERŠIN 100g";"080032501";"NO BRAND";0.1;"KG";1.05;10.5;0;0;0;1.05;"3859891767847";"SVJEŽE I SUHO ZAČINSKO BILJE"
"PERŠIN 100g";"080032501";"NO BRAND";0.1;"KG";1.05;10.5;0;0;0;1.05;"3858893060215";"SVJEŽE I SUHO ZAČINSKO BILJE"
"ŠPAROGE 500g";"080032802";"NO BRAND";0.5;"KG";3.99;7.98;0;0;0;3.99;"9999999999994";"ŠPAROGE"
"ŠPAROGE 500g";"080032802";"NO BRAND";0.5;"KG";3.99;7.98;0;0;0;3.99;"8022095020017";"ŠPAROGE"
"ŠPAROGE 500g";"080032802";"NO BRAND";0.5;"KG";3.99;7.98;0;0;0;3.99;"8436588101006";"ŠPAROGE"
"ŠPAROGE 500g";"080032802";"NO BRAND";0.5;"KG";3.99;7.98;0;0;0;3.99;"8032764120030";"ŠPAROGE"
"ŠPAROGE 500g";"080032802";"NO BRAND";0.5;"KG";3.99;7.98;0;0;0;3.99;"8059037210090";"ŠPAROGE"
"ŠPAROGE 500g";"080032802";"NO BRAND";0.5;"KG";3.99;7.98;0;0;0;3.99;"8437009177020";"ŠPAROGE"
"MRKVA 1kg";"080034201";"NO BRAND";1;"KG";1.25;1.25;0;0;0;1.25;"9999999999994";"MRKVA"
"MRKVA 1kg";"080034201";"NO BRAND";1;"KG";1.25;1.25;0;0;0;1.25;"3850334021243";"MRKVA"
"MRKVA 1kg";"080034201";"NO BRAND";1;"KG";1.25;1.25;0;0;0;1.25;"3858885875162";"MRKVA"
"MRKVA 1kg";"080034201";"NO BRAND";1;"KG";1.25;1.25;0;0;0;1.25;"3858885875766";"MRKVA"
"MRKVA 1kg";"080034201";"NO BRAND";1;"KG";1.25;1.25;0;0;0;1.25;"3859891767007";"MRKVA"
"MRKVA 1kg";"080034201";"NO BRAND";1;"KG";1.25;1.25;0;0;0;1.25;"3859894093004";"MRKVA"
"MRKVA 1kg";"080034201";"NO BRAND";1;"KG";1.25;1.25;0;0;0;1.25;"3857500102157";"MRKVA"
"MRKVA 1kg";"080034201";"NO BRAND";1;"KG";1.25;1.25;0;0;0;1.25;"3859893211270";"MRKVA"
"BROKULA 500g";"080034701";"NO BRAND";0.5;"KG";1.49;2.98;0;0;0;1.49;"9999999999994";"KUPUS/BROKULA/REPA"
"BROKULA 500g";"080034701";"NO BRAND";0.5;"KG";1.49;2.98;0;0;0;1.49;"3858893060017";"KUPUS/BROKULA/REPA"
"BROKULA 500g";"080034701";"NO BRAND";0.5;"KG";1.49;2.98;0;0;0;1.49;"8031858122011";"KUPUS/BROKULA/REPA"
"BROKULA 500g";"080034701";"NO BRAND";0.5;"KG";1.49;2.98;0;0;0;1.49;"8436588100955";"KUPUS/BROKULA/REPA"
"BROKULA 500g";"080034701";"NO BRAND";0.5;"KG";1.49;2.98;0;0;0;1.49;"8408012045002";"KUPUS/BROKULA/REPA"
"BROKULA 500g";"080034701";"NO BRAND";0.5;"KG";1.49;2.98;0;0;0;1.49;"3859891689040";"KUPUS/BROKULA/REPA"
"BROKULA 500g";"080034701";"NO BRAND";0.5;"KG";1.49;2.98;0;0;0;1.49;"8051887350100";"KUPUS/BROKULA/REPA"
"BROKULA 500g";"080034701";"NO BRAND";0.5;"KG";1.49;2.98;0;0;0;1.49;"8054953160252";"KUPUS/BROKULA/REPA"
"BROKULA 500g";"080034701";"NO BRAND";0.5;"KG";1.49;2.98;0;0;0;1.49;"8068122998126";"KUPUS/BROKULA/REPA"
"BROKULA 500g";"080034701";"NO BRAND";0.5;"KG";1.49;2.98;0;0;0;1.49;"8425264000016";"KUPUS/BROKULA/REPA"
"BROKULA 500g";"080034701";"NO BRAND";0.5;"KG";1.49;2.98;0;0;0;1.49;"8032745060058";"KUPUS/BROKULA/REPA"
"BROKULA 500g";"080034701";"NO BRAND";0.5;"KG";1.49;2.98;0;0;0;1.49;"8051827640094";"KUPUS/BROKULA/REPA"
"BROKULA 500g";"080034701";"NO BRAND";0.5;"KG";1.49;2.98;0;0;0;1.49;"8053303360007";"KUPUS/BROKULA/REPA"
"BROKULA 500g";"080034701";"NO BRAND";0.5;"KG";1.49;2.98;0;0;0;1.49;"8058056197726";"KUPUS/BROKULA/REPA"
"BROKULA 500g";"080034701";"NO BRAND";0.5;"KG";1.49;2.98;0;0;0;1.49;"8059037210007";"KUPUS/BROKULA/REPA"
"BROKULA 500g";"080034701";"NO BRAND";0.5;"KG";1.49;2.98;0;0;0;1.49;"3858893060024";"KUPUS/BROKULA/REPA"
"BROKULA 500g";"080034701";"NO BRAND";0.5;"KG";1.49;2.98;0;0;0;1.49;"3859893818363";"KUPUS/BROKULA/REPA"
"LUK MLADI kom";"080035801";"NO BRAND";1;"PZ";0.79;0.79;0;0;0;0.79;"";"LUKOVICE/PORILUK"
"SVIJEŽE KLICE OD SOJE 150g";"080038901";"NO BRAND";0.15;"KG";1.79;11.93;0;0;0;1.79;"9999999999994";"MAHUNE SVJEŽE"
"SVIJEŽE KLICE OD SOJE 150g";"080038901";"NO BRAND";0.15;"KG";1.79;11.93;0;0;0;1.79;"8012566017356";"MAHUNE SVJEŽE"
"KRUMPIR 4kg";"080041101";"NO BRAND";4;"KG";4.99;1.25;0;0;0;4.99;"9999999999994";"KRUMPIR- BATAT"
"KRUMPIR 4kg";"080041101";"NO BRAND";4;"KG";4.99;1.25;0;0;0;4.99;"7225";"KRUMPIR- BATAT"
"KRUMPIR 4kg";"080041101";"NO BRAND";4;"KG";4.99;1.25;0;0;0;4.99;"3859891949724";"KRUMPIR- BATAT"
"KRUMPIR 4kg";"080041101";"NO BRAND";4;"KG";4.99;1.25;0;0;0;4.99;"3859891088973";"KRUMPIR- BATAT"
"KRUMPIR 4kg";"080041101";"NO BRAND";4;"KG";4.99;1.25;0;0;0;4.99;"8028772001904";"KRUMPIR- BATAT"
"RAJČICA CHERRY 500g";"080042901";"NO BRAND";0.5;"KG";2.49;4.98;0;0;0;2.39;"9999999999994";"RAJČICE"
"RAJČICA CHERRY 500g";"080042901";"NO BRAND";0.5;"KG";2.49;4.98;0;0;0;2.39;"3857000002032";"RAJČICE"
"RAJČICA CHERRY 500g";"080042901";"NO BRAND";0.5;"KG";2.49;4.98;0;0;0;2.39;"3859892765644";"RAJČICE"
"RAJČICA CHERRY 500g";"080042901";"NO BRAND";0.5;"KG";2.49;4.98;0;0;0;2.39;"3859892765651";"RAJČICE"
"RAJČICA CHERRY 500g";"080042901";"NO BRAND";0.5;"KG";2.49;4.98;0;0;0;2.39;"3857500047304";"RAJČICE"
"RAJČICA CHERRY 500g";"080042901";"NO BRAND";0.5;"KG";2.49;4.98;0;0;0;2.39;"8436588102102";"RAJČICE"
"RAJČICA CHERRY 500g";"080042901";"NO BRAND";0.5;"KG";2.49;4.98;0;0;0;2.39;"38436588102102";"RAJČICE"
"RAJČICA CHERRY 500g";"080042901";"NO BRAND";0.5;"KG";2.49;4.98;0;0;0;2.39;"8436588100528";"RAJČICE"
"RAJČICA CHERRY 500g";"080042901";"NO BRAND";0.5;"KG";2.49;4.98;0;0;0;2.39;"3830050930531";"RAJČICE"
"RAJČICA CHERRY 500g";"080042901";"NO BRAND";0.5;"KG";2.49;4.98;0;0;0;2.39;"3859889267656";"RAJČICE"
"RAJČICA CHERRY 500g";"080042901";"NO BRAND";0.5;"KG";2.49;4.98;0;0;0;2.39;"3859892668013";"RAJČICE"
"RAJČICA CHERRY 500g";"080042901";"NO BRAND";0.5;"KG";2.49;4.98;0;0;0;2.39;"8172102016011";"RAJČICE"
"RAJČICA CHERRY 500g";"080042901";"NO BRAND";0.5;"KG";2.49;4.98;0;0;0;2.39;"8436588101884";"RAJČICE"
"RAJČICA CHERRY 500g";"080042901";"NO BRAND";0.5;"KG";2.49;4.98;0;0;0;2.39;"8715817700143";"RAJČICE"
"RAJČICA  DATERINO 250g";"080043201";"NO BRAND";0.25;"KG";1.49;5.96;0;0;0;1.49;"9999999999994";"RAJČICE"
"RAJČICA  DATERINO 250g";"080043201";"NO BRAND";0.25;"KG";1.49;5.96;0;0;0;1.49;"3859889267182";"RAJČICE"
"RAJČICA  DATERINO 250g";"080043201";"NO BRAND";0.25;"KG";1.49;5.96;0;0;0;1.49;"3859893818035";"RAJČICE"
"RAJČICA  DATERINO 250g";"080043201";"NO BRAND";0.25;"KG";1.49;5.96;0;0;0;1.49;"3858885879795";"RAJČICE"
"RAJČICA  DATERINO 250g";"080043201";"NO BRAND";0.25;"KG";1.49;5.96;0;0;0;1.49;"8436588102126";"RAJČICE"
"RAJČICA  DATERINO 250g";"080043201";"NO BRAND";0.25;"KG";1.49;5.96;0;0;0;1.49;"3830050932535";"RAJČICE"
"RAJČICA DATERINO 500g";"080043301";"NO BRAND";0.5;"KG";2.99;5.98;0;0;0;2.99;"9999999999994";"RAJČICE"
"RAJČICA DATERINO 500g";"080043301";"NO BRAND";0.5;"KG";2.99;5.98;0;0;0;2.99;"3859889267434";"RAJČICE"
"RAJČICA DATERINO 500g";"080043301";"NO BRAND";0.5;"KG";2.99;5.98;0;0;0;2.99;"8436588102157";"RAJČICE"
"RAJČICA DATERINO 500g";"080043301";"NO BRAND";0.5;"KG";2.99;5.98;0;0;0;2.99;"3830050932610";"RAJČICE"
"ROTKVICA 125g";"080044502";"NO BRAND";0.125;"KG";0.75;6;0;0;0;0.75;"9999999999994";"KORJEN"
"ROTKVICA 125g";"080044502";"NO BRAND";0.125;"KG";0.75;6;0;0;0;0.75;"3859890192664";"KORJEN"
"ROTKVICA 125g";"080044502";"NO BRAND";0.125;"KG";0.75;6;0;0;0;0.75;"3859892765446";"KORJEN"
"ROTKVICA 125g";"080044502";"NO BRAND";0.125;"KG";0.75;6;0;0;0;0.75;"8714745502348";"KORJEN"
"PORILUK 500g";"080049201";"NO BRAND";0.5;"KG";1.49;2.98;0;0;0;1.49;"9999999999994";"VOĆE I POVRĆE NAREZANO"
"PORILUK 500g";"080049201";"NO BRAND";0.5;"KG";1.49;2.98;0;0;0;1.49;"3830050933181";"VOĆE I POVRĆE NAREZANO"
"PORILUK 500g";"080049201";"NO BRAND";0.5;"KG";1.49;2.98;0;0;0;1.49;"3859891767281";"VOĆE I POVRĆE NAREZANO"
"SVJEŽI ŠPINAT 500g";"080049801";"FOGLIA VERDE";0.5;"KG";1.99;3.98;0;0;0;1.99;"9999999999994";"VOĆE I POVRĆE NAREZANO"
"SVJEŽI ŠPINAT 500g";"080049801";"FOGLIA VERDE";0.5;"KG";1.99;3.98;0;0;0;1.99;"8017596030214";"VOĆE I POVRĆE NAREZANO"
"SVJEŽI ŠPINAT 500g";"080049801";"FOGLIA VERDE";0.5;"KG";1.99;3.98;0;0;0;1.99;"3858890541601";"VOĆE I POVRĆE NAREZANO"
"CIKLA KUHANA 500g";"080050101";"FOGLIA VERDE";0.5;"KG";1.59;3.18;0;0;0;1.59;"9999999999994";"POVRĆE V GAMMA"
"CIKLA KUHANA 500g";"080050101";"FOGLIA VERDE";0.5;"KG";1.59;3.18;0;0;0;1.59;"3859891496723";"POVRĆE V GAMMA"
"KREM JUHA OD ŠPAROGA 620g";"080052601";"NO BRAND";0.62;"KG";2.69;4.34;0;0;0;2.69;"9999999999994";"VOĆE I POVRĆE NAREZANO"
"KREM JUHA OD ŠPAROGA 620g";"080052601";"NO BRAND";0.62;"KG";2.69;4.34;0;0;0;2.69;"8014190017061";"VOĆE I POVRĆE NAREZANO"
"JUHA TOSKANA 620g";"080052801";"NO BRAND";0.62;"KG";2.69;4.34;0;0;0;2.69;"8014190017122";"VOĆE I POVRĆE NAREZANO"
"KREM JUHA OD BUNDEVE I MRKVE 620g";"080052901";"NO BRAND";0.62;"KG";2.69;4.34;0;0;0;2.69;"9999999999994";"VOĆE I POVRĆE NAREZANO"
"KREM JUHA OD BUNDEVE I MRKVE 620g";"080052901";"NO BRAND";0.62;"KG";2.69;4.34;0;0;0;2.69;"9999999999994";"VOĆE I POVRĆE NAREZANO"
"KREM JUHA OD BUNDEVE I MRKVE 620g";"080052901";"NO BRAND";0.62;"KG";2.69;4.34;0;0;0;2.69;"8014190017092";"VOĆE I POVRĆE NAREZANO"
"MRKVA rfz";"080054401";"NO BRAND";1;"KG";0.79;0.79;0;0;0;0.79;"";"MRKVA"
"KUPUS CRVENI rfz";"080055001";"NO BRAND";1;"KG";1.49;1.49;0;0;0;1.49;"";"KUPUS-BROKULA-LISTOVI"
"KUPUS KINESKI rfz";"080055101";"NO BRAND";1;"KG";1.99;1.99;0;0;0;1.69;"";"KUPUS-BROKULA-LISTOVI"
"KELJ rfz";"080055601";"NO BRAND";1;"KG";1.49;1.49;0;0;0;1.49;"";"KUPUS-BROKULA-LISTOVI"
"KRASTAVAC rfz";"080055801";"NO BRAND";1;"KG";1.89;1.89;0;0;0;1.89;"";"KRASTAVCI"
"LUK   ŽUTI rfz";"080056301";"NO BRAND";1;"KG";0.84;0.84;0;0;0;0.84;"";"LUK-PORILKUK"
"LUK LJUBIČASTI rfz";"080056501";"NO BRAND";1;"KG";1.19;1.19;0;0;0;1.25;"";"LUK-PORILKUK"
"KOMORAČ rfz";"080056801";"NO BRAND";1;"KG";1.69;1.69;0;0;0;1.69;"";"KOMORAČ"
"GRAH TREŠNJEVAC";"080058101";"NO BRAND";1;"KG";2.49;2.49;0;0;0;2.49;"";"MAHUNARKE SUHE"
"PATLIDŽAN rfz";"080058701";"NO BRAND";1;"KG";1.69;1.69;0;0;0;1.99;"";"PATLIĐAN"
"KRUMPIR MLADI rfz";"080059302";"NO BRAND";1;"KG";0.89;0.89;0;0;0;0.89;"";"KRUMPIR"
"PAPRIKA CRVENA rfz";"080059902";"NO BRAND";1;"KG";2.99;2.99;1.99;1.99;2.99;2.99;"";"PAPRIKA"
"PAPRIKA ZELENA rfz";"080060101";"NO BRAND";1;"KG";2.99;2.99;0;0;0;2.99;"";"PAPRIKA"
"RAJČICA GRAPPOLO rfz";"080061001";"NO BRAND";1;"KG";1.99;1.99;1.49;1.49;1.99;2.69;"";"RAJČICA"
"CELER KORIJEN rfz";"080062001";"NO BRAND";1;"KG";1.29;1.29;0;0;0;1.29;"";"KORJENJE"
"TIKVICE rfz";"080062402";"NO BRAND";1;"KG";1.49;1.49;0.79;0.79;0.99;1.59;"";"TIKVICE"
"ENDIVIJA BELGA 500g";"080063702";"NO BRAND";0.5;"KG";1.99;3.98;0;0;0;1.99;"9999999999994";"SALATE ENDIVIJE"
"ENDIVIJA BELGA 500g";"080063702";"NO BRAND";0.5;"KG";1.99;3.98;0;0;0;1.99;"3700525600422";"SALATE ENDIVIJE"
"ENDIVIJA BELGA 500g";"080063702";"NO BRAND";0.5;"KG";1.99;3.98;0;0;0;1.99;"8717154170016";"SALATE ENDIVIJE"
"JUHA MINESTRONE 620g";"080071501";"NO BRAND";0.62;"KG";2.69;4.34;0;0;0;2.69;"9999999999994";"VOĆE I POVRĆE NAREZANO"
"JUHA MINESTRONE 620g";"080071501";"NO BRAND";0.62;"KG";2.69;4.34;0;0;0;2.69;"8014190017139";"VOĆE I POVRĆE NAREZANO"
"JUHA ORTOLANA 620g";"080072301";"NO BRAND";0.62;"KG";2.69;4.34;0;0;0;2.69;"9999999999994";"VOĆE I POVRĆE NAREZANO"
"JUHA ORTOLANA 620g";"080072301";"NO BRAND";0.62;"KG";2.69;4.34;0;0;0;2.69;"8014190017108";"VOĆE I POVRĆE NAREZANO"
"BIO KADULJA U TEGLAMA";"080072901";"NO BRAND";1;"PZ";1.79;1.79;0;0;0;1.79;"3859892705251";"ZAČINSKO SVJEŽE BILJE U VAZI"
"BIO PERŠIN FRANCUSKI U TEGLAMA";"080073101";"NO BRAND";1;"PZ";1.79;1.79;0;0;0;1.79;"3859892705282";"ZAČINSKO SVJEŽE BILJE U VAZI"
"BIO PERŠIN FRANCUSKI U TEGLAMA";"080073101";"NO BRAND";1;"PZ";1.79;1.79;0;0;0;1.79;"3859892705299";"ZAČINSKO SVJEŽE BILJE U VAZI"
"CELER 500g";"080073501";"NO BRAND";0.5;"KG";1.39;2.78;0;0;0;1.39;"9999999999994";"CELER"
"CELER 500g";"080073501";"NO BRAND";0.5;"KG";1.39;2.78;0;0;0;1.39;"8436588102287";"CELER"
"CELER 500g";"080073501";"NO BRAND";0.5;"KG";1.39;2.78;0;0;0;1.39;"8273863537293";"CELER"
"CELER 500g";"080073501";"NO BRAND";0.5;"KG";1.39;2.78;0;0;0;1.39;"3856028687665";"CELER"
"CELER 500g";"080073501";"NO BRAND";0.5;"KG";1.39;2.78;0;0;0;1.39;"2112345678917";"CELER"
"BILJKA KAVE";"080078502";"NO BRAND";1;"PZ";4.89;4.89;0;0;0;4.89;"9999999999994";"SOBNO BILJE"
"BILJKA KAVE";"080078502";"NO BRAND";1;"PZ";4.89;4.89;0;0;0;4.89;"3858894410903";"SOBNO BILJE"
"BRAŠNO KOKOSOVO 500g";"080083301";"NO BRAND";0.5;"KG";3.29;6.58;0;0;0;3.29;"9999999999994";"BRAŠNO"
"BRAŠNO KOKOSOVO 500g";"080083301";"NO BRAND";0.5;"KG";3.29;6.58;0;0;0;3.29;"8005912000607";"BRAŠNO"
"LUBENICA BOX";"080083502";"NO BRAND";1;"KG";1.99;1.99;0;0;0;2.59;"";"LUBENICE"
"KUKURUZ KOKIČAR 500g";"080084701";"NO BRAND";0.5;"KG";0.99;1.98;0;0;0;0.99;"9999999999994";"VOĆE I POVRĆE NAREZANO"
"KUKURUZ KOKIČAR 500g";"080084701";"NO BRAND";0.5;"KG";0.99;1.98;0;0;0;0.99;"8020204327378";"VOĆE I POVRĆE NAREZANO"
"KUKURUZ KOKIČAR 500g";"080084701";"NO BRAND";0.5;"KG";0.99;1.98;0;0;0;0.99;"9999999999994";"VOĆE I POVRĆE NAREZANO"
"KUKURUZ KOKIČAR 500g";"080084701";"NO BRAND";0.5;"KG";0.99;1.98;0;0;0;0.99;"3870885000368";"VOĆE I POVRĆE NAREZANO"
"ČEŠNJAK 250g";"080087702";"NO BRAND";0.25;"KG";1.59;6.36;0;0;0;1.59;"9999999999994";"ČEŠNJAK/LUK KOZJAK"
"ČEŠNJAK 250g";"080087702";"NO BRAND";0.25;"KG";1.59;6.36;0;0;0;1.59;"8436588101747";"ČEŠNJAK/LUK KOZJAK"
"ČEŠNJAK 250g";"080087702";"NO BRAND";0.25;"KG";1.59;6.36;0;0;0;1.59;"3830050935024";"ČEŠNJAK/LUK KOZJAK"
"ČEŠNJAK 250g";"080087702";"NO BRAND";0.25;"KG";1.59;6.36;0;0;0;1.59;"38592561093";"ČEŠNJAK/LUK KOZJAK"
"ČEŠNJAK 250g";"080087702";"NO BRAND";0.25;"KG";1.59;6.36;0;0;0;1.59;"8436541430174";"ČEŠNJAK/LUK KOZJAK"
"BUKOVAČA 500g";"080089401";"NO BRAND";0.5;"KG";2.49;4.98;0;0;0;2.49;"9999999999994";"GLJIVE"
"BUKOVAČA 500g";"080089401";"NO BRAND";0.5;"KG";2.49;4.98;0;0;0;2.49;"3859889098403";"GLJIVE"
"BUKOVAČA 500g";"080089401";"NO BRAND";0.5;"KG";2.49;4.98;0;0;0;2.49;"3859889098493";"GLJIVE"
"TULIPANE  MIX 12cm";"080092901";"NO BRAND";1;"PZ";3.59;3.59;0;0;0;3.59;"9999999999994";"SOBNO BILJE"
"TULIPANE  MIX 12cm";"080092901";"NO BRAND";1;"PZ";3.59;3.59;0;0;0;3.59;"3858894413379";"SOBNO BILJE"
"MINI KAKTUS";"080093401";"NO BRAND";1;"PZ";0.99;0.99;0;0;0;0.99;"9999999999994";"SOBNO BILJE"
"MINI KAKTUS";"080093401";"NO BRAND";1;"PZ";0.99;0.99;0;0;0;0.99;"2020067105874";"SOBNO BILJE"
"MINI KAKTUS";"080093401";"NO BRAND";1;"PZ";0.99;0.99;0;0;0;0.99;"9999999999994";"SOBNO BILJE"
"MINI KAKTUS";"080093401";"NO BRAND";1;"PZ";0.99;0.99;0;0;0;0.99;"3858894410460";"SOBNO BILJE"
"LAVANDA FI14";"080095001";"NO BRAND";1;"PZ";2.49;2.49;0;0;0;2.49;"9999999999994";"SOBNO BILJE"
"LAVANDA FI14";"080095001";"NO BRAND";1;"PZ";2.49;2.49;0;0;0;2.49;"8005201500115";"SOBNO BILJE"
"KELJ PUPČAR 350g";"080095301";"NO BRAND";0.35;"KG";1.99;5.69;0;0;0;1.99;"9999999999994";"KUPUS/BROKULA/REPA"
"KELJ PUPČAR 350g";"080095301";"NO BRAND";0.35;"KG";1.99;5.69;0;0;0;1.99;"8022095005212";"KUPUS/BROKULA/REPA"
"KELJ PUPČAR 350g";"080095301";"NO BRAND";0.35;"KG";1.99;5.69;0;0;0;1.99;"8022095000521";"KUPUS/BROKULA/REPA"
"KELJ PUPČAR 350g";"080095301";"NO BRAND";0.35;"KG";1.99;5.69;0;0;0;1.99;"8003568100290";"KUPUS/BROKULA/REPA"
"KELJ PUPČAR 350g";"080095301";"NO BRAND";0.35;"KG";1.99;5.69;0;0;0;1.99;"8023087000017";"KUPUS/BROKULA/REPA"
"KELJ PUPČAR 350g";"080095301";"NO BRAND";0.35;"KG";1.99;5.69;0;0;0;1.99;"8058056197634";"KUPUS/BROKULA/REPA"
"LUK ŽUTI 1kg";"080095601";"FOGLIA VERDE";1;"KG";1.65;1.65;0;0;0;1.65;"9999999999994";"LUKOVICE/PORILUK"
"LUK ŽUTI 1kg";"080095601";"FOGLIA VERDE";1;"KG";1.65;1.65;0;0;0;1.65;"3858885875698";"LUKOVICE/PORILUK"
"LUK ŽUTI 1kg";"080095601";"FOGLIA VERDE";1;"KG";1.65;1.65;0;0;0;1.65;"3859871246793";"LUKOVICE/PORILUK"
"LUK ŽUTI 1kg";"080095601";"FOGLIA VERDE";1;"KG";1.65;1.65;0;0;0;1.65;"8017596030443";"LUKOVICE/PORILUK"
"LUK ŽUTI 1kg";"080095601";"FOGLIA VERDE";1;"KG";1.65;1.65;0;0;0;1.65;"3859891949595";"LUKOVICE/PORILUK"
"LUK ŽUTI 1kg";"080095601";"FOGLIA VERDE";1;"KG";1.65;1.65;0;0;0;1.65;"3857500102126";"LUKOVICE/PORILUK"
"LUK ŽUTI 1kg";"080095601";"FOGLIA VERDE";1;"KG";1.65;1.65;0;0;0;1.65;"8028772000204";"LUKOVICE/PORILUK"
"LUK LJUBIČASTI 1kg";"080095801";"FOGLIA VERDE";1;"KG";1.29;1.29;0;0;0;1.29;"9999999999994";"LUKOVICE/PORILUK"
"LUK LJUBIČASTI 1kg";"080095801";"FOGLIA VERDE";1;"KG";1.29;1.29;0;0;0;1.29;"3858885875636";"LUKOVICE/PORILUK"
"LUK LJUBIČASTI 1kg";"080095801";"FOGLIA VERDE";1;"KG";1.29;1.29;0;0;0;1.29;"8017596030450";"LUKOVICE/PORILUK"
"LUK LJUBIČASTI 1kg";"080095801";"FOGLIA VERDE";1;"KG";1.29;1.29;0;0;0;1.29;"3859891949649";"LUKOVICE/PORILUK"
"LUK LJUBIČASTI 1kg";"080095801";"FOGLIA VERDE";1;"KG";1.29;1.29;0;0;0;1.29;"3857500102164";"LUKOVICE/PORILUK"
"KRUMPIR MLADI 2kg";"080096901";"FOGLIA VERDE";2;"KG";1.79;0.9;0;0;0;1.69;"9999999999994";"KRUMPIR- BATAT"
"KRUMPIR MLADI 2kg";"080096901";"FOGLIA VERDE";2;"KG";1.79;0.9;0;0;0;1.69;"3859891949717";"KRUMPIR- BATAT"
"KRUMPIR MLADI 2kg";"080096901";"FOGLIA VERDE";2;"KG";1.79;0.9;0;0;0;1.69;"3859891443710";"KRUMPIR- BATAT"
"KRUMPIR MLADI 2kg";"080096901";"FOGLIA VERDE";2;"KG";1.79;0.9;0;0;0;1.69;"3859891949021";"KRUMPIR- BATAT"
"SMILJE FI14";"080097201";"NO BRAND";1;"PZ";2.49;2.49;0;0;0;2.49;"8005201508043";"SOBNO BILJE"
"ALOE VERA";"080100601";"NO BRAND";1;"PZ";4.99;4.99;0;0;0;4.99;"9999999999994";"SOBNO BILJE"
"ALOE VERA";"080100601";"NO BRAND";1;"PZ";4.99;4.99;0;0;0;4.99;"3858894410118";"SOBNO BILJE"
"SALATA EISBERG (kom)";"080103401";"NO BRAND";1;"PZ";1.35;1.35;0;0;0;1.49;"3850334076120";"SALATE PUTERICA/EISBERG"
"SALATA EISBERG (kom)";"080103401";"NO BRAND";1;"PZ";1.35;1.35;0;0;0;1.49;"3859889267304";"SALATE PUTERICA/EISBERG"
"SALATA EISBERG (kom)";"080103401";"NO BRAND";1;"PZ";1.35;1.35;0;0;0;1.49;"8437005431850";"SALATE PUTERICA/EISBERG"
"SALATA EISBERG (kom)";"080103401";"NO BRAND";1;"PZ";1.35;1.35;0;0;0;1.49;"4232300003122";"SALATE PUTERICA/EISBERG"
"SALATA EISBERG (kom)";"080103401";"NO BRAND";1;"PZ";1.35;1.35;0;0;0;1.49;"8435320600005";"SALATE PUTERICA/EISBERG"
"SALATA EISBERG (kom)";"080103401";"NO BRAND";1;"PZ";1.35;1.35;0;0;0;1.49;"3859891767960";"SALATE PUTERICA/EISBERG"
"RUKOLA 100g";"080104601";"NO BRAND";0.1;"KG";1.09;10.9;0;0;0;1.09;"9999999999994";"SALATE ZELENE"
"RUKOLA 100g";"080104601";"NO BRAND";0.1;"KG";1.09;10.9;0;0;0;1.09;"8012566022497";"SALATE ZELENE"
"DRACENA";"080106801";"NO BRAND";1;"PZ";3.99;3.99;0;0;0;3.99;"9999999999994";"SOBNO BILJE"
"DRACENA";"080106801";"NO BRAND";1;"PZ";3.99;3.99;0;0;0;3.99;"2020067106154";"SOBNO BILJE"
"DRACENA";"080106801";"NO BRAND";1;"PZ";3.99;3.99;0;0;0;3.99;"9999999999994";"SOBNO BILJE"
"DRACENA";"080106801";"NO BRAND";1;"PZ";3.99;3.99;0;0;0;3.99;"3858894411221";"SOBNO BILJE"
"CVIJET ASTRA";"080107501";"NO BRAND";1;"PZ";2.99;2.99;0;0;0;2.99;"9999999999994";"SOBNO BILJE"
"CVIJET ASTRA";"080107501";"NO BRAND";1;"PZ";2.99;2.99;0;0;0;2.99;"3858891692708";"SOBNO BILJE"
"BUKOVAČA ODREZAK 300g";"080108701";"NO BRAND";0.3;"KG";1.99;6.63;0;0;0;1.99;"9999999999994";"GLJIVE"
"BUKOVAČA ODREZAK 300g";"080108701";"NO BRAND";0.3;"KG";1.99;6.63;0;0;0;1.99;"3859889098670";"GLJIVE"
"KUKURUZ PRŽENI SLANI 125g";"080111601";"NO BRAND";0.125;"KG";0.99;7.92;0;0;0;0.99;"9999999999994";"VOĆE SUHO/ORAŠASTO"
"KUKURUZ PRŽENI SLANI 125g";"080111601";"NO BRAND";0.125;"KG";0.99;7.92;0;0;0;0.99;"8005912002359";"VOĆE SUHO/ORAŠASTO"
"ŠAMPINJONI 1kg";"080113701";"NO BRAND";1;"KG";3.69;3.69;0;0;0;3.59;"9999999999994";"GLJIVE"
"ŠAMPINJONI 1kg";"080113701";"NO BRAND";1;"KG";3.69;3.69;0;0;0;3.59;"3858893060031";"GLJIVE"
"ŠAMPINJONI 1kg";"080113701";"NO BRAND";1;"KG";3.69;3.69;0;0;0;3.59;"3859889098984";"GLJIVE"
"LOVOR FI14";"080116301";"NO BRAND";1;"PZ";4.99;4.99;0;0;0;4.99;"9999999999994";"SOBNO BILJE"
"LOVOR FI14";"080116301";"NO BRAND";1;"PZ";4.99;4.99;0;0;0;4.99;"8032022432257";"SOBNO BILJE"
"BROMELIA";"080118301";"NO BRAND";1;"PZ";6.99;6.99;0;0;0;6.99;"9999999999994";"SOBNO BILJE"
"BROMELIA";"080118301";"NO BRAND";1;"PZ";6.99;6.99;0;0;0;6.99;"2000002236955";"SOBNO BILJE"
"BROMELIA";"080118301";"NO BRAND";1;"PZ";6.99;6.99;0;0;0;6.99;"9999999999994";"SOBNO BILJE"
"BROMELIA";"080118301";"NO BRAND";1;"PZ";6.99;6.99;0;0;0;6.99;"3858894410361";"SOBNO BILJE"
"BIO ORIGANO U TEGLAMA";"080119401";"NO BRAND";1;"PZ";1.79;1.79;0;0;0;1.79;"3859892705398";"ZAČINSKO SVJEŽE BILJE U VAZI"
"BADEM JEZGRA 500g";"080120101";"NO BRAND";0.5;"KG";5.49;10.98;0;0;0;5.49;"9999999999994";"VOĆE SUHO/ORAŠASTO"
"BADEM JEZGRA 500g";"080120101";"NO BRAND";0.5;"KG";5.49;10.98;0;0;0;5.49;"8005912002403";"VOĆE SUHO/ORAŠASTO"
"BADEM JEZGRA 500g";"080120101";"NO BRAND";0.5;"KG";5.49;10.98;0;0;0;5.49;"9999999999994";"VOĆE SUHO/ORAŠASTO"
"BADEM JEZGRA 500g";"080120101";"NO BRAND";0.5;"KG";5.49;10.98;0;0;0;5.49;"8005912005732";"VOĆE SUHO/ORAŠASTO"
"BADEM JEZGRA 500g";"080120101";"NO BRAND";0.5;"KG";5.49;10.98;0;0;0;5.49;"3870885003567";"VOĆE SUHO/ORAŠASTO"
"ORAH JEZGRA 40g";"080120501";"MISTER SIBAMBA";0.04;"KG";0.99;24.75;0;0;0;0.99;"9999999999994";"VOĆE SUHO/ORAŠASTO"
"ORAH JEZGRA 40g";"080120501";"MISTER SIBAMBA";0.04;"KG";0.99;24.75;0;0;0;0.99;"8005912005909";"VOĆE SUHO/ORAŠASTO"
"MJEŠAVINA PIKANT 100g";"080120901";"MISTER SIBAMBA";0.1;"KG";0.99;9.9;0;0;0;0.99;"9999999999994";"VOĆE SUHO/ORAŠASTO"
"MJEŠAVINA PIKANT 100g";"080120901";"MISTER SIBAMBA";0.1;"KG";0.99;9.9;0;0;0;0.99;"8005912008245";"VOĆE SUHO/ORAŠASTO"
"MJEŠAVINA EGZOTIČNOG VOĆA";"080121301";"NO BRAND";0.1;"KG";0.99;9.9;0;0;0;0.99;"9999999999994";"VOĆE SUHO"
"MJEŠAVINA EGZOTIČNOG VOĆA";"080121301";"NO BRAND";0.1;"KG";0.99;9.9;0;0;0;0.99;"8005912012693";"VOĆE SUHO"
"BANANA ČIPS 90g";"080121501";"NO BRAND";0.09;"KG";0.99;11;0;0;0;0.99;"9999999999994";"VOĆE SUHO"
"BANANA ČIPS 90g";"080121501";"NO BRAND";0.09;"KG";0.99;11;0;0;0;0.99;"8005912014734";"VOĆE SUHO"
"SUKULENTI MIX 10cm";"080125601";"NO BRAND";1;"PZ";3.99;3.99;0;0;0;3.99;"9999999999994";"SOBNO BILJE"
"SUKULENTI MIX 10cm";"080125601";"NO BRAND";1;"PZ";3.99;3.99;0;0;0;3.99;"2020067116047";"SOBNO BILJE"
"SUKULENTI MIX 10cm";"080125601";"NO BRAND";1;"PZ";3.99;3.99;0;0;0;3.99;"3858891691152";"SOBNO BILJE"
"SUKULENTI MIX 10cm";"080125601";"NO BRAND";1;"PZ";3.99;3.99;0;0;0;3.99;"3858894413232";"SOBNO BILJE"
"LUK ŽUTI 2kg";"080132501";"NO BRAND";2;"KG";1.74;0.87;0;0;0;1.64;"9999999999994";"LUKOVICE/PORILUK"
"LUK ŽUTI 2kg";"080132501";"NO BRAND";2;"KG";1.74;0.87;0;0;0;1.64;"3859891949601";"LUKOVICE/PORILUK"
"LUK ŽUTI 2kg";"080132501";"NO BRAND";2;"KG";1.74;0.87;0;0;0;1.64;"3859894214157";"LUKOVICE/PORILUK"
"MARELICA SUHA 100g";"080133901";"NO BRAND";0.1;"KG";0.99;9.9;0;0;0;0.99;"9999999999994";"VOĆE SUHO"
"MARELICA SUHA 100g";"080133901";"NO BRAND";0.1;"KG";0.99;9.9;0;0;0;0.99;"8005912011245";"VOĆE SUHO"
"AVOKADO kom";"080138802";"NO BRAND";0.3;"KG";1.19;3.97;0.89;2.97;1.19;1.19;"9999999999994";"VOĆE EGZOTIČNO"
"AVOKADO kom";"080138802";"NO BRAND";0.3;"KG";1.19;3.97;0.89;2.97;1.19;1.19;"8022095001962";"VOĆE EGZOTIČNO"
"NEKTARINE 500g";"080144902";"NO BRAND";0.5;"KG";2.99;5.98;0;0;0;2.99;"9999999999994";"BRESKVE/NEKTARINE"
"NEKTARINE 500g";"080144902";"NO BRAND";0.5;"KG";2.99;5.98;0;0;0;2.99;"8424314300083";"BRESKVE/NEKTARINE"
"NEKTARINE 500g";"080144902";"NO BRAND";0.5;"KG";2.99;5.98;0;0;0;2.99;"8436588100597";"BRESKVE/NEKTARINE"
"NEKTARINE 500g";"080144902";"NO BRAND";0.5;"KG";2.99;5.98;0;0;0;2.99;"3830050931682";"BRESKVE/NEKTARINE"
"NEKTARINE 500g";"080144902";"NO BRAND";0.5;"KG";2.99;5.98;0;0;0;2.99;"8423378248737";"BRESKVE/NEKTARINE"
"NEKTARINE 500g";"080144902";"NO BRAND";0.5;"KG";2.99;5.98;0;0;0;2.99;"8058056198525";"BRESKVE/NEKTARINE"
"NEKTARINE 500g";"080144902";"NO BRAND";0.5;"KG";2.99;5.98;0;0;0;2.99;"8437016456132";"BRESKVE/NEKTARINE"
"BRESKVA 500g";"080145001";"NO BRAND";0.5;"KG";2.99;5.98;0;0;0;3.39;"8424314300120";"BRESKVE/NEKTARINE"
"BRESKVA 500g";"080145001";"NO BRAND";0.5;"KG";2.99;5.98;0;0;0;3.39;"8436588100580";"BRESKVE/NEKTARINE"
"BRESKVA 500g";"080145001";"NO BRAND";0.5;"KG";2.99;5.98;0;0;0;3.39;"3859892561369";"BRESKVE/NEKTARINE"
"BRESKVA 500g";"080145001";"NO BRAND";0.5;"KG";2.99;5.98;0;0;0;3.39;"8058056198532";"BRESKVE/NEKTARINE"
"BRESKVA 500g";"080145001";"NO BRAND";0.5;"KG";2.99;5.98;0;0;0;3.39;"8437010013089";"BRESKVE/NEKTARINE"
"KOKOS kom";"080146601";"NO BRAND";1;"PZ";1.49;1.49;0;0;0;1.49;"8022095003881";"VOĆE EGZOTIČNO"
"KOKOS kom";"080146601";"NO BRAND";1;"PZ";1.49;1.49;0;0;0;1.49;"3022095001572";"VOĆE EGZOTIČNO"
"GROŽĐE BIJELO BEZ SJEMENKI 500g";"080149101";"NO BRAND";0.5;"KG";2.22;4.44;0;0;0;2.22;"9999999999994";"GROŽĐE BIJELO"
"GROŽĐE BIJELO BEZ SJEMENKI 500g";"080149101";"NO BRAND";0.5;"KG";2.22;4.44;0;0;0;2.22;"8017596030825";"GROŽĐE BIJELO"
"GROŽĐE BIJELO BEZ SJEMENKI 500g";"080149101";"NO BRAND";0.5;"KG";2.22;4.44;0;0;0;2.22;"7340007900433";"GROŽĐE BIJELO"
"GROŽĐE BIJELO BEZ SJEMENKI 500g";"080149101";"NO BRAND";0.5;"KG";2.22;4.44;0;0;0;2.22;"4014071692992";"GROŽĐE BIJELO"
"LJUBIČICA";"080154201";"NO BRAND";1;"PZ";3.59;3.59;0;0;0;3.59;"9999999999994";"SOBNO BILJE"
"LJUBIČICA";"080154201";"NO BRAND";1;"PZ";3.59;3.59;0;0;0;3.59;"3858894412921";"SOBNO BILJE"
"MLJEVENI BADEM 200G";"080155701";"NO BRAND";0.2;"KG";3.19;15.95;0;0;0;3.19;"9999999999994";"BRAŠNO"
"MLJEVENI BADEM 200G";"080155701";"NO BRAND";0.2;"KG";3.19;15.95;0;0;0;3.19;"8005912011412";"BRAŠNO"
"JABUKA IDARED rfz";"080159301";"NO BRAND";1;"KG";1.39;1.39;0;0;0;1.39;"";"JABUKE"
"ČEŠNJAK RFZ";"080159501";"NO BRAND";1;"KG";4.99;4.99;0;0;0;4.99;"";"ČEŠNJAK"
"JABUKA JONAGOLD rfz";"080159601";"NO BRAND";1;"KG";1.39;1.39;0;0;0;1.39;"";"JABUKE"
"KORABA rfz";"080159701";"NO BRAND";1;"KG";1.89;1.89;0;0;0;1.89;"";"KUPUS-BROKULA-LISTOVI"
"BANANA RFZ";"080162001";"NO BRAND";1;"KG";1.44;1.44;0;0;0;1.44;"";"BANANE"
"BOROVNICA 250g";"080168701";"NO BRAND";0.25;"KG";2.99;11.96;0;0;0;2.99;"9999999999994";"VOĆE BOBIČASTO"
"BOROVNICA 250g";"080168701";"NO BRAND";0.25;"KG";2.99;11.96;0;0;0;2.99;"3850334385932";"VOĆE BOBIČASTO"
"BOROVNICA 250g";"080168701";"NO BRAND";0.25;"KG";2.99;11.96;0;0;0;2.99;"3858885875216";"VOĆE BOBIČASTO"
"BOROVNICA 250g";"080168701";"NO BRAND";0.25;"KG";2.99;11.96;0;0;0;2.99;"3858893252009";"VOĆE BOBIČASTO"
"BOROVNICA 250g";"080168701";"NO BRAND";0.25;"KG";2.99;11.96;0;0;0;2.99;"8436588100764";"VOĆE BOBIČASTO"
"BOROVNICA 250g";"080168701";"NO BRAND";0.25;"KG";2.99;11.96;0;0;0;2.99;"3859891443772";"VOĆE BOBIČASTO"
"BOROVNICA 250g";"080168701";"NO BRAND";0.25;"KG";2.99;11.96;0;0;0;2.99;"385989256871";"VOĆE BOBIČASTO"
"BOROVNICA 250g";"080168701";"NO BRAND";0.25;"KG";2.99;11.96;0;0;0;2.99;"3859892561871";"VOĆE BOBIČASTO"
"BOROVNICA 250g";"080168701";"NO BRAND";0.25;"KG";2.99;11.96;0;0;0;2.99;"3858892942031";"VOĆE BOBIČASTO"
"BOROVNICA 250g";"080168701";"NO BRAND";0.25;"KG";2.99;11.96;0;0;0;2.99;"2030401024129";"VOĆE BOBIČASTO"
"KRUMPIR ZA KUHANJE 3kg";"080185901";"NO BRAND";3;"KG";2.79;0.93;0;0;0;2.79;"9999999999994";"KRUMPIR- BATAT"
"KRUMPIR ZA KUHANJE 3kg";"080185901";"NO BRAND";3;"KG";2.79;0.93;0;0;0;2.79;"3859891088980";"KRUMPIR- BATAT"
"KRUMPIR ZA KUHANJE 3kg";"080185901";"NO BRAND";3;"KG";2.79;0.93;0;0;0;2.79;"3859891443482";"KRUMPIR- BATAT"
"KRUMPIR ZA KUHANJE 3kg";"080185901";"NO BRAND";3;"KG";2.79;0.93;0;0;0;2.79;"3859891949564";"KRUMPIR- BATAT"
"KRUMPIR ZA KUHANJE 3kg";"080185901";"NO BRAND";3;"KG";2.79;0.93;0;0;0;2.79;"3859893051371";"KRUMPIR- BATAT"
"MINI CIKLAMA FI10";"080197701";"NO BRAND";1;"PZ";2.99;2.99;0;0;0;2.99;"9999999999994";"SOBNO BILJE"
"MINI CIKLAMA FI10";"080197701";"NO BRAND";1;"PZ";2.99;2.99;0;0;0;2.99;"3858891690643";"SOBNO BILJE"
"ŠAMPINJONI 500g";"080198701";"NO BRAND";0.5;"KG";1.89;3.78;0;0;0;1.89;"9999999999994";"GLJIVE"
"ŠAMPINJONI 500g";"080198701";"NO BRAND";0.5;"KG";1.89;3.78;0;0;0;1.89;"3858885877630";"GLJIVE"
"ŠAMPINJONI 500g";"080198701";"NO BRAND";0.5;"KG";1.89;3.78;0;0;0;1.89;"3859889098366";"GLJIVE"
"ŠAMPINJONI 500g";"080198701";"NO BRAND";0.5;"KG";1.89;3.78;0;0;0;1.89;"3859889267007";"GLJIVE"
"CHAMADOREA";"080210801";"NO BRAND";1;"PZ";3.69;3.69;0;0;0;3.69;"2020067105911";"SOBNO BILJE"
"CHAMADOREA";"080210801";"NO BRAND";1;"PZ";3.69;3.69;0;0;0;3.69;"3858894410743";"SOBNO BILJE"
"PASSION FRUIT";"080212801";"NO BRAND";0.2;"KG";2.99;14.95;0;0;0;2.99;"8022095002341";"VOĆE EGZOTIČNO"
"TIKVA BUTTERNUT rfz";"080213501";"NO BRAND";1;"KG";1.49;1.49;0;0;0;1.49;"";"BUNDEVE/TIKVE"
"KRUMPIR 5kg";"080220301";"NO BRAND";5;"KG";3.99;0.8;0;0;0;3.99;"3859891443208";"KRUMPIR- BATAT"
"KRUMPIR 5kg";"080220301";"NO BRAND";5;"KG";3.99;0.8;0;0;0;3.99;"3859891949052";"KRUMPIR- BATAT"
"KRUMPIR 5kg";"080220301";"NO BRAND";5;"KG";3.99;0.8;0;0;0;3.99;"3859891088058";"KRUMPIR- BATAT"
"KRUMPIR 5kg";"080220301";"NO BRAND";5;"KG";3.99;0.8;0;0;0;3.99;"3859893051050";"KRUMPIR- BATAT"
"ANTHURIUM";"080221701";"NO BRAND";1;"PZ";7.69;7.69;0;0;0;7.69;"2020067107045";"SOBNO BILJE"
"ANTHURIUM";"080221701";"NO BRAND";1;"PZ";7.69;7.69;0;0;0;7.69;"8717191265294";"SOBNO BILJE"
"ANTHURIUM";"080221701";"NO BRAND";1;"PZ";7.69;7.69;0;0;0;7.69;"3858894410132";"SOBNO BILJE"
"ĐUMBIR rfz";"080222001";"NO BRAND";1;"KG";4.49;4.49;0;0;0;4.49;"";"KORJENJE"
"LUK SREBRENAC RFS";"080222201";"NO BRAND";1;"KG";1.99;1.99;0;0;0;1.99;"";"LUK-PORILKUK"
"ORHIDEA U KERAMIČKOJ TEGLI 12cm";"080223002";"NO BRAND";1;"PZ";7.79;7.79;0;0;0;7.79;"3830045971556";"SOBNO BILJE"
"KRUŠKA RED BARTLETT";"080225601";"NO BRAND";1;"KG";2.49;2.49;0;0;0;2.49;"";"KRUŠKE"
"MARANTA FI12";"080228201";"NO BRAND";1;"PZ";4.99;4.99;0;0;0;4.99;"3858894412136";"SOBNO BILJE"
"MANGO kom";"080229401";"NO BRAND";0.38;"KG";1.29;3.39;0.99;2.61;1.29;1.29;"8022095003201";"VOĆE EGZOTIČNO"
"MESOŽDERKE";"080235401";"NO BRAND";1;"PZ";4.99;4.99;0;0;0;4.99;"3858894410330";"SOBNO BILJE"
"MESOŽDERKE";"080235401";"NO BRAND";1;"PZ";4.99;4.99;0;0;0;4.99;"8712815757025";"SOBNO BILJE"
"ZAMIOCULCAS";"080245001";"NO BRAND";1;"PZ";10.99;10.99;0;0;0;10.99;"3858894413461";"SOBNO BILJE"
"MONSTERA";"080248801";"NO BRAND";1;"PZ";6.59;6.59;0;0;0;6.59;"3858894412174";"SOBNO BILJE"
"BALKONSKO CVIJEĆE MIX";"080252701";"NO BRAND";1;"PZ";1.69;1.69;0;0;0;1.69;"3858891691121";"SOBNO BILJE"
"TREŠNJA 1kg";"080253101";"NO BRAND";1;"KG";17.99;17.99;0;0;0;10.62;"8436588102393";"MARELICE/TREŠNJE"
"SALATA KRISTAL (kom)";"080256701";"NO BRAND";1;"PZ";0.79;0.79;0;0;0;0.79;"";"SALATE PUTERICA/EISBERG"
"CVJETAČA KOM";"080259701";"NO BRAND";1;"PZ";1.99;1.99;0;0;0;1.99;"";"CVJETAČA"
"BIO NARANČA 1kg";"080264901";"NO BRAND";1;"KG";1.99;1.99;0;0;0;1.99;"3830050932566";"NARANČE"
"BIO NARANČA 1kg";"080264901";"NO BRAND";1;"KG";1.99;1.99;0;0;0;1.99;"8019796620301";"NARANČE"
"BIO NARANČA 1kg";"080264901";"NO BRAND";1;"KG";1.99;1.99;0;0;0;1.99;"8436588100221";"NARANČE"
"BIO JABUKA 600g";"080265001";"NO BRAND";0.6;"KG";1.99;3.32;0;0;0;1.99;"3830050932887";"JABUKE"
"BIO JABUKA 600g";"080265001";"NO BRAND";0.6;"KG";1.99;3.32;0;0;0;1.99;"3839950933808";"JABUKE"
"RUŽE MIX 10,5cm";"080268301";"NO BRAND";1;"PZ";3.79;3.79;0;0;0;3.79;"3858894412877";"SOBNO BILJE"
"GRAH ŠARENI";"080271101";"NO BRAND";1;"KG";1.99;1.99;0;0;0;1.99;"";"MAHUNARKE SUHE"
"SPATHIPHYLLUM";"080281001";"NO BRAND";1;"PZ";4.99;4.99;0;0;0;4.99;"2000388215759";"SOBNO BILJE"
"SPATHIPHYLLUM";"080281001";"NO BRAND";1;"PZ";4.99;4.99;0;0;0;4.99;"3858894413188";"SOBNO BILJE"
"KURKUMA MLJEVENA  80g";"080281501";"NO BRAND";0.08;"KG";2.29;28.63;0;0;0;2.29;"8020204327309";"SUHE MAHUNE/ŽITARICE"
"ĐUMBIR MLJEVENI 80g";"080281601";"NO BRAND";0.08;"KG";2.59;32.38;0;0;0;2.59;"8020204327347";"SUHE MAHUNE/ŽITARICE"
"CURRY MLJEVENI 80G";"080281801";"NO BRAND";0.08;"KG";2.69;33.63;0;0;0;2.69;"8020204327316";"SUHE MAHUNE/ŽITARICE"
"FIKUS FI12";"080285501";"NO BRAND";1;"PZ";5.99;5.99;0;0;0;5.99;"3858894416899";"SOBNO BILJE"
"ORAH JEZGRA 500g";"080286901";"NO BRAND";0.5;"KG";4.49;8.98;0;0;0;4.49;"8005912003516";"VOĆE SUHO/ORAŠASTO"
"ORAH JEZGRA 500g";"080286901";"NO BRAND";0.5;"KG";4.49;8.98;0;0;0;4.49;"3870885000184";"VOĆE SUHO/ORAŠASTO"
"MANDARINA rfz";"080291402";"NO BRAND";1;"KG";1.95;1.95;0;0;0;1.95;"";"AGRUMI/MANDARINE/KLEMENTINE/"
"ORHIDEJA 2 GRANE";"080291801";"NO BRAND";1;"PZ";7.99;7.99;0;0;0;7.99;"3830045972577";"SOBNO BILJE"
"DIEFFEMBACHIA";"080300601";"NO BRAND";1;"PZ";3.69;3.69;0;0;0;3.69;"2000002224952";"SOBNO BILJE"
"DIEFFEMBACHIA";"080300601";"NO BRAND";1;"PZ";3.69;3.69;0;0;0;3.69;"3858894411184";"SOBNO BILJE"
"BOSILJAK SVJEŽI 30g";"080306101";"NO BRAND";0.03;"KG";1.29;43;0;0;0;1.29;"8012566004134";"SVJEŽE I SUHO ZAČINSKO BILJE"
"MENTA SVJEŽA 30g";"080306601";"NO BRAND";0.03;"KG";1.45;48.33;0;0;0;1.45;"8012566004097";"SVJEŽE I SUHO ZAČINSKO BILJE"
"LUK VLASAC 30g";"080306901";"NO BRAND";0.03;"KG";1.39;46.33;0;0;0;1.39;"8012566004103";"SVJEŽE I SUHO ZAČINSKO BILJE"
"BIO KORIJANDER U TEGLAMA";"080310501";"NO BRAND";0.025;"KG";1.79;71.6;0;0;0;1.79;"3859892705114";"SVJEŽE I SUHO ZAČINSKO BILJE"
"BRUSNICE SUŠENE 70g";"080310701";"NO BRAND";0.07;"KG";0.99;14.14;0;0;0;0.99;"8005912014727";"VOĆE SUHO"
"ZELENA SALATA 250g";"080311901";"NO BRAND";0.25;"KG";2.19;8.76;0;0;0;2.19;"8012566005339";"SALATE ZELENE"
"MATOVILAC 250g";"080312101";"NO BRAND";0.25;"KG";2.39;9.56;0;0;0;2.39;"8012566044776";"SALATE ZELENE"
"MATOVILAC 250g";"080312101";"NO BRAND";0.25;"KG";2.39;9.56;0;0;0;2.39;"8012566004776";"SALATE ZELENE"
"KALANCHOE";"080321001";"NO BRAND";1;"PZ";2.99;2.99;0;0;0;2.99;"0713626057014";"SOBNO BILJE"
"KALANCHOE";"080321001";"NO BRAND";1;"PZ";2.99;2.99;0;0;0;2.99;"2000251212359";"SOBNO BILJE"
"KALANCHOE";"080321001";"NO BRAND";1;"PZ";2.99;2.99;0;0;0;2.99;"3858891692845";"SOBNO BILJE"
"KALANCHOE";"080321001";"NO BRAND";1;"PZ";2.99;2.99;0;0;0;2.99;"8713626057014";"SOBNO BILJE"
"KALANCHOE";"080321001";"NO BRAND";1;"PZ";2.99;2.99;0;0;0;2.99;"3858894411979";"SOBNO BILJE"
"PAPRIKA MLJEVENA SLATKA  80G";"080321801";"NO BRAND";0.08;"KG";1.99;24.88;0;0;0;1.99;"8020204327323";"SUHE MAHUNE/ŽITARICE"
"PAPRIKA MLJEVENA PIKANT 80G";"080321901";"NO BRAND";0.08;"KG";1.99;24.88;0;0;0;1.99;"8020204327330";"SUHE MAHUNE/ŽITARICE"
"HELJDA 400G";"080322001";"NO BRAND";0.4;"KG";2.29;5.73;0;0;0;2.29;"8020204327361";"SUHE MAHUNE/ŽITARICE"
"PROSO 400G";"080322101";"NO BRAND";0.4;"KG";2.19;5.48;0;0;0;2.19;"8020204327385";"SUHE MAHUNE/ŽITARICE"
"BULGUR 400G";"080322201";"NO BRAND";0.4;"KG";2.15;5.38;0;0;0;2.15;"8020204327354";"SUHE MAHUNE/ŽITARICE"
"RAJČICA CHERRY 250g";"080322301";"NO BRAND";0.25;"KG";1.49;5.96;0;0;0;1.49;"3857500047342";"RAJČICE"
"RAJČICA CHERRY 250g";"080322301";"NO BRAND";0.25;"KG";1.49;5.96;0;0;0;1.49;"3857500106711";"RAJČICE"
"RAJČICA CHERRY 250g";"080322301";"NO BRAND";0.25;"KG";1.49;5.96;0;0;0;1.49;"3859890369042";"RAJČICE"
"RAJČICA CHERRY 250g";"080322301";"NO BRAND";0.25;"KG";1.49;5.96;0;0;0;1.49;"8436588102133";"RAJČICE"
"RAJČICA CHERRY 250g";"080322301";"NO BRAND";0.25;"KG";1.49;5.96;0;0;0;1.49;"3858893060161";"RAJČICE"
"RAJČICA CHERRY 250g";"080322301";"NO BRAND";0.25;"KG";1.49;5.96;0;0;0;1.49;"3830050932603";"RAJČICE"
"RAJČICA CHERRY 250g";"080322301";"NO BRAND";0.25;"KG";1.49;5.96;0;0;0;1.49;"8058056198013";"RAJČICE"
"RUŽMARIN FI14";"080324101";"NO BRAND";1;"PZ";2.49;2.49;0;0;0;2.49;"8005201500122";"ZAČINSKO SVJEŽE BILJE U VAZI"
"BOROVNICA 500g";"080325701";"NO BRAND";0.5;"KG";5.99;11.98;0;0;0;5.99;"8436588100917";"VOĆE BOBIČASTO"
"BOROVNICA 500g";"080325701";"NO BRAND";0.5;"KG";5.99;11.98;0;0;0;5.99;"3859892668105";"VOĆE BOBIČASTO"
"BOROVNICA 500g";"080325701";"NO BRAND";0.5;"KG";5.99;11.98;0;0;0;5.99;"3013912500065";"VOĆE BOBIČASTO"
"BOROVNICA 500g";"080325701";"NO BRAND";0.5;"KG";5.99;11.98;0;0;0;5.99;"8013912500065";"VOĆE BOBIČASTO"
"BOROVNICA 500g";"080325701";"NO BRAND";0.5;"KG";5.99;11.98;0;0;0;5.99;"3858885879993";"VOĆE BOBIČASTO"
"BOROVNICA 500g";"080325701";"NO BRAND";0.5;"KG";5.99;11.98;0;0;0;5.99;"8058056199553";"VOĆE BOBIČASTO"
"BOROVNICA 500g";"080325701";"NO BRAND";0.5;"KG";5.99;11.98;0;0;0;5.99;"8423366652812";"VOĆE BOBIČASTO"
"BATAT 1kg";"080330301";"NO BRAND";1;"KG";2.29;2.29;0;0;0;2.19;"2834554010004";"KRUMPIR- BATAT"
"BATAT 1kg";"080330301";"NO BRAND";1;"KG";2.29;2.29;0;0;0;2.19;"3858885875193";"KRUMPIR- BATAT"
"BATAT 1kg";"080330301";"NO BRAND";1;"KG";2.29;2.29;0;0;0;2.19;"3858893060000";"KRUMPIR- BATAT"
"BATAT 1kg";"080330301";"NO BRAND";1;"KG";2.29;2.29;0;0;0;2.19;"3857500102195";"KRUMPIR- BATAT"
"BATAT 1kg";"080330301";"NO BRAND";1;"KG";2.29;2.29;0;0;0;2.19;"3859894214119";"KRUMPIR- BATAT"
"SALATA GRAN MISTA 350g FV";"080337401";"FOGLIA VERDE";0.35;"KG";1.99;5.69;0;0;0;1.99;"8017596030184";"SALATE MJEŠANE - PAKIRANJE"
"ORHIDEJA 1 GRANA";"080338501";"NO BRAND";1;"PZ";6.49;6.49;0;0;0;6.49;"3830045971709";"SOBNO BILJE"
"CVIJEĆE  MIX TIP 1";"080344301";"NO BRAND";1;"PZ";2.39;2.39;0;0;0;2.39;"3858891690667";"SOBNO BILJE"
"CVIJEĆE  MIX TIP 1";"080344301";"NO BRAND";1;"PZ";2.39;2.39;0;0;0;2.39;"3858891691145";"SOBNO BILJE"
"CVIJEĆE  MIX TIP 1";"080344301";"NO BRAND";1;"PZ";2.39;2.39;0;0;0;2.39;"3858891691497";"SOBNO BILJE"
"CVIJEĆE  MIX TIP 1";"080344301";"NO BRAND";1;"PZ";2.39;2.39;0;0;0;2.39;"3859891443703";"SOBNO BILJE"
"CVIJEĆE  MIX TIP 1";"080344301";"NO BRAND";1;"PZ";2.39;2.39;0;0;0;2.39;"3859891443734";"SOBNO BILJE"
"CVIJEĆE  MIX TIP 1";"080344301";"NO BRAND";1;"PZ";2.39;2.39;0;0;0;2.39;"3858894413492";"SOBNO BILJE"
"CVIJEĆE  MIX TIP 1";"080344301";"NO BRAND";1;"PZ";2.39;2.39;0;0;0;2.39;"3858891693071";"SOBNO BILJE"
"CVIJEĆE  MIX TIP 1";"080344301";"NO BRAND";1;"PZ";2.39;2.39;0;0;0;2.39;"3858891693477";"SOBNO BILJE"
"CVIJEĆE  MIX TIP 2";"080344401";"NO BRAND";1;"PZ";2.19;2.19;0;0;0;2.19;"3858891691481";"SOBNO BILJE"
"CVIJEĆE  MIX TIP 2";"080344401";"NO BRAND";1;"PZ";2.19;2.19;0;0;0;2.19;"3859891443741";"SOBNO BILJE"
"CVIJEĆE  MIX TIP 2";"080344401";"NO BRAND";1;"PZ";2.19;2.19;0;0;0;2.19;"3858891691442";"SOBNO BILJE"
"CVIJEĆE  MIX TIP 2";"080344401";"NO BRAND";1;"PZ";2.19;2.19;0;0;0;2.19;"3858891693231";"SOBNO BILJE"
"CVIJEĆE  MIX TIP 2";"080344401";"NO BRAND";1;"PZ";2.19;2.19;0;0;0;2.19;"3858891690827";"SOBNO BILJE"
"CVIJEĆE  MIX TIP 2";"080344401";"NO BRAND";1;"PZ";2.19;2.19;0;0;0;2.19;"3858891690124";"SOBNO BILJE"
"CVIJEĆE  MIX TIP 2";"080344401";"NO BRAND";1;"PZ";2.19;2.19;0;0;0;2.19;"3858891691497";"SOBNO BILJE"
"CVIJEĆE  MIX TIP 2";"080344401";"NO BRAND";1;"PZ";2.19;2.19;0;0;0;2.19;"3858891692203";"SOBNO BILJE"
"CVIJEĆE  MIX TIP 3";"080344501";"NO BRAND";1;"PZ";3.59;3.59;0;0;0;3.59;"2000251257213";"SOBNO BILJE"
"CVIJEĆE  MIX TIP 3";"080344501";"NO BRAND";1;"PZ";3.59;3.59;0;0;0;3.59;"3858891691466";"SOBNO BILJE"
"CVIJEĆE  MIX TIP 3";"080344501";"NO BRAND";1;"PZ";3.59;3.59;0;0;0;3.59;"3858894413492";"SOBNO BILJE"
"CVIJEĆE  MIX TIP 3";"080344501";"NO BRAND";1;"PZ";3.59;3.59;0;0;0;3.59;"3859891443796";"SOBNO BILJE"
"CVIJEĆE  MIX TIP 3";"080344501";"NO BRAND";1;"PZ";3.59;3.59;0;0;0;3.59;"3858891691497";"SOBNO BILJE"
"CVIJEĆE  MIX TIP 3";"080344501";"NO BRAND";1;"PZ";3.59;3.59;0;0;0;3.59;"3858891693255";"SOBNO BILJE"
"CVIJEĆE  MIX TIP 3";"080344501";"NO BRAND";1;"PZ";3.59;3.59;0;0;0;3.59;"3858891691756";"SOBNO BILJE"
"CVIJEĆE  MIX TIP 3";"080344501";"NO BRAND";1;"PZ";3.59;3.59;0;0;0;3.59;"3858891692784";"SOBNO BILJE"
"GROŽĐICE 100g";"080350201";"NO BRAND";0.1;"KG";0.99;9.9;0;0;0;0.99;"8005912014703";"VOĆE SUHO"
"KVINOJA 500g";"080350501";"NO BRAND";0.5;"KG";2.69;5.38;0;0;0;2.69;"8020204327392";"SUHE MAHUNE/ŽITARICE"
"BIO BANANA RINFUZA";"080360801";"NO BRAND";1;"KG";1.99;1.99;0;0;0;1.99;"";"BANANE"
"BIO MRKVA 500g";"080362101";"AMO ESSERE BIO";0.5;"KG";1.39;2.78;0;0;0;1.39;"3830050930661";"MRKVA"
"BIO LIMUN 500g";"080366001";"AMO ESSERE BIO";0.5;"KG";1.45;2.9;0;0;0;1.45;"3830050930944";"LIMUNI"
"BIO LIMUN 500g";"080366001";"AMO ESSERE BIO";0.5;"KG";1.45;2.9;0;0;0;1.45;"8436588100382";"LIMUNI"
"SALATA PUTERICA (kom)";"080369201";"NO BRAND";1;"PZ";0.99;0.99;0;0;0;0.99;"";"SALATE PUTERICA/EISBERG"
"CIKLA rfz";"080422301";"NO BRAND";1;"KG";0.79;0.79;0;0;0;0.79;"";"BLITVA I ŠPINAT"
"JABUKA ZELENA 2 kg";"080424301";"NO BRAND";2;"KG";1.99;1;0;0;0;1.99;"3859892765705";"JABUKE"
"JABUKA ZELENA 2 kg";"080424301";"NO BRAND";2;"KG";1.99;1;0;0;0;1.99;"0721688066446";"JABUKE"
"JABUKA ZELENA 2 kg";"080424301";"NO BRAND";2;"KG";1.99;1;0;0;0;1.99;"3850334049087";"JABUKE"
"BIO SJEMENKE CHIA 200g";"080429801";"AMO ESSERE BIO";0.2;"KG";1.99;9.95;1.39;6.95;1.99;1.99;"8017596031112";"SUHE MAHUNE/ŽITARICE"
"BIO SJEMENKE KVINOA 200g";"080429901";"AMO ESSERE BIO";0.2;"KG";1.99;9.95;0;0;0;1.99;"8017596031136";"SUHE MAHUNE/ŽITARICE"
"BIO SJEMENKE BUČE 200g";"080430901";"AMO ESSERE BIO";0.2;"KG";2.69;13.45;0;0;0;2.69;"8017596031143";"SUHE MAHUNE/ŽITARICE"
"CVJETNICE  TIP 1";"080431201";"NO BRAND";1;"PZ";2.29;2.29;0;0;0;2.29;"3858891690629";"SOBNO BILJE"
"CVJETNICE  TIP 1";"080431201";"NO BRAND";1;"PZ";2.29;2.29;0;0;0;2.29;"3858891690643";"SOBNO BILJE"
"CVJETNICE  TIP 1";"080431201";"NO BRAND";1;"PZ";2.29;2.29;0;0;0;2.29;"3858891690674";"SOBNO BILJE"
"CVJETNICE  TIP 1";"080431201";"NO BRAND";1;"PZ";2.29;2.29;0;0;0;2.29;"3858891690971";"SOBNO BILJE"
"CVJETNICE  TIP 1";"080431201";"NO BRAND";1;"PZ";2.29;2.29;0;0;0;2.29;"3858891692135";"SOBNO BILJE"
"CVJETNICE  TIP 1";"080431201";"NO BRAND";1;"PZ";2.29;2.29;0;0;0;2.29;"3858891691398";"SOBNO BILJE"
"CVJETNICE  TIP 1";"080431201";"NO BRAND";1;"PZ";2.29;2.29;0;0;0;2.29;"3858891692203";"SOBNO BILJE"
"CVJETNICE  TIP 2";"080431301";"NO BRAND";1;"PZ";7.96;7.96;0;0;0;7.96;"3858891690865";"SOBNO BILJE"
"CVJETNICE  TIP 2";"080431301";"NO BRAND";1;"PZ";7.96;7.96;0;0;0;7.96;"3858891691480";"SOBNO BILJE"
"CVJETNICE  TIP 2";"080431301";"NO BRAND";1;"PZ";7.96;7.96;0;0;0;7.96;"3858891692135";"SOBNO BILJE"
"CVJETNICE  TIP 2";"080431301";"NO BRAND";1;"PZ";7.96;7.96;0;0;0;7.96;"3858891690124";"SOBNO BILJE"
"CVJETNICE  TIP 3";"080431401";"NO BRAND";1;"PZ";1.19;1.19;0;0;0;1.19;"3858891690827";"SOBNO BILJE"
"CVJETNICE  TIP 3";"080431401";"NO BRAND";1;"PZ";1.19;1.19;0;0;0;1.19;"3858891693293";"SOBNO BILJE"
"CVJETNICE  TIP 3";"080431401";"NO BRAND";1;"PZ";1.19;1.19;0;0;0;1.19;"3858891691497";"SOBNO BILJE"
"BOŽIĆNA ZVIJEZDA F12";"080431601";"NO BRAND";1;"PZ";4.99;4.99;0;0;0;4.99;"3858891691428";"SOBNO BILJE"
"BOŽIĆNA ZVIJEZDA F12";"080431601";"NO BRAND";1;"PZ";4.99;4.99;0;0;0;4.99;"3858994413973";"SOBNO BILJE"
"BOŽIĆNA ZVIJEZDA F12";"080431601";"NO BRAND";1;"PZ";4.99;4.99;0;0;0;4.99;"3858894413973";"SOBNO BILJE"
"BOŽIĆNA ZVIJEZDA F12";"080431601";"NO BRAND";1;"PZ";4.99;4.99;0;0;0;4.99;"8713626212895";"SOBNO BILJE"
"BOŽIĆNA ZVIJEZDA F14";"080431701";"NO BRAND";1;"PZ";5.99;5.99;0;0;0;5.99;"2000002253754";"SOBNO BILJE"
"BOŽIĆNA ZVIJEZDA F14";"080431701";"NO BRAND";1;"PZ";5.99;5.99;0;0;0;5.99;"3858891691435";"SOBNO BILJE"
"BOŽIĆNA ZVIJEZDA F14";"080431701";"NO BRAND";1;"PZ";5.99;5.99;0;0;0;5.99;"3858894415182";"SOBNO BILJE"
"NOVA GVINEJA";"080438001";"NO BRAND";1;"PZ";1.99;1.99;0;0;0;1.99;"3858891690902";"SOBNO BILJE"
"ŠAMPINJONI PORTABELA 250g";"080441101";"NO BRAND";0.25;"KG";1.99;7.96;0;0;0;1.99;"3859889098748";"GLJIVE"
"ORHIDEJA 2 GRANE U KERAMICKOJ TEGLI";"080453901";"NO BRAND";1;"PZ";8.99;8.99;0;0;0;8.99;"3830045971532";"SOBNO BILJE"
"PELARGONIJA ZONALE..";"080461301";"NO BRAND";1;"PZ";2.19;2.19;0;0;0;2.19;"3858891690865";"SOBNO BILJE"
"PELARGONIJA ZONALE..";"080461301";"NO BRAND";1;"PZ";2.19;2.19;0;0;0;2.19;"3859891443765";"SOBNO BILJE"
"ANANAS kom";"080462201";"NO BRAND";1;"PZ";2.49;2.49;0;0;0;2.49;"";"ANANAS"
"BIO RAJČICA CHERRY 250g";"080462801";"NO BRAND";0.25;"KG";1.85;7.4;0;0;0;1.85;"3830050931019";"RAJČICE"
"CIKLA SALATA 820 g";"080463301";"NO BRAND";0.82;"KG";2.49;3.04;0;0;0;2.49;"3859890799122";"POVRĆE V GAMMA"
"CVJETAČA BROKULA 500g";"080463401";"NO BRAND";0.5;"KG";2.49;4.98;0;0;0;2.49;"3830050934218";"VOĆE I POVRĆE NAREZANO"
"GROŽĐE ROSE rfz";"080463601";"NO BRAND";1;"KG";3.99;3.99;0;0;0;3.99;"";"GROŽĐE CRNO/ROZE"
"KRUMPIR ZA PEČENJE 3kg";"080464701";"NO BRAND";3;"KG";2.79;0.93;0;0;0;2.79;"3859891088997";"KRUMPIR- BATAT"
"KRUMPIR ZA PEČENJE 3kg";"080464701";"NO BRAND";3;"KG";2.79;0.93;0;0;0;2.79;"3859891443314";"KRUMPIR- BATAT"
"KRUMPIR ZA PEČENJE 3kg";"080464701";"NO BRAND";3;"KG";2.79;0.93;0;0;0;2.79;"3859891443475";"KRUMPIR- BATAT"
"KRUMPIR ZA PEČENJE 3kg";"080464701";"NO BRAND";3;"KG";2.79;0.93;0;0;0;2.79;"3859891949571";"KRUMPIR- BATAT"
"KRUMPIR ZA PEČENJE 3kg";"080464701";"NO BRAND";3;"KG";2.79;0.93;0;0;0;2.79;"3859893051364";"KRUMPIR- BATAT"
"KUPUS KISELI  REZANI  OGULIN 500g.";"080465201";"NO BRAND";0.5;"KG";1;2;0;0;0;1;"3859891493036";"POVRĆE V GAMMA"
"KUPUS KISELI REZANI VAR. 500g";"080465301";"NO BRAND";0.5;"KG";0.99;1.98;0;0;0;0.99;"3859889634021";"POVRĆE V GAMMA"
"KUPUS MLADI rfz";"080465701";"NO BRAND";1;"KG";1.49;1.49;0;0;0;1.49;"";"KUPUS-BROKULA-LISTOVI"
"LUK  ŽUTI RUKAVAC  4/1";"080465901";"NO BRAND";1;"PZ";0.99;0.99;0;0;0;0.99;"3856017200318";"LUKOVICE/PORILUK"
"LUK  ŽUTI RUKAVAC  4/1";"080465901";"NO BRAND";1;"PZ";0.99;0.99;0;0;0;0.99;"3858885875575";"LUKOVICE/PORILUK"
"LUK  ŽUTI RUKAVAC  4/1";"080465901";"NO BRAND";1;"PZ";0.99;0.99;0;0;0;0.99;"3859891949625";"LUKOVICE/PORILUK"
"LUK  ŽUTI RUKAVAC  4/1";"080465901";"NO BRAND";1;"PZ";0.99;0.99;0;0;0;0.99;"3857500102119";"LUKOVICE/PORILUK"
"LUK LJUBIČASTI RUKAVAC 4/1";"080466001";"NO BRAND";1;"PZ";1.29;1.29;0;0;0;1.29;"3856017200332";"LUKOVICE/PORILUK"
"LUK LJUBIČASTI RUKAVAC 4/1";"080466001";"NO BRAND";1;"PZ";1.29;1.29;0;0;0;1.29;"3858885875629";"LUKOVICE/PORILUK"
"LUK LJUBIČASTI RUKAVAC 4/1";"080466001";"NO BRAND";1;"PZ";1.29;1.29;0;0;0;1.29;"3859891949632";"LUKOVICE/PORILUK"
"LUK LJUBIČASTI RUKAVAC 4/1";"080466001";"NO BRAND";1;"PZ";1.29;1.29;0;0;0;1.29;"3857500102133";"LUKOVICE/PORILUK"
"MATOVILAC  100g";"080466101";"NO BRAND";0.1;"KG";1.09;10.9;0;0;0;1.09;"8012566029533";"SALATE READY TO EAT PAKIRANJE"
"PAPRIKA BABURA rfz";"080466301";"NO BRAND";1;"KG";2.99;2.99;0;0;0;3.99;"";"PAPRIKA"
"PAPRIKA ROG CRVENA rfz";"080466501";"NO BRAND";1;"KG";2.99;2.99;0;0;0;3.99;"";"PAPRIKA"
"PERŠIN KORIJEN LIST 250g";"080466701";"NO BRAND";0.25;"KG";1.49;5.96;0;0;0;1.49;"3856017203791";"KORJEN"
"PERŠIN KORIJEN LIST 250g";"080466701";"NO BRAND";0.25;"KG";1.49;5.96;0;0;0;1.49;"3858885875940";"KORJEN"
"PERŠIN KORIJEN LIST 250g";"080466701";"NO BRAND";0.25;"KG";1.49;5.96;0;0;0;1.49;"3859891767854";"KORJEN"
"PERŠIN KORIJEN LIST 250g";"080466701";"NO BRAND";0.25;"KG";1.49;5.96;0;0;0;1.49;"3858893060062";"KORJEN"
"RAJČICA  rfz";"080467001";"NO BRAND";1;"KG";1.99;1.99;0;0;0;2.99;"";"RAJČICA"
"ŠAMPINJONI 250g";"080468001";"NO BRAND";0.25;"KG";1.19;4.76;0.89;3.56;1.19;1.19;"3858885877623";"GLJIVE"
"ŠAMPINJONI 250g";"080468001";"NO BRAND";0.25;"KG";1.19;4.76;0.89;3.56;1.19;1.19;"3858893060093";"GLJIVE"
"ŠAMPINJONI 250g";"080468001";"NO BRAND";0.25;"KG";1.19;4.76;0.89;3.56;1.19;1.19;"3859889098359";"GLJIVE"
"ŠAMPINJONI BIJELI/ SMEĐI 400g";"080468201";"NO BRAND";0.4;"KG";2.19;5.48;0;0;0;2.19;"3859889098724";"GLJIVE"
"ŠAMPINJONI BIJELI/ SMEĐI 400g";"080468201";"NO BRAND";0.4;"KG";2.19;5.48;0;0;0;2.19;"3859889098755";"GLJIVE"
"EUKALIPTUS FI13";"080478701";"NO BRAND";1;"PZ";6.99;6.99;0;0;0;6.99;"3858894411337";"SOBNO BILJE"
"JABUKA PINK LADY 1kg";"080497501";"NO BRAND";1;"KG";2.49;2.49;0;0;0;2.49;"3700476618682";"JABUKE"
"KUKURUZ ŠEĆERAC 400g";"080498101";"NO BRAND";0.4;"KG";1.99;4.98;0;0;0;1.99;"3859891493371";"POVRĆE V GAMMA"
"SAL.MISTICAN. I JEST. CVIJEĆE 200g";"080502701";"NO BRAND";0.2;"KG";2.29;11.45;0;0;0;2.29;"8012566029861";"SALATE MJEŠANE - PAKIRANJE"
"ZELENA I CRVENA SALATA 200g";"080502901";"NO BRAND";0.2;"KG";2.19;10.95;0;0;0;2.19;"8012566029885";"SALATE ENDIVIJE"
"MINI ŠPINAT 250g";"080503001";"NO BRAND";0.25;"KG";2.39;9.56;0;0;0;2.39;"8012566005063";"BLITVA/ŠPINAT"
"ŠAMPINJONI ZLATNI  250g";"080505601";"NO BRAND";0.25;"KG";1.25;5;0;0;0;1.25;"3858893060116";"GLJIVE"
"YUCCA";"080508601";"NO BRAND";1;"KG";5.99;5.99;0;0;0;5.99;"3858894413423";"SOBNO BILJE"
"DALIJA";"080514901";"NO BRAND";1;"PZ";1.99;1.99;0;0;0;1.99;"3858891691329";"SOBNO BILJE"
"EPIPREMNUM AUREUM";"080517101";"NO BRAND";1;"PZ";4.69;4.69;0;0;0;4.69;"2020067111974";"SOBNO BILJE"
"EPIPREMNUM AUREUM";"080517101";"NO BRAND";1;"PZ";4.69;4.69;0;0;0;4.69;"3858894411290";"SOBNO BILJE"
"KRASTAVAC SALATAR kom";"080524301";"NO BRAND";1;"PZ";0.89;0.89;0;0;0;0.89;"8033650133264";"KRASTAVCI"
"KRASTAVAC SALATAR kom";"080524301";"NO BRAND";1;"PZ";0.89;0.89;0;0;0;0.89;"3859892765255";"KRASTAVCI"
"PAPRIKA 3 BOJE kom";"080532301";"NO BRAND";1;"PZ";1.99;1.99;0;0;0;2.49;"3850334079893";"PAPRIKE"
"PAPRIKA 3 BOJE kom";"080532301";"NO BRAND";1;"PZ";1.99;1.99;0;0;0;2.49;"8436588100832";"PAPRIKE"
"PAPRIKA 3 BOJE kom";"080532301";"NO BRAND";1;"PZ";1.99;1.99;0;0;0;2.49;"3858885877081";"PAPRIKE"
"PAPRIKA 3 BOJE kom";"080532301";"NO BRAND";1;"PZ";1.99;1.99;0;0;0;2.49;"3859892561178";"PAPRIKE"
"PAPRIKA 3 BOJE kom";"080532301";"NO BRAND";1;"PZ";1.99;1.99;0;0;0;2.49;"8033737509999";"PAPRIKE"
"SREBNI LUK U NALJEVU 560g";"080542401";"NO BRAND";0.56;"KG";2.89;5.16;0;0;0;2.89;"3859890799238";"POVRĆE V GAMMA"
"RAJČICA MIX 500g";"080554901";"NO BRAND";0.5;"KG";3.39;6.78;0;0;0;3.39;"8436588100481";"RAJČICE"
"RAJČICA MIX 500g";"080554901";"NO BRAND";0.5;"KG";3.39;6.78;0;0;0;3.39;"8436588100482";"RAJČICE"
"RAJČICA MIX 500g";"080554901";"NO BRAND";0.5;"KG";3.39;6.78;0;0;0;3.39;"8436588101884";"RAJČICE"
"MAĆUHICA";"080557901";"NO BRAND";1;"PZ";0.79;0.79;0;0;0;0.79;"3858891690667";"SOBNO BILJE"
"MAĆUHICA";"080557901";"NO BRAND";1;"PZ";0.79;0.79;0;0;0;0.79;"3859891443734";"SOBNO BILJE"
"MULTIFLORA FI20";"080558001";"NO BRAND";1;"PZ";4.29;4.29;0;0;0;4.29;"3858891691466";"SOBNO BILJE"
"MULTIFLORA FI20";"080558001";"NO BRAND";1;"PZ";4.29;4.29;0;0;0;4.29;"3859891443758";"SOBNO BILJE"
"MULTIFLORA FI25";"080558201";"NO BRAND";1;"PZ";6.59;6.59;0;0;0;6.59;"3859891443758";"SOBNO BILJE"
"MULTIFLORA FI25";"080558201";"NO BRAND";1;"PZ";6.59;6.59;0;0;0;6.59;"3859891443741";"SOBNO BILJE"
"MULTIFLORA FI25";"080558201";"NO BRAND";1;"PZ";6.59;6.59;0;0;0;6.59;"3858891691473";"SOBNO BILJE"
"CIKLAMA FI12";"080558401";"NO BRAND";1;"PZ";3.49;3.49;0;0;0;3.49;"3858891690629";"SOBNO BILJE"
"CIKLAMA FI12";"080558401";"NO BRAND";1;"PZ";3.49;3.49;0;0;0;3.49;"3858891693248";"SOBNO BILJE"
"DINJA PIEL DE SAPO";"080558501";"NO BRAND";1;"KG";2.99;2.99;0;0;0;2.99;"";"DINJA"
"GRAH BIJELI";"080558701";"NO BRAND";1;"KG";2.49;2.49;0;0;0;2.49;"";"MAHUNARKE SUHE"
"JAGODA 900g";"080573001";"NO BRAND";0.9;"KG";5.49;6.1;0;0;0;5.99;"8436588102232";"JAGODE"
"JAGODA 900g";"080573001";"NO BRAND";0.9;"KG";5.49;6.1;0;0;0;5.99;"8423367698321";"JAGODE"
"LAVANDA";"080578501";"NO BRAND";1;"PZ";1.79;1.79;0;0;0;1.79;"3858891690742";"SOBNO BILJE"
"LAVANDA";"080578501";"NO BRAND";1;"PZ";1.79;1.79;0;0;0;1.79;"8005201500115";"SOBNO BILJE"
"LAVANDA";"080578501";"NO BRAND";1;"PZ";1.79;1.79;0;0;0;1.79;"3858891690902";"SOBNO BILJE"
"RUŽMARIN";"080578601";"NO BRAND";1;"PZ";1.79;1.79;0;0;0;1.79;"3858891690698";"SOBNO BILJE"
"SVJEŽI SOK OD NARANČE 1l";"080583801";"NO BRAND";1;"LT";2.99;2.99;0;0;0;2.99;"3830031648721";"VOĆE V GAMMA"
"SVJEŽI SOK OD JABUKE 1l";"080587101";"NO BRAND";1;"LT";2.19;2.19;0;0;0;2.19;"3830031648783";"VOĆE V GAMMA"
"MONO STUDENT MIX 75g";"080587201";"NO BRAND";0.075;"KG";0.99;13.2;0.85;11.33;0.99;0.99;"8005912014697";"VOĆE SUHO"
"KUHANI SLANUTAK 350g";"080587501";"NO BRAND";0.35;"KG";1.59;4.54;0;0;0;1.59;"3859891496839";"POVRĆE V GAMMA"
"POVRĆE ZA JUHU 500g.";"080588901";"NO BRAND";0.5;"KG";1.29;2.58;0;0;0;1.29;"3859891767069";"VOĆE I POVRĆE NAREZANO"
"POVRĆE ZA JUHU 500g.";"080588901";"NO BRAND";0.5;"KG";1.29;2.58;0;0;0;1.29;"3859889267809";"VOĆE I POVRĆE NAREZANO"
"POVRĆE ZA JUHU 500g.";"080588901";"NO BRAND";0.5;"KG";1.29;2.58;0;0;0;1.29;"3830050933464";"VOĆE I POVRĆE NAREZANO"
"POVRĆE ZA JUHU 500g.";"080588901";"NO BRAND";0.5;"KG";1.29;2.58;0;0;0;1.29;"3850334005281";"VOĆE I POVRĆE NAREZANO"
"POVRĆE ZA JUHU 500g.";"080588901";"NO BRAND";0.5;"KG";1.29;2.58;0;0;0;1.29;"3858885875902";"VOĆE I POVRĆE NAREZANO"
"KARANFIL";"080593301";"NO BRAND";1;"PZ";1.79;1.79;0;0;0;1.79;"385889169773";"SOBNO BILJE"
"KARANFIL";"080593301";"NO BRAND";1;"PZ";1.79;1.79;0;0;0;1.79;"3858891692999";"SOBNO BILJE"
"KARANFIL";"080593301";"NO BRAND";1;"PZ";1.79;1.79;0;0;0;1.79;"3858891690773";"SOBNO BILJE"
"JABUKA PINK LADY 2kg";"080596201";"NO BRAND";2;"KG";5.99;3;0;0;0;5.99;"3700476613045";"JABUKE"
"VISEĆE CVIJEĆE MIX";"080599101";"NO BRAND";1;"PZ";6.99;6.99;0;0;0;6.99;"3858891691015";"SOBNO BILJE"
"SMOKVE SUHE KOLUT 180g";"080599701";"NO BRAND";0.18;"KG";1.59;8.83;0;0;0;1.59;"3870885002034";"VOĆE SUHO"
"WOK MIX 350g";"080600801";"NO BRAND";0.35;"KG";1.89;5.4;0;0;0;1.89;"3858893250395";"POVRĆE MIX I OSTALO"
"WOK MIX 350g";"080600801";"NO BRAND";0.35;"KG";1.89;5.4;0;0;0;1.89;"3858893250470";"POVRĆE MIX I OSTALO"
"MRKVA JULIENNE 200g";"080600901";"NO BRAND";0.2;"KG";0.79;3.95;0;0;0;0.79;"3858893250456";"POVRĆE NAREZANO"
"KUPUS RIBANI 250g";"080601001";"NO BRAND";0.25;"KG";0.89;3.56;0;0;0;0.89;"3858893250395";"POVRĆE NAREZANO"
"COLESLAW SALATA 180g";"080605901";"NO BRAND";0.18;"KG";1.19;6.61;0;0;0;1.19;"8012566024781";"SALATE MJEŠANE - PAKIRANJE"
"PAPRIKE PUNJENE KUPUSOM 800g";"080606001";"NO BRAND";0.8;"KG";3.59;4.49;0;0;0;3.59;"3859890799245";"MASLINE/DODACI JELIMA"
"BLITVA 500g";"080606301";"NO BRAND";0.5;"KG";1.59;3.18;0;0;0;1.59;"3859894356048";"POVRĆE NAREZANO"
"BLITVA 500g";"080606301";"NO BRAND";0.5;"KG";1.59;3.18;0;0;0;1.59;"3859892765927";"POVRĆE NAREZANO"
"BLITVA 500g";"080606301";"NO BRAND";0.5;"KG";1.59;3.18;0;0;0;1.59;"3859891767915";"POVRĆE NAREZANO"
"SALATA REGICA (kom)";"080606401";"NO BRAND";1;"PZ";0.99;0.99;0;0;0;0.99;"";"SALATE PUTERICA/EISBERG"
"SALATA OBITELJSKA 400g";"080607601";"NO BRAND";0.4;"KG";1.89;4.73;0;0;0;1.89;"3858893250371";"SALATE MJEŠANE - PAKIRANJE"
"POTOČNICA";"080611901";"NO BRAND";1;"PZ";0.89;0.89;0;0;0;0.89;"3858891690766";"SOBNO BILJE"
"TULIPANE BABY ŽUTE";"080615401";"NO BRAND";1;"PZ";2.69;2.69;0;0;0;2.69;"3858894413386";"SOBNO BILJE"
"RADIČ PAK 250g";"080615501";"NO BRAND";0.25;"KG";1.59;6.36;0;0;0;1.59;"8012566034384";"RADIČ"
"SALATA EISBERG 250g";"080615601";"NO BRAND";0.25;"KG";1.59;6.36;0;0;0;1.59;"8012566033554";"SALATE READY TO EAT PAKIRANJE"
"MIJEŠANA SALATA FETA 180g";"080615701";"NO BRAND";0.18;"KG";2.99;16.61;0;0;0;2.99;"3858893250616";"SALATE MJEŠANE - PAKIRANJE"
"MIJEŠANA SALATA MOZZARELLA 170g";"080616101";"NO BRAND";0.17;"KG";2.99;17.59;1.99;11.71;2.99;2.99;"3858893250593";"SALATE MJEŠANE - PAKIRANJE"
"MIJEŠANA SALATA TUNA 170g";"080616201";"NO BRAND";0.17;"KG";2.99;17.59;0;0;0;2.99;"3858893250555";"SALATE MJEŠANE - PAKIRANJE"
"MIJEŠANA SALATA PILETINA 175g";"080616301";"NO BRAND";0.175;"KG";2.99;17.09;1.99;11.37;2.99;2.99;"3858893253020";"SALATE MJEŠANE - PAKIRANJE"
"RUŽMARIN PADAJUĆI FI14";"080616901";"NO BRAND";1;"PZ";2.49;2.49;0;0;0;2.49;"";"ZAČINSKO SVJEŽE BILJE U VAZI"
"RUŽMARIN PADAJUĆI FI18";"080617001";"NO BRAND";1;"PZ";6.79;6.79;0;0;0;6.79;"8005201508289";"ZAČINSKO SVJEŽE BILJE U VAZI"
"RUŽMARIN FI18";"080617101";"NO BRAND";1;"PZ";6.79;6.79;0;0;0;6.79;"8005201503543";"ZAČINSKO SVJEŽE BILJE U VAZI"
"SMILJE FI18";"080617201";"NO BRAND";1;"PZ";6.79;6.79;0;0;0;6.79;"8005201521639";"SOBNO BILJE"
"LAVANDA FI18";"080617301";"NO BRAND";1;"PZ";6.79;6.79;0;0;0;6.79;"8005201503314";"SOBNO BILJE"
"MAJČINA DUŠICA FI14";"080617401";"NO BRAND";1;"PZ";2.49;2.49;0;0;0;2.49;"8005201507848";"SOBNO BILJE"
"LJETNICE MIX";"080618901";"NO BRAND";1;"PZ";0.69;0.69;0;0;0;0.69;"3858891691145";"SOBNO BILJE"
"VINKA";"080619001";"NO BRAND";1;"PZ";1.05;1.05;0;0;0;1.05;"3858891691138";"SOBNO BILJE"
"DIMLJENE KOBASICE";"900004401";"NO BRAND";1;"KG";7.19;7.19;0;0;0;7.19;"";"SALAME SVJEŽE - TEŽINSKE"
"BRAŠNO NAMJENSKO T-550 1kg";"900006001";"TRE MULINI";1;"KG";0.89;0.89;0;0;0;0.89;"3831001801061";"BRAŠNO"
"BRAŠNO NAMJENSKO T-550 1kg";"900006001";"TRE MULINI";1;"KG";0.89;0.89;0;0;0;0.89;"8007232003498";"BRAŠNO"
"BRAŠNO NAMJENSKO T-550 1kg";"900006001";"TRE MULINI";1;"KG";0.89;0.89;0;0;0;0.89;"3831001824725";"BRAŠNO"
"BRAŠNO NAMJENSKO T-550 1kg";"900006001";"TRE MULINI";1;"KG";0.89;0.89;0;0;0;0.89;"8017596134639";"BRAŠNO"
"BRAŠNO PŠENIČNO GLATKO T-550 1Kg";"900006101";"TRE MULINI";1;"KG";0.75;0.75;0;0;0;0.75;"8007232003504";"BRAŠNO"
"BRAŠNO PŠENIČNO GLATKO T-550 1Kg";"900006101";"TRE MULINI";1;"KG";0.75;0.75;0;0;0;0.75;"3831001824701";"BRAŠNO"
"BRAŠNO PŠENIČNO GLATKO T-550 1Kg";"900006101";"TRE MULINI";1;"KG";0.75;0.75;0;0;0;0.75;"5997587368126";"BRAŠNO"
"ŠUNKA ZA PIZZU";"900008601";"NO BRAND";1;"KG";5.19;5.19;0;0;0;5.19;"";"SALAME SVJEŽE - TEŽINSKE"
"GOVEĐE KOBASICE";"900021101";"NO BRAND";1;"KG";6.99;6.99;0;0;0;6.99;"";"SALAME SVJEŽE - TEŽINSKE"
"PUDING VANILIJA ŠLAG 200g";"900036002";"NO BRAND";0.2;"KG";0.49;2.45;0;0;0;0.49;"4036500008570";"JOGURTI I DESERTI"
"LAMPION SPIRALNI VELIKI";"900039701";"NO BRAND";1;"PZ";2.19;2.19;0;0;0;2.19;"8017596014771";"INSEKTICIDI/SVIJEĆE/OSVJEŽIVAČ"
"SELJAČKA SUHA KOBASICA";"900043301";"MEAT APPETIT";1;"KG";11.99;11.99;0;0;0;11.99;"";"SALAME SVJEŽE - TEŽINSKE"
"SALATNO ULJE 1l";"900055101";"NO BRAND";1;"LT";3.49;3.49;0;0;0;3.49;"3830020260118";"ULJE"
"SUDŽUK";"900106701";"MEAT APPETIT";1;"KG";13.99;13.99;0;0;0;13.99;"";"SALAME SVJEŽE - TEŽINSKE"
"PUREĆI FILE VP CCA 1kg";"900114601";"NO BRAND";1;"KG";9.99;9.99;0;0;0;9.99;"";"MESO PERADI"
"OCAT JABUČNI 1l";"900121601";"NO BRAND";1;"LT";1.05;1.05;0;0;0;1.05;"3830000170765";"OCAT"
"LAMPION ELEKTRIČNI 60 DANA";"900121701";"NO BRAND";1;"PZ";2.99;2.99;0;0;0;2.99;"8017596054555";"INSEKTICIDI/SVIJEĆE/OSVJEŽIVAČ"
"PAPRIKA CRVENA PEČENA 680g/380G";"900130001";"SUNNY NATURE";0.68;"KG";2.59;3.81;0;0;0;2.59;"8017596111586";"KONZER.PROIZVODI U ULJU/OCTU"
"PAPRIKA CRVENA PEČENA 680g/380G";"900130001";"SUNNY NATURE";0.68;"KG";2.59;3.81;0;0;0;2.59;"4021285902038";"KONZER.PROIZVODI U ULJU/OCTU"
"PAPRIKA CRVENA PEČENA 680g/380G";"900130001";"SUNNY NATURE";0.68;"KG";2.59;3.81;0;0;0;2.59;"5310246001262";"KONZER.PROIZVODI U ULJU/OCTU"
"NAPOLITANKE LJEŠNJAK 900g";"900141701";"DOLCIANDO";0.9;"KG";3.59;3.99;0;0;0;3.59;"8017596054616";"KEKSI/VAFLI/SNACKS"
"NAPOLITANKE KAKAO 900g";"900141702";"DOLCIANDO";0.9;"KG";3.59;3.99;0;0;0;3.59;"8017596054623";"KEKSI/VAFLI/SNACKS"
"LAMPION 5 DANA";"900143901";"NO BRAND";1;"PZ";2.69;2.69;0;0;0;2.69;"8017596019585";"INSEKTICIDI/SVIJEĆE/OSVJEŽIVAČ"
"LAMPION 5 DANA";"900143901";"NO BRAND";1;"PZ";2.69;2.69;0;0;0;2.69;"3830015023421";"INSEKTICIDI/SVIJEĆE/OSVJEŽIVAČ"
"GRAH CRVENI 410g/242g";"900154801";"DELIZIE DAL SOLE";0.41;"KG";0.59;1.44;0;0;0;0.59;"8002920780163";"POVRĆE KONZERVIRANO/SUHO"
"GRAH CRVENI 410g/242g";"900154801";"DELIZIE DAL SOLE";0.41;"KG";0.59;1.44;0;0;0;0.59;"8017596075284";"POVRĆE KONZERVIRANO/SUHO"
"VINO BIJELO TETRAPAK 1,5l";"900157401";"NO BRAND";1.5;"LT";2.49;1.66;0;0;0;2.49;"8008295000257";"VINA"
"VINO CRNO TETRAPAK 1,5l";"900157501";"NO BRAND";1.5;"LT";2.49;1.66;0;0;0;2.49;"8008295000264";"VINA"
"JOGURT TEKUĆI VOĆNI 0,1% m.m. 500g";"900240901";"LAND";0.5;"KG";1.19;2.38;0;0;0;1.19;"9019100541109";"JOGURTI I DESERTI"
"JOGURT TEKUĆI VOĆNI 0,1% m.m. 500g";"900240901";"LAND";0.5;"KG";1.19;2.38;0;0;0;1.19;"9019100541307";"JOGURTI I DESERTI"
"JOGURT TEKUĆI VOĆNI 0,1% m.m. 500g";"900240901";"LAND";0.5;"KG";1.19;2.38;0;0;0;1.19;"9019100541406";"JOGURTI I DESERTI"
"JOGURT TEKUĆI VOĆNI 0,1% m.m. 500g";"900240901";"LAND";0.5;"KG";1.19;2.38;0;0;0;1.19;"9019100541505";"JOGURTI I DESERTI"
"JOGURT TEKUĆI VOĆNI 0,1% m.m. 500g";"900240901";"LAND";0.5;"KG";1.19;2.38;0;0;0;1.19;"8017596065612";"JOGURTI I DESERTI"
"JOGURT TEKUĆI VOĆNI 0,1% m.m. 500g";"900240901";"LAND";0.5;"KG";1.19;2.38;0;0;0;1.19;"8017596065605";"JOGURTI I DESERTI"
"JOGURT TEKUĆI VOĆNI 0,1% m.m. 500g";"900240901";"LAND";0.5;"KG";1.19;2.38;0;0;0;1.19;"8017596065599";"JOGURTI I DESERTI"
"JOGURT TEKUĆI VOĆNI 0,1% m.m. 500g";"900240901";"LAND";0.5;"KG";1.19;2.38;0;0;0;1.19;"8017596065582";"JOGURTI I DESERTI"
"TUNA ŽP U MASLINOVOM ULJU 12x80g";"900242801";"ONDINA";0.96;"KG";11.99;12.49;0;0;0;11.99;"8017596055033";"RIBLJE KONZERVE"
"VANILIN KIFLICE 400g";"900249001";"NO BRAND";0.4;"KG";1.99;4.98;0;0;0;1.99;"3830013191832";"KEKSI/VAFLI/SNACKS"
"VANILIN KIFLICE 400g";"900249001";"NO BRAND";0.4;"KG";1.99;4.98;0;0;0;1.99;"3830062580519";"KEKSI/VAFLI/SNACKS"
"VANILIN KIFLICE 400g";"900249001";"NO BRAND";0.4;"KG";1.99;4.98;0;0;0;1.99;"3830051240073";"KEKSI/VAFLI/SNACKS"
"VINO LAŠKI RIZLING SLOVENIJA 750ml";"900261501";"NO BRAND";0.75;"LT";4.89;6.52;0;0;0;4.89;"3830001607871";"VINA"
"VINO LAŠKI RIZLING SLOVENIJA 750ml";"900261501";"NO BRAND";0.75;"LT";4.89;6.52;0;0;0;4.89;"3830078702066";"VINA"
"ŠEĆER U PRAHU 500g";"900261601";"NO BRAND";0.5;"KG";0.99;1.98;0;0;0;0.99;"3830049080049";"ŠEĆER"
"OCAT VINSKI CRVENI 1l";"900270501";"NO BRAND";1;"LT";1.05;1.05;0;0;0;1.05;"3838967121493";"OCAT"
"SL.KORNET VANILIJA JAGODA 6KOM 420g";"900275701";"NO BRAND";0.42;"KG";2.79;6.64;0;0;0;2.79;"8032891928646";"SLADOLEDI I DESERTI"
"SL.KORNET VANILIJA JAGODA 6KOM 420g";"900275701";"NO BRAND";0.42;"KG";2.79;6.64;0;0;0;2.79;"8032891929360";"SLADOLEDI I DESERTI"
"SLADOLED STRACCIATELLA 500g";"900276001";"NO BRAND";0.5;"KG";2.49;4.98;0;0;0;2.49;"8032891928745";"SLADOLEDI I DESERTI"
"SLADOLED STRACCIATELLA 500g";"900276001";"NO BRAND";0.5;"KG";2.49;4.98;0;0;0;2.49;"8032891929346";"SLADOLEDI I DESERTI"
"SLADOLED VANILIJA 500g";"900276101";"NO BRAND";0.5;"KG";2.39;4.78;1.69;3.38;2.39;2.39;"8032891928752";"SLADOLEDI I DESERTI"
"SLADOLED VANILIJA 500g";"900276101";"NO BRAND";0.5;"KG";2.39;4.78;1.69;3.38;2.39;2.39;"8032891929353";"SLADOLEDI I DESERTI"
"MLIJEKO TRAJNO 1,5% m.m. ČEP 1l";"900277201";"LAND";1;"LT";0.95;0.95;0;0;0;0.95;"9006207069001";"MLIJEČNI PROIZVODI UHT - JAJA"
"MLIJEKO TRAJNO 1,5% m.m. ČEP 1l";"900277201";"LAND";1;"LT";0.95;0.95;0;0;0;0.95;"8017596074621";"MLIJEČNI PROIZVODI UHT - JAJA"
"MLIJEKO TRAJNO 3,5% m.m. ČEP 1l";"900277301";"LAND";1;"LT";1.05;1.05;0.85;0.85;1.05;1.05;"9006207069100";"MLIJEČNI PROIZVODI UHT - JAJA"
"MLIJEKO TRAJNO 3,5% m.m. ČEP 1l";"900277301";"LAND";1;"LT";1.05;1.05;0.85;0.85;1.05;1.05;"8017596074614";"MLIJEČNI PROIZVODI UHT - JAJA"
"OCAT ALKOHOLNI 9% 1l";"900280301";"NO BRAND";1;"LT";0.69;0.69;0;0;0;0.69;"3838967125224";"OCAT"
"ŽELIRNI ŠEĆER 1kg";"900281801";"NO BRAND";1;"KG";1.99;1.99;0;0;0;1.99;"4001726360009";"KAKAO/DOD. ZA KOLAČE/PREHRANU"
"ŽELIRNI ŠEĆER 1kg";"900281801";"NO BRAND";1;"KG";1.99;1.99;0;0;0;1.99;"9012501003214";"KAKAO/DOD. ZA KOLAČE/PREHRANU"
"LJUTENICA 360g";"900283101";"SUNNY NATURE";0.36;"KG";2.59;7.19;0;0;0;2.59;"8017596111555";"RAJČICA/DODACI"
"LJUTENICA 360g";"900283101";"SUNNY NATURE";0.36;"KG";2.59;7.19;0;0;0;2.59;"5310246000555";"RAJČICA/DODACI"
"SENF 700g";"900287701";"NO BRAND";0.7;"KG";1.59;2.27;0;0;0;1.59;"3830000999229";"RAJČICA/DODACI"
"ENERGETSKI NAPITAK 1l";"900288301";"NO BRAND";1;"LT";1.59;1.59;0;0;0;1.59;"8032749756223";"BEZALKOHOLNA PIĆA"
"GOVEĐA KOBASICA 600g";"900290301";"MEAT APPETIT";0.6;"KG";5.49;9.15;0;0;0;5.49;"3832502192009";"SALAME SVJEŽE - EGALIZIRANE"
"GOVEĐA KOBASICA 600g";"900290301";"MEAT APPETIT";0.6;"KG";5.49;9.15;0;0;0;5.49;"8017596130112";"SALAME SVJEŽE - EGALIZIRANE"
"NAMAZ OD SLANINE 250g";"900290401";"MEAT APPETIT";0.25;"KG";1.79;7.16;0;0;0;1.79;"3830011820475";"SALAME SVJEŽE - EGALIZIRANE"
"NAMAZ OD SLANINE 250g";"900290401";"MEAT APPETIT";0.25;"KG";1.79;7.16;0;0;0;1.79;"8017596129918";"SALAME SVJEŽE - EGALIZIRANE"
"SARDINE U UMAKU OD POVRĆA 105g";"900309701";"NO BRAND";0.105;"KG";1.09;10.38;0;0;0;1.09;"3830003601563";"RIBLJE KONZERVE"
"SARDINE BILJNO ULJE S LIMUNOM 105g";"900309801";"NO BRAND";0.105;"KG";1.09;10.38;0;0;0;1.09;"3830003601556";"RIBLJE KONZERVE"
"ČAJNA SALAMA 420g";"900328501";"MEAT APPETIT";0.42;"KG";4.89;11.64;0;0;0;4.89;"3830041600382";"SALAME SVJEŽE - EGALIZIRANE"
"ČAJNA SALAMA 420g";"900328501";"MEAT APPETIT";0.42;"KG";4.89;11.64;0;0;0;4.89;"8017596130129";"SALAME SVJEŽE - EGALIZIRANE"
"NACHO UMAK SA SIROM PIKANTNI 435g";"900330801";"NO BRAND";0.435;"KG";2.69;6.18;0;0;0;2.69;"3830000998819";"RAJČICA/DODACI"
"SIR GORGONZOLA SLATKA/PIKANTNA 200g";"900330901";"PASCOLI ITALIANI";0.2;"KG";3.25;16.25;0;0;0;3.19;"8017596113023";"MLIJEČNI PROIZ. SVJEŽI - EGAL."
"SIR GORGONZOLA SLATKA/PIKANTNA 200g";"900330901";"PASCOLI ITALIANI";0.2;"KG";3.25;16.25;0;0;0;3.19;"8017596113016";"MLIJEČNI PROIZ. SVJEŽI - EGAL."
"SIR GORGONZOLA SLATKA/PIKANTNA 200g";"900330901";"PASCOLI ITALIANI";0.2;"KG";3.25;16.25;0;0;0;3.19;"8021398301731";"MLIJEČNI PROIZ. SVJEŽI - EGAL."
"SIR GORGONZOLA SLATKA/PIKANTNA 200g";"900330901";"PASCOLI ITALIANI";0.2;"KG";3.25;16.25;0;0;0;3.19;"8021398301748";"MLIJEČNI PROIZ. SVJEŽI - EGAL."
"KUMIN SJEMENKE 30g";"900332801";"NO BRAND";0.03;"KG";0.89;29.67;0;0;0;0.89;"8002136026338";"ZAČINI/LIOFILIZIRANO"
"MAŽURAN LIST 8g";"900333001";"NO BRAND";0.008;"KG";0.99;123.75;0;0;0;0.99;"8002136025393";"ZAČINI/LIOFILIZIRANO"
"MLINCI BEZ JAJA 400g";"900334101";"TRE MULINI";0.4;"KG";1.79;4.48;0;0;0;1.79;"3830013190200";"PEKARSKI PROIZVODI"
"MLINCI BEZ JAJA 400g";"900334101";"TRE MULINI";0.4;"KG";1.79;4.48;0;0;0;1.79;"8017596111357";"PEKARSKI PROIZVODI"
"NEKTAR JABUKA 1l";"900344501";"NO BRAND";1;"LT";1.09;1.09;0;0;0;1.09;"9006900215873";"BEZALKOHOLNA PIĆA"
"AJVAR LJUTI 360g";"900346101";"SUNNY NATURE";0.36;"KG";1.89;5.25;0;0;0;1.89;"5310246000944";"RAJČICA/DODACI"
"AJVAR LJUTI 360g";"900346101";"SUNNY NATURE";0.36;"KG";1.89;5.25;0;0;0;1.89;"8017596111661";"RAJČICA/DODACI"
"AJVAR BLAGI 360g";"900346201";"SUNNY NATURE";0.36;"KG";1.89;5.25;0;0;0;1.89;"5310246000951";"RAJČICA/DODACI"
"AJVAR BLAGI 360g";"900346201";"SUNNY NATURE";0.36;"KG";1.89;5.25;0;0;0;1.89;"8017596111654";"RAJČICA/DODACI"
"NEKTAR JAGODA 1l";"900349801";"NO BRAND";1;"LT";1.69;1.69;0;0;0;1.69;"3830055525411";"BEZALKOHOLNA PIĆA"
"TIROLSKA KOBASICA .  400g";"900351701";"MEAT APPETIT";0.4;"KG";2.42;6.05;0;0;0;2.42;"3830011820451";"SALAME SVJEŽE - EGALIZIRANE"
"TIROLSKA KOBASICA .  400g";"900351701";"MEAT APPETIT";0.4;"KG";2.42;6.05;0;0;0;2.42;"8017596129925";"SALAME SVJEŽE - EGALIZIRANE"
"POSEBNA KOBASICA 400g";"900354901";"MEAT APPETIT";0.4;"KG";1.99;4.98;0;0;0;1.99;"3830011820352";"SALAME SVJEŽE - EGALIZIRANE"
"POSEBNA KOBASICA 400g";"900354901";"MEAT APPETIT";0.4;"KG";1.99;4.98;0;0;0;1.99;"8017596129932";"SALAME SVJEŽE - EGALIZIRANE"
"DOMAĆI RUM 37,5% 1000ml";"900358001";"NO BRAND";1;"LT";9.89;9.89;0;0;0;9.89;"3830006256258";"JAKA ALKOHOLNA PIĆA"
"LJUTA KOBASICA 500g";"900360601";"MEAT APPETIT";0.5;"KG";5.49;10.98;0;0;0;5.49;"3830041600085";"SALAME SVJEŽE - EGALIZIRANE"
"LJUTA KOBASICA 500g";"900360601";"MEAT APPETIT";0.5;"KG";5.49;10.98;0;0;0;5.49;"8017596130136";"SALAME SVJEŽE - EGALIZIRANE"
"PILEĆA PRSA U OVITKU 400g";"900360801";"NO BRAND";0.4;"KG";3.49;8.73;0;0;0;3.49;"3831006604056";"SALAME SVJEŽE - EGALIZIRANE"
"KEKSI LINCER KAKAO 400g";"900363801";"DOLCIANDO";0.4;"KG";2.29;5.73;0;0;0;2.29;"3830056441048";"KEKSI/VAFLI/SNACKS"
"KEKSI LINCER KAKAO 400g";"900363801";"DOLCIANDO";0.4;"KG";2.29;5.73;0;0;0;2.29;"8017596133038";"KEKSI/VAFLI/SNACKS"
"BRAŠNO PIROVO 1kg";"900367801";"TRE MULINI";1;"KG";1.69;1.69;0;0;0;1.69;"3831001824800";"BRAŠNO"
"BRAŠNO PIROVO 1kg";"900367801";"TRE MULINI";1;"KG";1.69;1.69;0;0;0;1.69;"8017596134646";"BRAŠNO"
"BRAŠNO HELJDINO 1kg";"900369001";"TRE MULINI";1;"KG";2.99;2.99;0;0;0;2.99;"3831001824787";"BRAŠNO"
"BRAŠNO HELJDINO 1kg";"900369001";"TRE MULINI";1;"KG";2.99;2.99;0;0;0;2.99;"8017596134622";"BRAŠNO"
"BRAŠNO PŠENIČNO OŠTRO T-400 1kg";"900369101";"TRE MULINI";1;"KG";0.75;0.75;0;0;0;0.75;"3831001824794";"BRAŠNO"
"IZOTON. NAPITAK LIMUN I GREJP 500ml";"900378601";"NO BRAND";0.5;"LT";0.79;1.58;0.59;1.18;0.79;0.79;"3830000774598";"BEZALKOHOLNA PIĆA"
"PIVO GRALSBURG LIM 4,3% 500ml";"900379101";"NO BRAND";0.5;"LT";0.69;1.38;0;0;0;0.69;"4014086024399";"PIVA"
"WHISKY BLENDED SCOTCH 40% 700ml";"900380101";"NO BRAND";0.7;"LT";7.89;11.27;0;0;0;7.89;"8007525118502";"JAKA ALKOHOLNA PIĆA"
"WHISKY SCOTCH & SPANISH 40% 700ml";"900380201";"NO BRAND";0.7;"LT";7.89;11.27;0;0;0;7.89;"8007525106905";"JAKA ALKOHOLNA PIĆA"
"ŠEĆER KRISTAL BIJELI 1kg";"900381001";"NO BRAND";1;"KG";0.99;0.99;0;0;0;0.99;"3830049080018";"ŠEĆER"
"KULEN GOVEĐI 460g";"900387801";"MEAT APPETIT";0.46;"KG";6.99;15.2;0;0;0;6.99;"3830042431596";"SALAME SVJEŽE - EGALIZIRANE"
"KULEN GOVEĐI 460g";"900387801";"MEAT APPETIT";0.46;"KG";6.99;15.2;0;0;0;6.99;"3830041600450";"SALAME SVJEŽE - EGALIZIRANE"
"KULEN GOVEĐI 460g";"900387801";"MEAT APPETIT";0.46;"KG";6.99;15.2;0;0;0;6.99;"8017596130143";"SALAME SVJEŽE - EGALIZIRANE"
"VODKA JAGODA 18% 700ml";"900388201";"NO BRAND";0.7;"LT";4.39;6.27;0;0;0;4.39;"8004565022134";"SLATKI LIKERI/APERITIVI"
"VODKA JAGODA 18% 700ml";"900388201";"NO BRAND";0.7;"LT";4.39;6.27;0;0;0;4.39;"8009710106608";"SLATKI LIKERI/APERITIVI"
"VODKA BRESKVA 18% 700ml";"900388401";"NO BRAND";0.7;"LT";4.39;6.27;0;0;0;4.39;"8004565022059";"SLATKI LIKERI/APERITIVI"
"VODKA BRESKVA 18% 700ml";"900388401";"NO BRAND";0.7;"LT";4.39;6.27;0;0;0;4.39;"8009710106400";"SLATKI LIKERI/APERITIVI"
"TEKUĆI JOGURT 3,2% m.m. 1kg";"900388601";"LAND";1;"KG";1.79;1.79;0;0;0;1.79;"3831051012752";"JOGURTI I DESERTI"
"TEKUĆI JOGURT 3,2% m.m. 1kg";"900388601";"LAND";1;"KG";1.79;1.79;0;0;0;1.79;"3831051014459";"JOGURTI I DESERTI"
"TEKUĆI JOGURT 3,2% m.m. 1kg";"900388601";"LAND";1;"KG";1.79;1.79;0;0;0;1.79;"8017596132123";"JOGURTI I DESERTI"
"ZAPEČENI GRAH 400g";"900389001";"NO BRAND";0.4;"KG";1.59;3.98;0;0;0;1.59;"3856020212766";"RAJČICA/DODACI"
"PJENUŠAVO VINO SLADKA PENINA 750ml";"900390101";"NO BRAND";0.75;"LT";5.89;7.85;0;0;0;5.89;"3830001609400";"PJENUŠCI"
"SVJEŽE VRHNJE ZA ŠLAG 36% m.m.250ml";"900391101";"NO BRAND";0.25;"LT";1.69;6.76;0;0;0;1.69;"9006207003241";"MLIJEKO SVJEŽE VRHNJE"
"CRNI PAPAR MLINAC 45g";"900396701";"NO BRAND";0.045;"KG";1.49;33.11;0;0;0;1.49;"8002136222129";"ZAČINI/LIOFILIZIRANO"
"RAJČICA SJECKANA 400g";"900401501";"DELIZIE DAL SOLE";0.4;"KG";0.79;1.98;0;0;0;0.79;"8017596010230";"RAJČICA/DODACI"
"PILEĆA PRSA 150g";"900401801";"NO BRAND";0.15;"KG";1.79;11.93;0;0;0;1.79;"3831020344754";"SALAME SVJEŽE - EGALIZIRANE"
"GOVEĐA SALAMA 500g";"900403601";"MEAT APPETIT";0.5;"KG";6.99;13.98;0;0;0;6.99;"3830042431923";"SALAME SVJEŽE - EGALIZIRANE"
"GOVEĐA SALAMA 500g";"900403601";"MEAT APPETIT";0.5;"KG";6.99;13.98;0;0;0;6.99;"3830041600467";"SALAME SVJEŽE - EGALIZIRANE"
"GOVEĐA SALAMA 500g";"900403601";"MEAT APPETIT";0.5;"KG";6.99;13.98;0;0;0;6.99;"8017596130112";"SALAME SVJEŽE - EGALIZIRANE"
"GOVEĐA SALAMA 500g";"900403601";"MEAT APPETIT";0.5;"KG";6.99;13.98;0;0;0;6.99;"8017596130167";"SALAME SVJEŽE - EGALIZIRANE"
"GULAŠ GOVEĐI 400g";"900409901";"NO BRAND";0.4;"KG";3.39;8.48;0;0;0;3.39;"3856020218348";"MESNE KONZERVE"
"TRIPICE GOVEĐE 400g";"900410001";"NO BRAND";0.4;"KG";2.89;7.23;0;0;0;2.89;"3856020218430";"MESNE KONZERVE"
"SIR SVJEŽI 10% m.m. 500g";"900410301";"NO BRAND";0.5;"KG";1.85;3.7;0;0;0;1.85;"3858888598723";"MLIJEČNI PROIZ. SVJEŽI - EGAL."
"SIR SVJEŽI 10% m.m. 500g";"900410301";"NO BRAND";0.5;"KG";1.85;3.7;0;0;0;1.85;"3830060750341";"MLIJEČNI PROIZ. SVJEŽI - EGAL."
"CIKLA 680g/380g";"900419101";"SUNNY NATURE";0.68;"KG";1.49;2.19;0;0;0;1.49;"8017596111562";"KONZER.PROIZVODI U ULJU/OCTU"
"CIKLA 680g/380g";"900419101";"SUNNY NATURE";0.68;"KG";1.49;2.19;0;0;0;1.49;"5310246001224";"KONZER.PROIZVODI U ULJU/OCTU"
"SALATA MIJEŠANA 680g/360g";"900419201";"SUNNY NATURE";0.68;"KG";1.59;2.34;0;0;0;1.59;"8017596111593";"KONZER.PROIZVODI U ULJU/OCTU"
"SALATA MIJEŠANA 680g/360g";"900419201";"SUNNY NATURE";0.68;"KG";1.59;2.34;0;0;0;1.59;"5310246001217";"KONZER.PROIZVODI U ULJU/OCTU"
"KRASTAVCI KISELI 670g/360g";"900419301";"SUNNY NATURE";0.67;"KG";1.59;2.37;0;0;0;1.59;"8017596111548";"KONZER.PROIZVODI U ULJU/OCTU"
"KRASTAVCI KISELI 670g/360g";"900419301";"SUNNY NATURE";0.67;"KG";1.59;2.37;0;0;0;1.59;"5310246001279";"KONZER.PROIZVODI U ULJU/OCTU"
"FEFERONI BLAGI 600g/280g";"900419401";"SUNNY NATURE";0.6;"KG";2.19;3.65;0;0;0;2.19;"8017596111616";"KONZER.PROIZVODI U ULJU/OCTU"
"FEFERONI BLAGI 600g/280g";"900419401";"SUNNY NATURE";0.6;"KG";2.19;3.65;0;0;0;2.19;"5310246001248";"KONZER.PROIZVODI U ULJU/OCTU"
"FEFERONI LJUTI 620g/320g";"900419501";"SUNNY NATURE";0.62;"KG";2.19;3.53;0;0;0;2.19;"8017596111609";"KONZER.PROIZVODI U ULJU/OCTU"
"FEFERONI LJUTI 620g/320g";"900419501";"SUNNY NATURE";0.62;"KG";2.19;3.53;0;0;0;2.19;"5310246001231";"KONZER.PROIZVODI U ULJU/OCTU"
"PAPRIKA CRVENA FILETI 670g/320g";"900419601";"SUNNY NATURE";0.67;"KG";2.09;3.12;0;0;0;2.09;"8017596111623";"KONZER.PROIZVODI U ULJU/OCTU"
"PAPRIKA CRVENA FILETI 670g/320g";"900419601";"SUNNY NATURE";0.67;"KG";2.09;3.12;0;0;0;2.09;"5310246001286";"KONZER.PROIZVODI U ULJU/OCTU"
"FEFERONI PEČENI NA ŽARU 520g/280g";"900420701";"SUNNY NATURE";0.52;"KG";2.19;4.21;0;0;0;2.19;"8017596111579";"KONZER.PROIZVODI U ULJU/OCTU"
"FEFERONI PEČENI NA ŽARU 520g/280g";"900420701";"SUNNY NATURE";0.52;"KG";2.19;4.21;0;0;0;2.19;"5310246001255";"KONZER.PROIZVODI U ULJU/OCTU"
"MIX BRUSNICE I INDIJSKI ORAŠ. 200g";"900421901";"NO BRAND";0.2;"KG";2.92;14.6;0;0;0;2.92;"3830066283355";"VOĆE SUHO/ORAŠASTO"
"MIX BRUSNICE I INDIJSKI ORAŠ. 200g";"900421901";"NO BRAND";0.2;"KG";2.92;14.6;0;0;0;2.92;"3830066283058";"VOĆE SUHO/ORAŠASTO"
"LJEŠNJAK JEZGRA 200g";"900422101";"NO BRAND";0.2;"KG";2.65;13.25;0;0;0;2.65;"3830066283317";"VOĆE SUHO/ORAŠASTO"
"LJEŠNJAK JEZGRA 200g";"900422101";"NO BRAND";0.2;"KG";2.65;13.25;0;0;0;2.65;"3830066283027";"VOĆE SUHO/ORAŠASTO"
"SUHE ŠLJIVE BK SD 200g";"900422201";"NO BRAND";0.2;"KG";1.59;7.95;0;0;0;1.59;"3830066283386";"VOĆE SUHO/ORAŠASTO"
"STUDENT MIX 200g";"900422301";"NO BRAND";0.2;"KG";1.86;9.3;0;0;0;1.86;"3830066283362";"VOĆE SUHO/ORAŠASTO"
"STUDENT MIX 200g";"900422301";"NO BRAND";0.2;"KG";1.86;9.3;0;0;0;1.86;"3830066283041";"VOĆE SUHO/ORAŠASTO"
"LJEŠNJAK MLJEVENI 200g";"900422601";"NO BRAND";0.2;"KG";2.65;13.25;0;0;0;2.65;"3830066283324";"VOĆE SUHO/ORAŠASTO"
"LJEŠNJAK MLJEVENI 200g";"900422601";"NO BRAND";0.2;"KG";2.65;13.25;0;0;0;2.65;"3830066283072";"VOĆE SUHO/ORAŠASTO"
"ORAH MLJEVENI 200g";"900422701";"NO BRAND";0.2;"KG";2.65;13.25;0;0;0;2.65;"3830066283379";"VOĆE SUHO/ORAŠASTO"
"ORAH MLJEVENI 200g";"900422701";"NO BRAND";0.2;"KG";2.65;13.25;0;0;0;2.65;"3830066283065";"VOĆE SUHO/ORAŠASTO"
"BADEM JEZGRA 200g";"900422801";"NO BRAND";0.2;"KG";2.49;12.45;0;0;0;2.49;"3830066283331";"VOĆE SUHO/ORAŠASTO"
"BADEM JEZGRA 200g";"900422801";"NO BRAND";0.2;"KG";2.49;12.45;0;0;0;2.49;"3830066283034";"VOĆE SUHO/ORAŠASTO"
"KOMPOT VIŠNJA 680g/340g";"900423401";"PUERTOSOL";0.68;"KG";1.85;2.72;0;0;0;1.85;"3858885874059";"VOĆE KONZERVIRANO"
"KOMPOT VIŠNJA 680g/340g";"900423401";"PUERTOSOL";0.68;"KG";1.85;2.72;0;0;0;1.85;"8017596110954";"VOĆE KONZERVIRANO"
"GRAH S KOBASICOM 415g";"900431701";"NO BRAND";0.415;"KG";1.89;4.55;0;0;0;1.89;"3831029516664";"MESNE KONZERVE"
"KEKSI LINCER MARELICA 400g";"900431801";"DOLCIANDO";0.4;"KG";2.59;6.48;0;0;0;2.59;"3830013192167";"KEKSI/VAFLI/SNACKS"
"KEKSI LINCER MARELICA 400g";"900431801";"DOLCIANDO";0.4;"KG";2.59;6.48;0;0;0;2.59;"3830062580496";"KEKSI/VAFLI/SNACKS"
"KEKSI LINCER MARELICA 400g";"900431801";"DOLCIANDO";0.4;"KG";2.59;6.48;0;0;0;2.59;"3830042310945";"KEKSI/VAFLI/SNACKS"
"KEKSI LINCER MARELICA 400g";"900431801";"DOLCIANDO";0.4;"KG";2.59;6.48;0;0;0;2.59;"8017596133045";"KEKSI/VAFLI/SNACKS"
"POSEBNA KOBASICA SIR/POVRĆE 400g";"900432001";"MEAT APPETIT";0.4;"KG";2.19;5.48;0;0;0;2.19;"3830011820819";"SALAME SVJEŽE - EGALIZIRANE"
"POSEBNA KOBASICA SIR/POVRĆE 400g";"900432001";"MEAT APPETIT";0.4;"KG";2.19;5.48;0;0;0;2.19;"3830011820826";"SALAME SVJEŽE - EGALIZIRANE"
"POSEBNA KOBASICA SIR/POVRĆE 400g";"900432001";"MEAT APPETIT";0.4;"KG";2.19;5.48;0;0;0;2.19;"8017596130440";"SALAME SVJEŽE - EGALIZIRANE"
"POSEBNA KOBASICA SIR/POVRĆE 400g";"900432001";"MEAT APPETIT";0.4;"KG";2.19;5.48;0;0;0;2.19;"8017596130433";"SALAME SVJEŽE - EGALIZIRANE"
"BILJNI LIKER 35% 700ml";"900432101";"NO BRAND";0.7;"LT";6.5;9.29;0;0;0;6.5;"3830006250782";"JAKA ALKOHOLNA PIĆA"
"PELINKOVAC 28% 1000ml";"900433901";"NO BRAND";1;"LT";7.79;7.79;0;0;0;7.79;"3830006250768";"JAKA ALKOHOLNA PIĆA"
"ČAJNO PECIVO 1kg";"900446301";"DOLCIANDO";1;"KG";3.29;3.29;0;0;0;3.29;"3830042310983";"KEKSI/VAFLI/SNACKS"
"ČAJNO PECIVO 1kg";"900446301";"DOLCIANDO";1;"KG";3.29;3.29;0;0;0;3.29;"8017596133052";"KEKSI/VAFLI/SNACKS"
"KOZICE PROKUHANE 300g";"900446701";"NO BRAND";0.3;"KG";4.79;15.97;0;0;0;4.79;"3857500084743";"RAKOVI KUHANI"
"ŠTRUDLA JABUKA 600g";"900447301";"NO BRAND";0.6;"KG";2.99;4.98;1.99;3.32;2.99;2.99;"8000460010207";"ZAMRZNUTA POLUGOTOVA JELA"
"ČEŠNJAK GRUBO MLJEVENI 50g";"900449601";"DON JEREZ";0.05;"KG";1.19;23.8;0;0;0;1.19;"8017596109439";"ZAČINI/LIOFILIZIRANO"
"ČEŠNJAK GRUBO MLJEVENI 50g";"900449601";"DON JEREZ";0.05;"KG";1.19;23.8;0;0;0;1.19;"24100519";"ZAČINI/LIOFILIZIRANO"
"PAPAR MJEŠAVINA 35g";"900449701";"DON JEREZ";0.035;"KG";1.49;42.57;0;0;0;1.49;"24100526";"ZAČINI/LIOFILIZIRANO"
"RIŽA DUGOZRNATA PARBOILED 1kg";"900450201";"NO BRAND";1;"KG";1.99;1.99;0;0;0;1.99;"8009551200169";"RIŽA"
"RIŽA DUGOZRNATA 1kg";"900450301";"NO BRAND";1;"KG";1.59;1.59;0;0;0;1.59;"8009551200060";"RIŽA"
"MASLAC OD KIKIRIKIJA KREMASTI 350g";"900452601";"NO BRAND";0.35;"KG";2.39;6.83;0;0;0;2.39;"3870507004958";"DORUČAK - PAHULJICE/NAMAZI/MED"
"MASLAC OD KIKIRIKIJA HRSKAVI 350g";"900452701";"NO BRAND";0.35;"KG";2.39;6.83;0;0;0;2.39;"3870507004965";"DORUČAK - PAHULJICE/NAMAZI/MED"
"CROISSANT MINI S ČOK.KRE. 200g";"900453501";"DOLCIANDO";0.2;"KG";1.49;7.45;0;0;0;1.49;"8017596012289";"BISKVIT PROIZVODI/KROASAN"
"LOVOR LIST 5g";"900453701";"DON JEREZ";0.005;"KG";0.29;58;0;0;0;0.29;"8017596109859";"ZAČINI/LIOFILIZIRANO"
"MJEŠAVINA ZAČINA ZA ROŠTILJ 170g";"900453801";"TRE MULINI";0.17;"KG";1.39;8.18;0;0;0;1.39;"8017596109873";"ZAČINI/LIOFILIZIRANO"
"MJEŠAVINA ZAČINA ZA PILETINU 170g";"900453901";"DON JEREZ";0.17;"KG";1.39;8.18;0;0;0;1.39;"8017596109880";"ZAČINI/LIOFILIZIRANO"
"MJEŠAVINA ZAČINA ZA KRUMPIR 40g";"900454001";"DON JEREZ";0.04;"KG";0.45;11.25;0;0;0;0.45;"8017596109903";"ZAČINI/LIOFILIZIRANO"
"MJEŠAVINA ZAČINA ZA RIBU 40g";"900454101";"DON JEREZ";0.04;"KG";0.45;11.25;0;0;0;0.45;"8017596109897";"ZAČINI/LIOFILIZIRANO"
"MJEŠAVINA ZAČINA SVINJETINA 40g";"900454201";"DON JEREZ";0.04;"KG";0.45;11.25;0;0;0;0.45;"8017596109910";"ZAČINI/LIOFILIZIRANO"
"DODATAK JELIMA S POVRĆEM 250g";"900454301";"DON JEREZ";0.25;"KG";0.69;2.76;0;0;0;0.69;"8017596109675";"ZAČINI/LIOFILIZIRANO"
"DODATAK JELIMA S POVRĆEM 500g";"900454401";"DON JEREZ";0.5;"KG";1.09;2.18;0;0;0;1.09;"8017596109682";"ZAČINI/LIOFILIZIRANO"
"DODATAK JELIMA S POVRĆEM 1kg";"900454501";"DON JEREZ";1;"KG";2.49;2.49;0;0;0;2.49;"8017596109699";"ZAČINI/LIOFILIZIRANO"
"ČOKOLADA S KEKSOM 300g";"900454801";"NO BRAND";0.3;"KG";4.29;14.3;0;0;0;3.79;"4000415696603";"ČOKOLADE"
"ČOKOLADA COOKIE AND CREAM 300g";"900454901";"NO BRAND";0.3;"KG";4.29;14.3;0;0;0;3.79;"4000415696801";"ČOKOLADE"
"ČOKOLADA S KARAMELOM 295g";"900455001";"NO BRAND";0.295;"KG";4.29;14.54;0;0;0;3.79;"4000415696009";"ČOKOLADE"
"ČOKOLADA TOFFEE I LJEŠNJACI 300g";"900455101";"NO BRAND";0.3;"KG";4.29;14.3;0;0;0;3.79;"4000415696405";"ČOKOLADE"
"INSTANT NAPITAK NARANČA 200g";"900455601";"BLUES";0.2;"KG";1.19;5.95;0;0;0;1.19;"8017596108944";"KAKAO/DOD. ZA KOLAČE/PREHRANU"
"INSTANT NAPITAK NARANČA 1kg";"900455701";"BLUES";1;"KG";3.89;3.89;0;0;0;3.89;"8017596108951";"KAKAO/DOD. ZA KOLAČE/PREHRANU"
"INSTANT NAPITAK LIMUN 200g";"900455801";"BLUES";0.2;"KG";1.19;5.95;0;0;0;1.19;"8017596108968";"KAKAO/DOD. ZA KOLAČE/PREHRANU"
"INSTANT NAPITAK LIMUN 1kg";"900455901";"BLUES";1;"KG";3.89;3.89;0;0;0;3.89;"8017596108975";"KAKAO/DOD. ZA KOLAČE/PREHRANU"
"DŽEM MARELICA 50% EXTRA 450g";"900456301";"PUERTOSOL";0.45;"KG";2.39;5.31;0;0;0;2.39;"8017596109002";"DORUČAK - PAHULJICE/NAMAZI/MED"
"DŽEM JAGODA EXTRA 50% 450g";"900456401";"PUERTOSOL";0.45;"KG";2.39;5.31;0;0;0;2.39;"8017596109019";"DORUČAK - PAHULJICE/NAMAZI/MED"
"DŽEM ŠUMSKO VOĆE EXTRA 50% 450g";"900456501";"PUERTOSOL";0.45;"KG";2.69;5.98;0;0;0;2.69;"8017596109026";"DORUČAK - PAHULJICE/NAMAZI/MED"
"DŽEM VIŠNJA 50% EXTRA 450g";"900456601";"PUERTOSOL";0.45;"KG";2.39;5.31;0;0;0;2.39;"8017596109033";"DORUČAK - PAHULJICE/NAMAZI/MED"
"DŽEM ŠLJIVA 50% EXTRA 450g";"900456701";"PUERTOSOL";0.45;"KG";2.39;5.31;0;0;0;2.39;"8017596109040";"DORUČAK - PAHULJICE/NAMAZI/MED"
"DŽEM MALINA EXTRA 50% 450g";"900456801";"PUERTOSOL";0.45;"KG";2.99;6.64;0;0;0;2.99;"8017596109057";"DORUČAK - PAHULJICE/NAMAZI/MED"
"DŽEM ŠIPAK 40% EXTRA 840g";"900457001";"PUERTOSOL";0.84;"KG";3.29;3.92;0;0;0;3.29;"8017596109071";"DORUČAK - PAHULJICE/NAMAZI/MED"
"DŽEM MARELICA 35% 700g";"900457101";"PUERTOSOL";0.7;"KG";2.89;4.13;0;0;0;2.89;"8017596109088";"DORUČAK - PAHULJICE/NAMAZI/MED"
"DŽEM JAGODA 35% 700g";"900457201";"PUERTOSOL";0.7;"KG";2.89;4.13;0;0;0;2.89;"8017596109095";"DORUČAK - PAHULJICE/NAMAZI/MED"
"DŽEM MIJEŠANO VOĆE 45% 840g";"900457301";"PUERTOSOL";0.84;"KG";2.99;3.56;0;0;0;2.99;"8017596109064";"DORUČAK - PAHULJICE/NAMAZI/MED"
"KAVA PREMIUM MLJEVENA 175g";"900458001";"NO BRAND";0.175;"KG";2.39;13.66;0;0;0;2.39;"8017596111678";"KAVA/ČAJEVI/DRUGO"
"SOFT CAKE NARANČA 250g";"900458301";"NO BRAND";0.25;"KG";1.69;6.76;0;0;0;1.69;"5310005025607";"KEKSI/VAFLI/SNACKS"
"SOFT CAKE NARANČA 125g";"900458401";"NO BRAND";0.125;"KG";0.99;7.92;0;0;0;0.99;"5310005025560";"KEKSI/VAFLI/SNACKS"
"SOFT CAKE VIŠNJA 125g";"900458501";"NO BRAND";0.125;"KG";0.99;7.92;0;0;0;0.99;"5310005025584";"KEKSI/VAFLI/SNACKS"
"KEKSI PRELIVENI ČOKOLADOM 250g";"900458601";"NO BRAND";0.25;"KG";1.69;6.76;0;0;0;1.69;"5310005025737";"KEKSI/VAFLI/SNACKS"
"KAVA KLASIK 250g";"900459201";"NO BRAND";0.25;"KG";2.49;9.96;0;0;0;1.99;"8003012011035";"KAVA/ČAJEVI/DRUGO"
"MJEŠANA MLJEVENA I PRŽENA KAVA 100g";"900459301";"DON JEREZ";0.1;"KG";1.09;10.9;0;0;0;0.99;"8017596111708";"KAVA/ČAJEVI/DRUGO"
"KAVA TURSKA MLJEVENA 250g";"900459401";"DON JEREZ";0.25;"KG";2.79;11.16;0;0;0;2.59;"8017596111715";"KAVA/ČAJEVI/DRUGO"
"MLJEVENA PAPRIKA SLATKA 100g";"900459501";"DON JEREZ";0.1;"KG";1.29;12.9;0;0;0;1.29;"8017596109705";"ZAČINI/LIOFILIZIRANO"
"KAVA TURSKA MLJEVENA 500g";"900459601";"DON JEREZ";0.5;"KG";5.49;10.98;0;0;0;5.49;"8017596111722";"KAVA/ČAJEVI/DRUGO"
"MLJEVENA PAPRIKA SLATKA 200g";"900459701";"DON JEREZ";0.2;"KG";1.99;9.95;0;0;0;1.99;"8017596109712";"ZAČINI/LIOFILIZIRANO"
"KAVA MINAS MLJEVENA 200g";"900459801";"DON JEREZ";0.2;"KG";2.89;14.45;2.59;12.95;2.89;2.89;"8017596111685";"KAVA/ČAJEVI/DRUGO"
"CRNI PAPAR MLJEVENI 100g";"900459901";"DON JEREZ";0.1;"KG";1.39;13.9;0;0;0;1.39;"8017596109729";"ZAČINI/LIOFILIZIRANO"
"KAVA MINAS MLJEVENA 500g";"900460001";"DON JEREZ";0.5;"KG";6.69;13.38;0;0;0;6.49;"8017596111692";"KAVA/ČAJEVI/DRUGO"
"ČOK. DRAGEE CHOCO BALLS CRISP 80g";"900461301";"DOLCIANDO";0.08;"KG";0.79;9.88;0;0;0;0.79;"8017596110947";"ČOKOLADE"
"ČOKOLADA MLIJEČNA S RIŽOM 150g";"900463101";"NO BRAND";0.15;"KG";2.39;15.93;2.09;13.93;2.39;2.39;"8008743041740";"ČOKOLADE"
"ČOKOLADA TAMNA S RIŽOM 150g";"900463201";"NO BRAND";0.15;"KG";2.39;15.93;2.09;13.93;2.39;2.39;"8008743041757";"ČOKOLADE"
"TJESTENINA 4 SIRA 160g";"900464001";"EAT EASY AND TASTY";0.16;"KG";1.49;9.31;0;0;0;1.49;"8017596108845";"JUHE/DEHIDRIRANI PROIZVODI"
"TJESTENINA CARBONARA 160g";"900464101";"EAT EASY AND TASTY";0.16;"KG";1.49;9.31;0;0;0;1.49;"8017596108852";"JUHE/DEHIDRIRANI PROIZVODI"
"MLJEVENI MAK 200g";"900464601";"NO BRAND";0.2;"KG";1.49;7.45;0;0;0;1.49;"3859893282522";"KAKAO/DOD. ZA KOLAČE/PREHRANU"
"BRAŠNO OD KOKOSA 200g";"900464701";"NO BRAND";0.2;"KG";0.85;4.25;0;0;0;0.85;"3859893282508";"KAKAO/DOD. ZA KOLAČE/PREHRANU"
"MLJEVENI ROGAČ 200g";"900464801";"NO BRAND";0.2;"KG";0.8;4;0;0;0;0.8;"3859893282492";"KAKAO/DOD. ZA KOLAČE/PREHRANU"
"RATLUK RAHAT LOKUM ROSE 200g";"900465201";"NO BRAND";0.2;"KG";1.09;5.45;0;0;0;1.09;"5310345005222";"SLATKIŠI I BOMBONI"
"TOAST KRUH CLASSIC 500g";"900465301";"TRE MULINI";0.5;"KG";1.19;2.38;0;0;0;1.19;"8017596110497";"PEKARSKI PROIZVODI"
"TOAST KRUH BUTTER 500g";"900465401";"TRE MULINI";0.5;"KG";1.55;3.1;1.29;2.58;1.55;1.55;"8017596110510";"PEKARSKI PROIZVODI"
"TOAST KRUH INTEGRAL 500g";"900465501";"TRE MULINI";0.5;"KG";1.39;2.78;0;0;0;1.39;"8017596110503";"PEKARSKI PROIZVODI"
"BUČINO ULJE 500ml";"900466501";"NO BRAND";0.5;"LT";7.99;15.98;0;0;0;7.99;"3830020261092";"ULJE"
"REBRASTI ČIPS SLANI 150g";"900467301";"NO BRAND";0.15;"KG";0.99;6.6;0;0;0;0.99;"3859888532588";"KEKSI/VAFLI/SNACKS"
"REBRASTI ČIPS PAPRIKA 150g";"900467401";"NO BRAND";0.15;"KG";0.99;6.6;0;0;0;0.99;"3859888532595";"KEKSI/VAFLI/SNACKS"
"FLIPS S KIKIRIKIJEM 150g";"900467501";"NO BRAND";0.15;"KG";0.89;5.93;0;0;0;0.89;"3859888532526";"KEKSI/VAFLI/SNACKS"
"FLIPS S KIKIRIKIJEM 60g";"900467601";"NO BRAND";0.06;"KG";0.35;5.83;0;0;0;0.35;"3859888532533";"KEKSI/VAFLI/SNACKS"
"FLIPS KUKURUZNI 100g";"900467701";"NO BRAND";0.1;"KG";0.49;4.9;0;0;0;0.49;"3859888532847";"KEKSI/VAFLI/SNACKS"
"REBRASTI ČIPS VRHNJE I LUK 150g";"900467801";"NO BRAND";0.15;"KG";0.99;6.6;0;0;0;0.99;"3859888532823";"KEKSI/VAFLI/SNACKS"
"ČIPS SLANI 250g";"900467901";"NO BRAND";0.25;"KG";1.59;6.36;0;0;0;1.59;"3859888532557";"KEKSI/VAFLI/SNACKS"
"ČIPS SLANI 150g";"900468001";"NO BRAND";0.15;"KG";0.99;6.6;0.79;5.27;0.99;0.99;"3859888532540";"KEKSI/VAFLI/SNACKS"
"ČIPS PAPRIKA 150g";"900468201";"NO BRAND";0.15;"KG";0.99;6.6;0;0;0;0.99;"3859888532564";"KEKSI/VAFLI/SNACKS"
"ČIPS PAPRIKA 250g";"900468301";"NO BRAND";0.25;"KG";1.59;6.36;0;0;0;1.59;"3859888532571";"KEKSI/VAFLI/SNACKS"
"FILETI HARINGE U BILJNOM ULJU 170g";"900468601";"NO BRAND";0.17;"KG";1.39;8.18;0;0;0;1.39;"5901576054723";"RIBLJE KONZERVE"
"FILETI HARINGE UMAK OD RAJČICA 170g";"900468701";"NO BRAND";0.17;"KG";1.39;8.18;0;0;0;1.39;"5901576054716";"RIBLJE KONZERVE"
"MAJONEZA VREĆICA 85g";"900469201";"SUNNY NATURE";0.085;"KG";0.55;6.47;0;0;0;0.55;"8017596112217";"RAJČICA/DODACI"
"KEČAP BLAGI 500g";"900469301";"SUNNY NATURE";0.5;"KG";1.39;2.78;0;0;0;1.39;"8017596112248";"RAJČICA/DODACI"
"KEČAP HOT 500g";"900469401";"SUNNY NATURE";0.5;"KG";1.39;2.78;0;0;0;1.39;"8017596112255";"RAJČICA/DODACI"
"TARTAR UMAK TUBA 165g";"900469501";"SUNNY NATURE";0.165;"KG";1.29;7.82;0;0;0;1.29;"8017596112224";"RAJČICA/DODACI"
"MAJONEZA LIGHT 40% 620g";"900469801";"SUNNY NATURE";0.62;"KG";2.69;4.34;0;0;0;2.69;"8017596112194";"RAJČICA/DODACI"
"MAJONEZA STAKLENKA 620g";"900469901";"SUNNY NATURE";0.62;"KG";2.89;4.66;0;0;0;2.89;"8017596112187";"RAJČICA/DODACI"
"KEČAP BLAGI 1000g";"900470001";"SUNNY NATURE";1;"KG";1.69;1.69;0;0;0;1.69;"8017596112262";"RAJČICA/DODACI"
"ČIPS PIKANT 150g";"900470101";"NO BRAND";0.15;"KG";0.99;6.6;0;0;0;0.99;"3859888532830";"KEKSI/VAFLI/SNACKS"
"CAPPUCCINO SA ŠEĆEROM 250g";"900470201";"DON JEREZ";0.25;"KG";2.49;9.96;0;0;0;2.49;"8017596111784";"KAKAO/DOD. ZA KOLAČE/PREHRANU"
"SIRUP NARANČA 1l";"900470301";"NO BRAND";1;"LT";1.99;1.99;1.59;1.59;1.99;1.99;"3859892735791";"SIRUPI"
"SIRUP LIMUN 1l";"900470302";"NO BRAND";1;"LT";1.99;1.99;1.59;1.59;1.99;1.99;"3859892735807";"SIRUPI"
"SIRUP MALINA 1l";"900470303";"NO BRAND";1;"LT";1.99;1.99;1.59;1.59;1.99;1.99;"3859892735814";"SIRUPI"
"SIRUP VIŠNJA 1l";"900470304";"NO BRAND";1;"LT";1.99;1.99;1.59;1.59;1.99;1.99;"3859892735821";"SIRUPI"
"SIRUP BAZGA 1l";"900470305";"NO BRAND";1;"LT";1.99;1.99;1.59;1.59;1.99;1.99;"3859892735845";"SIRUPI"
"SIRUP BOROVNICA 1l";"900470306";"NO BRAND";1;"LT";1.99;1.99;1.59;1.59;1.99;1.99;"3859892735838";"SIRUPI"
"SIRUP ŠUMSKO VOĆE 1l";"900470307";"NO BRAND";1;"LT";1.99;1.99;1.59;1.59;1.99;1.99;"3859892735852";"SIRUPI"
"MESNI NAREZAK GOVEĐI150g";"900471801";"EAT EASY AND TASTY";0.15;"KG";1.09;7.27;0;0;0;1.09;"8017596113061";"MESNE KONZERVE"
"MESNI NAREZAK DORUČAK 150g";"900471901";"EAT EASY AND TASTY";0.15;"KG";1.09;7.27;0;0;0;1.09;"8017596113078";"MESNE KONZERVE"
"INSTANT KAVA CLASSICO 200g";"900472801";"DON JEREZ";0.2;"KG";5.99;29.95;0;0;0;5.79;"8017596110909";"KAVA/ČAJEVI/DRUGO"
"INSTANT KAVA GOLD 200g";"900472901";"DON JEREZ";0.2;"KG";6.19;30.95;4.99;24.95;6.19;6.19;"8017596110916";"KAVA/ČAJEVI/DRUGO"
"INSTANT KAVA CREMA 140g";"900473001";"DON JEREZ";0.14;"KG";4.49;32.07;0;0;0;4.49;"8017596110923";"KAVA/ČAJEVI/DRUGO"
"INSTANT KAVA GOLD ARABICA 100g";"900473101";"DON JEREZ";0.1;"KG";3.99;39.9;0;0;0;3.69;"8017596110930";"KAVA/ČAJEVI/DRUGO"
"OBLATNE 200g";"900473201";"NO BRAND";0.2;"KG";0.69;3.45;0;0;0;0.69;"8606015916194";"KAKAO/DOD. ZA KOLAČE/PREHRANU"
"KORE ZA KREMŠNITE 400g";"900473301";"NO BRAND";0.4;"KG";2.39;5.98;0;0;0;2.39;"8606015916217";"KAKAO/DOD. ZA KOLAČE/PREHRANU"
"SIR BIJELI U SALAMURI 450g";"900473401";"NO BRAND";0.45;"KG";4.19;9.31;0;0;0;4.19;"3830060750105";"MLIJEČNI PROIZ. SVJEŽI - EGAL."
"SIR BIJELI U SALAMURI 450g";"900473401";"NO BRAND";0.45;"KG";4.19;9.31;0;0;0;4.19;"3830060750082";"MLIJEČNI PROIZ. SVJEŽI - EGAL."
"LISNATO TIJESTO 500g";"900473501";"NO BRAND";0.5;"KG";1.19;2.38;0;0;0;1.19;"8606015916019";"ZAMRZNUTA POLUGOTOVA JELA"
"MINI CROISSANT 1kg";"900473601";"NO BRAND";1;"KG";2.19;2.19;0;0;0;2.19;"8606015916033";"ZAMRZNUTA POLUGOTOVA JELA"
"ŠTRUDLA JABUKA 500g";"900473701";"NO BRAND";0.5;"KG";2.29;4.58;0;0;0;2.29;"8606015916057";"ZAMRZNUTA POLUGOTOVA JELA"
"ŠTRUDLA VIŠNJA 500g";"900473801";"NO BRAND";0.5;"KG";2.29;4.58;0;0;0;2.29;"8606015916071";"ZAMRZNUTA POLUGOTOVA JELA"
"ŠTRUDLA ŠUM.VOĆE I VANILI. PUD.500g";"900473901";"NO BRAND";0.5;"KG";2.29;4.58;0;0;0;2.29;"8606015916095";"ZAMRZNUTA POLUGOTOVA JELA"
"OKRUGLICE SA ŠLJIVAMA 500g";"900474001";"NO BRAND";0.5;"KG";1.33;2.66;0;0;0;1.33;"8606015916118";"ZAMRZNUTA POLUGOTOVA JELA"
"PITA SA SIROM 600g";"900474201";"NO BRAND";0.6;"KG";2.65;4.42;0;0;0;2.65;"8606015916132";"ZAMRZNUTA POLUGOTOVA JELA"
"PITA S KRUMPIROM 600g";"900474301";"NO BRAND";0.6;"KG";2.59;4.32;1.79;2.98;2.59;2.59;"8606015916156";"ZAMRZNUTA POLUGOTOVA JELA"
"ZOBENA KAŠA ČOKOLADA CHIA 4x65g";"900474401";"NO BRAND";0.26;"KG";2.09;8.04;0;0;0;2.09;"3858891290423";"DORUČAK - PAHULJICE/NAMAZI/MED"
"ZOBENA KAŠA ČOKOLADA CHIA 4x65g";"900474401";"NO BRAND";0.26;"KG";2.09;8.04;0;0;0;2.09;"3858891292953";"DORUČAK - PAHULJICE/NAMAZI/MED"
"ZOBENA KAŠA LAMPONE CHIA 4x65g";"900474501";"NO BRAND";0.26;"KG";2.09;8.04;0;0;0;2.09;"3858891292960";"DORUČAK - PAHULJICE/NAMAZI/MED"
"PUDING VANILIJA 3kom 120g";"900474601";"NO BRAND";0.12;"KG";0.59;4.92;0;0;0;0.59;"5310005026529";"KAKAO/DOD. ZA KOLAČE/PREHRANU"
"PUDING ČOKOLADA 3kom 120g";"900474801";"NO BRAND";0.12;"KG";0.79;6.58;0;0;0;0.79;"5310005026550";"KAKAO/DOD. ZA KOLAČE/PREHRANU"
"VANILIN ŠEĆER 5kom 50g";"900474901";"NO BRAND";0.05;"KG";0.35;7;0;0;0;0.35;"5310005026611";"KAKAO/DOD. ZA KOLAČE/PREHRANU"
"PRAŠAK ZA PECIVO 5kom 60g";"900475001";"NO BRAND";0.06;"KG";0.39;6.5;0;0;0;0.39;"5310005026581";"KAKAO/DOD. ZA KOLAČE/PREHRANU"
"LIMUNSKA KISELINA 200g";"900475101";"NO BRAND";0.2;"KG";1.39;6.95;0;0;0;1.39;"3859893282553";"KAKAO/DOD. ZA KOLAČE/PREHRANU"
"SODA BIKARBONA 40g";"900475201";"NO BRAND";0.04;"KG";0.15;3.75;0;0;0;0.15;"3859893282546";"KAKAO/DOD. ZA KOLAČE/PREHRANU"
"KONZERVANS 8g";"900475301";"NO BRAND";0.01;"KG";0.19;19;0;0;0;0.19;"3859893282539";"KAKAO/DOD. ZA KOLAČE/PREHRANU"
"NEKTAR MULTIVITAMIN 2l";"900475401";"NO BRAND";2;"LT";1.69;0.85;0;0;0;1.69;"3859892735418";"BEZALKOHOLNA PIĆA"
"NEKTAR JABUKA I KRUŠKA 2l";"900475501";"NO BRAND";2;"LT";1.69;0.85;0;0;0;1.69;"3859892735395";"BEZALKOHOLNA PIĆA"
"NEKTAR ŠUMSKO VOĆE 2l";"900475601";"NO BRAND";2;"LT";1.69;0.85;0;0;0;1.69;"3859892735401";"BEZALKOHOLNA PIĆA"
"SARDINE U UMAKU OD RAJČICA 105g";"900476701";"NO BRAND";0.105;"KG";1.09;10.38;0;0;0;1.09;"3830003601648";"RIBLJE KONZERVE"
"SARDINE U MASLINOVOM ULJU 105g";"900476801";"NO BRAND";0.105;"KG";1.39;13.24;0;0;0;1.39;"3830003601617";"RIBLJE KONZERVE"
"FILETI SKUŠE S POVRĆEM 105g";"900477001";"NO BRAND";0.105;"KG";1.39;13.24;0;0;0;1.39;"3830003601662";"RIBLJE KONZERVE"
"PAŠTETA OD SKUŠE I POVRĆA 95g";"900477201";"NO BRAND";0.095;"KG";1.19;12.53;0;0;0;1.19;"3830003601686";"RIBLJE KONZERVE"
"AJVAR BLAGI 690g";"900477301";"SUNNY NATURE";0.69;"KG";2.39;3.46;0;0;0;2.39;"8017596111647";"RAJČICA/DODACI"
"PIZZA MARGHERITA 2kom 600g";"900477801";"TRE MULINI";0.6;"KG";3.19;5.32;0;0;0;3.19;"8017596041364";"ZAMRZNUTA POLUGOTOVA JELA"
"JEČAM S KISELIM ZELJEM 415g";"900478401";"NO BRAND";0.415;"KG";1.99;4.8;0;0;0;1.99;"3831029517920";"MESNE KONZERVE"
"MORTADELA S MASLINAMA 700g";"900478601";"NO BRAND";0.7;"KG";4.49;6.41;0;0;0;4.49;"8018896661535";"SALAME SVJEŽE - EGALIZIRANE"
"MORTADELA S PISTACIJAMA 500g";"900478701";"NO BRAND";0.5;"KG";3.39;6.78;0;0;0;3.39;"8018896661177";"SALAME SVJEŽE - EGALIZIRANE"
"SL.KORNET TORNADO 4KOM 280g";"900478801";"NO BRAND";0.28;"KG";2.45;8.75;0;0;0;2.45;"8032891928653";"SLADOLEDI I DESERTI"
"LIGNJE 400g";"900478901";"NO BRAND";0.4;"KG";5.99;14.98;0;0;0;5.99;"3858891044224";"ZAMRZNUTA RIBA/MORSKI PLODOVI"
"VODA PRIRODNA NEGAZIRANA 500ml";"900479001";"BLUES";0.5;"LT";0.24;0.48;0;0;0;0.24;"8017596010827";"BEZALKOHOLNA PIĆA"
"VODA PRIRODNA NEGAZIRANA 500ml";"900479001";"BLUES";0.5;"LT";0.24;0.48;0;0;0;0.24;"8017596056993";"BEZALKOHOLNA PIĆA"
"VODA GAZIRANA 500ml";"900479002";"BLUES";0.5;"LT";0.24;0.48;0;0;0;0.24;"8017596057013";"BEZALKOHOLNA PIĆA"
"VODA GAZIRANA 500ml";"900479002";"BLUES";0.5;"LT";0.24;0.48;0;0;0;0.24;"8017596057020";"BEZALKOHOLNA PIĆA"
"LIKER OD ORAHA 24% 1000ml";"900479201";"NO BRAND";1;"LT";7.89;7.89;0;0;0;7.89;"3830006259068";"SLATKI LIKERI/APERITIVI"
"PINA COLADA 14,9% 700ml";"900479401";"NO BRAND";0.7;"LT";7.39;10.56;0;0;0;7.39;"3830006259082";"SLATKI LIKERI/APERITIVI"
"CAPPUCCINO CLASSIC 10kom 140g";"900479601";"DON JEREZ";0.14;"KG";1.99;14.21;1.79;12.79;1.99;1.99;"8017596110824";"KAKAO/DOD. ZA KOLAČE/PREHRANU"
"CAPPUCCINO VANILIJA 10kom 140g";"900479701";"DON JEREZ";0.14;"KG";1.99;14.21;1.79;12.79;1.99;1.99;"8017596110831";"KAKAO/DOD. ZA KOLAČE/PREHRANU"
"CAPPUCCINO KAKAO 10kom 140g";"900479801";"DON JEREZ";0.14;"KG";1.99;14.21;1.79;12.79;1.99;1.99;"8017596110848";"KAKAO/DOD. ZA KOLAČE/PREHRANU"
"CAPPUCCINO IRISH 10kom 140g";"900479901";"DON JEREZ";0.14;"KG";1.99;14.21;1.79;12.79;1.99;1.99;"8017596110855";"KAKAO/DOD. ZA KOLAČE/PREHRANU"
"CAPPUCCINO 200g";"900480001";"DON JEREZ";0.2;"KG";1.85;9.25;0;0;0;1.85;"8017596110787";"KAKAO/DOD. ZA KOLAČE/PREHRANU"
"CAPPUCCINO VANILIJA 200g";"900480101";"DON JEREZ";0.2;"KG";1.85;9.25;0;0;0;1.85;"8017596110794";"KAKAO/DOD. ZA KOLAČE/PREHRANU"
"CAPPUCCINO ČOKOLADA 200g";"900480201";"DON JEREZ";0.2;"KG";1.85;9.25;0;0;0;1.85;"8017596110800";"KAKAO/DOD. ZA KOLAČE/PREHRANU"
"INSTANT KAVA 3U1 10kom 140g";"900480401";"DON JEREZ";0.14;"KG";1.59;11.36;0;0;0;1.59;"8017596110862";"KAKAO/DOD. ZA KOLAČE/PREHRANU"
"INSTANT KAVA 2U1 10kom 140g";"900480501";"DON JEREZ";0.14;"KG";1.59;11.36;0;0;0;1.59;"8017596110879";"KAKAO/DOD. ZA KOLAČE/PREHRANU"
"COFFEE CREAMER 150g";"900480701";"DON JEREZ";0.15;"KG";0.99;6.6;0;0;0;0.99;"8017596110893";"KAKAO/DOD. ZA KOLAČE/PREHRANU"
"FILET ALJAŠKE KOLJE 1kg";"900480801";"NO BRAND";1;"KG";7.29;7.29;0;0;0;7.29;"3858891044262";"ZAMRZNUTA RIBA/MORSKI PLODOVI"
"FILETI OSLIĆA 500g";"900480901";"NO BRAND";0.5;"KG";4.8;9.6;0;0;0;4.8;"3858891044255";"ZAMRZNUTA RIBA/MORSKI PLODOVI"
"JADRANSKA SRDELA 1Kg";"900481101";"NO BRAND";1;"KG";3.49;3.49;0;0;0;3.49;"3858891044231";"ZAMRZNUTA RIBA/MORSKI PLODOVI"
"MIX POVRĆA ZA FRANCUSKU SALATU 1kg";"900481301";"NO BRAND";1;"KG";2.39;2.39;0;0;0;2.39;"3858891044187";"ZAMRZNUTO POVRĆE"
"CARSKI MIX 1kg";"900481401";"NO BRAND";1;"KG";2.49;2.49;0;0;0;2.49;"3858891044170";"ZAMRZNUTO POVRĆE"
"MAHUNE ZELENE 1kg";"900481501";"NO BRAND";1;"KG";2.35;2.35;0;0;0;2.35;"3858891044194";"ZAMRZNUTO POVRĆE"
"MAHUNE ŽUTE 1kg";"900481601";"NO BRAND";1;"KG";2.35;2.35;0;0;0;2.35;"3858891044200";"ZAMRZNUTO POVRĆE"
"PIZZA SA SALAMOM 300g";"900481701";"NO BRAND";0.3;"KG";2.09;6.97;0;0;0;2.09;"8002050047495";"ZAMRZNUTA POLUGOTOVA JELA"
"PIZZA SPECIALE 320g";"900481801";"NO BRAND";0.32;"KG";2.19;6.84;0;0;0;2.19;"8002050047471";"ZAMRZNUTA POLUGOTOVA JELA"
"PIZZA PROSCIUTTO 300g";"900481901";"NO BRAND";0.3;"KG";2.29;7.63;0;0;0;2.29;"8002050047488";"ZAMRZNUTA POLUGOTOVA JELA"
"AJVAR LJUTI PREMIUM 550g";"900482001";"SUNNY NATURE";0.55;"KG";4.99;9.07;0;0;0;4.99;"8017596111630";"RAJČICA/DODACI"
"ALPSKA JUHA 58g";"900483101";"EAT EASY AND TASTY";0.058;"KG";0.69;11.9;0;0;0;0.69;"8017596111371";"JUHE/DEHIDRIRANI PROIZVODI"
"BEČKA JUHA 58g";"900483201";"EAT EASY AND TASTY";0.058;"KG";0.69;11.9;0;0;0;0.69;"8017596111388";"JUHE/DEHIDRIRANI PROIZVODI"
"MJEŠAVINA ZA BOLOGNESE UMAK 60g";"900483701";"EAT EASY AND TASTY";0.06;"KG";0.69;11.5;0;0;0;0.69;"8017596111852";"RAJČICA/DODACI"
"SLADOLED JAGODA 500g";"900484001";"NO BRAND";0.5;"KG";2.39;4.78;0;0;0;2.39;"8032891928738";"SLADOLEDI I DESERTI"
"ORIGANO 12g";"900484101";"DON JEREZ";0.012;"KG";0.99;82.5;0;0;0;0.99;"8017596004826";"ZAČINI/LIOFILIZIRANO"
"SLADOLED ČOKOLADA 500g";"900484201";"NO BRAND";0.5;"KG";2.49;4.98;0;0;0;2.49;"8032891928721";"SLADOLEDI I DESERTI"
"SIR SVJEŽI 25% m.m. 500g";"900484301";"NO BRAND";0.5;"KG";1.99;3.98;0;0;0;1.99;"3858888598709";"MLIJEČNI PROIZ. SVJEŽI - EGAL."
"SLADOLEDI MIX 9kom 300g";"900484801";"NO BRAND";0.3;"KG";3.49;11.63;0;0;0;3.49;"8032891928639";"SLADOLEDI I DESERTI"
"PAŠTETA SA ŠUNKOM PREMIUM 95g";"900484901";"EAT EASY AND TASTY";0.095;"KG";0.79;8.32;0.59;6.21;0.79;0.79;"8017596113108";"MESNE KONZERVE"
"PAŠTETA JETRENA PREMIUM 95g";"900485001";"EAT EASY AND TASTY";0.095;"KG";0.79;8.32;0.59;6.21;0.79;0.79;"8017596113085";"MESNE KONZERVE"
"PAŠTETA ČAJNA PREMIUM 95g";"900485101";"EAT EASY AND TASTY";0.095;"KG";0.79;8.32;0.59;6.21;0.79;0.79;"8017596113122";"MESNE KONZERVE"
"PAŠTETA ČAJNA KOKOŠJA PREMIUM 95g";"900485201";"EAT EASY AND TASTY";0.095;"KG";0.79;8.32;0.59;6.21;0.79;0.79;"8017596113146";"MESNE KONZERVE"
"PAŠTETA SA ŠUNKOM 100g";"900485301";"EAT EASY AND TASTY";0.1;"KG";0.65;6.5;0;0;0;0.65;"8017596113115";"MESNE KONZERVE"
"PAŠTETA JETRENA 100g";"900485401";"EAT EASY AND TASTY";0.1;"KG";0.65;6.5;0;0;0;0.65;"8017596113092";"MESNE KONZERVE"
"PAŠTETA ČAJNA 100g";"900485501";"EAT EASY AND TASTY";0.1;"KG";0.65;6.5;0;0;0;0.65;"8017596113139";"MESNE KONZERVE"
"KAJMAK NAMAZ 70%m.m. 250g";"900488301";"NO BRAND";0.25;"KG";2.49;9.96;0;0;0;2.49;"3830060750310";"MLIJEČNI PROIZ. SVJEŽI - EGAL."
"KAJMAK NAMAZ 70%m.m. 250g";"900488301";"NO BRAND";0.25;"KG";2.49;9.96;0;0;0;2.49;"3830060750525";"MLIJEČNI PROIZ. SVJEŽI - EGAL."
"DESERT LJEŠNJAK ČOKOLADA 4X100g";"900488501";"NO BRAND";0.4;"KG";1.49;3.73;0;0;0;1.49;"4002971255102";"JOGURTI I DESERTI"
"CAPPUCCINO IRISH STYLE 200g";"900488601";"DON JEREZ";0.2;"KG";1.85;9.25;0;0;0;1.85;"8017596110817";"KAKAO/DOD. ZA KOLAČE/PREHRANU"
"POP CORN 125g";"900488701";"NO BRAND";0.125;"KG";0.79;6.32;0;0;0;0.79;"3859888532618";"KEKSI/VAFLI/SNACKS"
"SLADOLED VANILIJA GLAZ. VIŠNJA 500g";"900488903";"DOLCIANDO";0.5;"KG";3.49;6.98;0;0;0;3.49;"8032891928684";"SLADOLEDI I DESERTI"
"SLADOLED ČOKO TRIO GLAZ. ČOKO. 500g";"900488904";"DOLCIANDO";0.5;"KG";3.99;7.98;0;0;0;3.99;"8032891928707";"SLADOLEDI I DESERTI"
"BUREK SA SIROM 1000g";"900489101";"NO BRAND";1;"KG";5.29;5.29;0;0;0;5.29;"8606015916170";"ZAMRZNUTA POLUGOTOVA JELA"
"ŠUNKA U OVITKU 100g";"900490501";"NO BRAND";0.1;"KG";1.05;10.5;0;0;0;1.05;"3831020359727";"SALAME SVJEŽE - EGALIZIRANE"
"HRENOVKE SVINJSKE 350g";"900490701";"NO BRAND";0.35;"KG";2.33;6.66;0;0;0;2.33;"3838882000040";"SALAME SVJEŽE - EGALIZIRANE"
"POSEBNA PILEĆA MINI KOBASICA 220g";"900490801";"MEAT APPETIT";0.22;"KG";0.79;3.59;0;0;0;0.79;"3830042432418";"SALAME SVJEŽE - EGALIZIRANE"
"POSEBNA PILEĆA MINI KOBASICA 220g";"900490801";"MEAT APPETIT";0.22;"KG";0.79;3.59;0;0;0;0.79;"8017596129949";"SALAME SVJEŽE - EGALIZIRANE"
"TEKUĆI JOGURT ŠUMSKO VOĆE 1l PET";"900491201";"LAND";1;"KG";1.89;1.89;0;0;0;1.89;"3831051015982";"JOGURTI I DESERTI"
"TEKUĆI JOGURT ŠUMSKO VOĆE 1l PET";"900491201";"LAND";1;"KG";1.89;1.89;0;0;0;1.89;"8017596132079";"JOGURTI I DESERTI"
"TEKUĆI JOGURT JAGODA 1kg PET";"900491301";"LAND";1;"KG";1.89;1.89;0;0;0;1.89;"3831051015968";"JOGURTI I DESERTI"
"TEKUĆI JOGURT JAGODA 1kg PET";"900491301";"LAND";1;"KG";1.89;1.89;0;0;0;1.89;"8017596132086";"JOGURTI I DESERTI"
"POSEBNA PILEĆA KOBASICA 1000g";"900491601";"NO BRAND";1;"KG";2.92;2.92;0;0;0;2.92;"3831006611993";"SALAME SVJEŽE - EGALIZIRANE"
"VRHNJE ZA KUHANJE 500ml";"900492201";"LAND";0.5;"LT";2.39;4.78;0;0;0;2.39;"8017596114020";"MLIJEČNI PROIZVODI UHT - JAJA"
"SIR MEKI U SALAMURI 800g";"900492401";"LAND";0.8;"KG";8.69;10.86;0;0;0;8.69;"4006402053664";"MLIJEČNI PROIZ. SVJEŽI - EGAL."
"SIR MEKI U SALAMURI 800g";"900492401";"LAND";0.8;"KG";8.69;10.86;0;0;0;8.69;"8017596123152";"MLIJEČNI PROIZ. SVJEŽI - EGAL."
"POSEBNA PILEĆA KOBASICA SIR 500g";"900492501";"MEAT APPETIT";0.5;"KG";1.99;3.98;0;0;0;1.99;"3830042430117";"SALAME SVJEŽE - EGALIZIRANE"
"POSEBNA PILEĆA KOBASICA SIR 500g";"900492501";"MEAT APPETIT";0.5;"KG";1.99;3.98;0;0;0;1.99;"8017596129963";"SALAME SVJEŽE - EGALIZIRANE"
"POSEBNA PILEĆA KOBASICA PAPRI. 500g";"900492601";"MEAT APPETIT";0.5;"KG";1.99;3.98;0;0;0;1.99;"3830042430124";"SALAME SVJEŽE - EGALIZIRANE"
"POSEBNA PILEĆA KOBASICA PAPRI. 500g";"900492601";"MEAT APPETIT";0.5;"KG";1.99;3.98;0;0;0;1.99;"8017596129956";"SALAME SVJEŽE - EGALIZIRANE"
"POSEBNA PILEĆA KOBASICA 500g";"900492701";"MEAT APPETIT";0.5;"KG";1.99;3.98;0;0;0;1.99;"3830042430100";"SALAME SVJEŽE - EGALIZIRANE"
"POSEBNA PILEĆA KOBASICA 500g";"900492701";"MEAT APPETIT";0.5;"KG";1.99;3.98;0;0;0;1.99;"8017596130464";"SALAME SVJEŽE - EGALIZIRANE"
"SIR TILSITER NAREZANI 150g";"900492901";"LAND";0.15;"KG";1.99;13.27;0;0;0;1.99;"8017596113566";"MLIJEČNI PROIZ. SVJEŽI - EGAL."
"SIR TILSITER 700g";"900493001";"LAND";0.7;"KG";7.99;11.41;0;0;0;7.89;"8017596113603";"MLIJEČNI PROIZ. SVJEŽI - EGAL."
"JOGURT JAGODA 500g";"900493401";"LAND";0.5;"KG";1.39;2.78;0;0;0;1.39;"8017596005724";"JOGURTI I DESERTI"
"JOGURT ŠUMSKO VOĆE 500g";"900493402";"LAND";0.5;"KG";1.39;2.78;0;0;0;1.39;"8017596000415";"JOGURTI I DESERTI"
"TJESTENINA REZANCI OD ŠPINATA 500g";"900493701";"NO BRAND";0.5;"KG";1.79;3.58;0;0;0;1.69;"3831001819554";"TJESTENINA"
"ČAJ OD KAMILICE 40F 40g";"900493901";"LESTER HOUSE";0.04;"KG";0.79;19.75;0;0;0;0.79;"8017596114686";"KAVA/ČAJEVI/DRUGO"
"ČAJ ŠIPAK I HIB. 40F 100g";"900494001";"LESTER HOUSE";0.1;"KG";1.39;13.9;0;0;0;1.39;"8017596114730";"KAVA/ČAJEVI/DRUGO"
"ČAJ MENTA 40F 60g";"900494101";"LESTER HOUSE";0.06;"KG";1.09;18.17;0;0;0;1.09;"8017596114723";"KAVA/ČAJEVI/DRUGO"
"ČAJ PLANINSKI 20F 36g";"900494201";"LESTER HOUSE";0.036;"KG";0.8;22.22;0;0;0;0.8;"8017596114754";"KAVA/ČAJEVI/DRUGO"
"ČAJ MIJEŠANO VOĆE 40F 100g";"900494301";"LESTER HOUSE";0.1;"KG";1.39;13.9;0;0;0;1.39;"8017596114709";"KAVA/ČAJEVI/DRUGO"
"ČAJ JABUKA CIMET 20F 50g";"900494401";"LESTER HOUSE";0.05;"KG";0.99;19.8;0;0;0;0.99;"8017596114716";"KAVA/ČAJEVI/DRUGO"
"ČAJ CRNI 40F 60g";"900494501";"LESTER HOUSE";0.06;"KG";0.89;14.83;0;0;0;0.89;"8017596114747";"KAVA/ČAJEVI/DRUGO"
"MALINA SMRZNUTA 400g";"900494801";"NO BRAND";0.4;"KG";3.49;8.73;0;0;0;3.49;"3858891045306";"ZAMRZNUTO POVRĆE"
"MASLAC 250g";"900494901";"LAND";0.25;"KG";2.79;11.16;0;0;0;2.79;"8017596112835";"MLIJEČNI PROIZ. SVJEŽI - EGAL."
"SIR GOUDA 700g";"900495501";"LAND";0.7;"KG";5.99;8.56;4.59;6.56;5.99;5.99;"8017596113580";"MLIJEČNI PROIZ. SVJEŽI - EGAL."
"SIR EDAMER 700g";"900495601";"LAND";0.7;"KG";6.95;9.93;0;0;0;6.95;"8017596113610";"MLIJEČNI PROIZ. SVJEŽI - EGAL."
"SIR MAASDAM 150g";"900495704";"LAND";0.15;"KG";1.99;13.27;0;0;0;1.99;"8017596113528";"MLIJEČNI PROIZ. SVJEŽI - EGAL."
"SIR GOUDA 300g";"900495801";"LAND";0.3;"KG";3.19;10.63;0;0;0;3.19;"8017596113597";"MLIJEČNI PROIZ. SVJEŽI - EGAL."
"SIR EDAMER 300g";"900495802";"LAND";0.3;"KG";3.19;10.63;0;0;0;3.19;"8017596113627";"MLIJEČNI PROIZ. SVJEŽI - EGAL."
"PUREĆI NAREZAK 150g";"900496001";"EAT EASY AND TASTY";0.15;"KG";0.99;6.6;0;0;0;0.99;"8017596113153";"MESNE KONZERVE"
"PILEĆI NAREZAK 150g";"900496101";"EAT EASY AND TASTY";0.15;"KG";0.99;6.6;0;0;0;0.99;"8017596113191";"MESNE KONZERVE"
"PAŠTETA KOKOŠJA 100g";"900496301";"EAT EASY AND TASTY";0.1;"KG";0.79;7.9;0;0;0;0.79;"8017596113160";"MESNE KONZERVE"
"KAKAO NAPITAK 400g";"900496501";"DOLCIANDO";0.4;"KG";2.29;5.73;0;0;0;2.29;"8017596110886";"KAKAO/DOD. ZA KOLAČE/PREHRANU"
"FILETI BAKALARA 450g";"900496601";"NO BRAND";0.45;"KG";6.99;15.53;0;0;0;6.99;"3858891044279";"ZAMRZNUTA RIBA/MORSKI PLODOVI"
"SLANINA DIMLJENA NAREZAK 150g";"900496901";"MEAT APPETIT";0.15;"KG";1.99;13.27;1.69;11.27;1.99;1.99;"8600416140219";"SALAME SVJEŽE - EGALIZIRANE"
"SLANINA DIMLJENA NAREZAK 150g";"900496901";"MEAT APPETIT";0.15;"KG";1.99;13.27;1.69;11.27;1.99;1.99;"8017596130174";"SALAME SVJEŽE - EGALIZIRANE"
"SIR FONTAL";"900505402";"NO BRAND";1;"KG";9.29;9.29;0;0;0;9.29;"";"MLIJEČNI PROIZ. SVJEŽI - TEŽI."
"PAŠTETA OD TUNE PREMIUM 95g";"900506301";"EAT EASY AND TASTY";0.095;"KG";1.39;14.63;0;0;0;1.39;"8017596113184";"RIBLJE KONZERVE"
"PAŠTETA KOKOŠJA PREMIUM 95g";"900506401";"EAT EASY AND TASTY";0.095;"KG";0.99;10.42;0;0;0;0.99;"8017596113177";"MESNE KONZERVE"
"POSEBNA PILEĆA KOBASICA 180g";"900506801";"NO BRAND";0.18;"KG";1.29;7.17;0;0;0;1.29;"3831020344761";"SALAME SVJEŽE - EGALIZIRANE"
"SIR TOPLJENI LISTIĆI GOUDA 200g";"900508301";"LAND";0.2;"KG";1.99;9.95;0;0;0;1.99;"8017596114136";"MLIJEČNI PROIZ. SVJEŽI - EGAL."
"SET POSUDA";"900508401";"NO BRAND";1;"PZ";3.99;3.99;0;0;0;3.99;"3830073322610";"SELF LIQUIDATING"
"BRAVO SET 3/1 BLUE";"900508501";"NO BRAND";1;"PZ";3.99;3.99;0;0;0;3.99;"3830073322634";"SELF LIQUIDATING"
"BRAVO SET 3/1 PINK";"900508601";"NO BRAND";1;"PZ";3.99;3.99;0;0;0;3.99;"3830073322603";"SELF LIQUIDATING"
"ŠUMSKO VOĆE SMRZNUTO 400g";"900510601";"NO BRAND";0.4;"KG";2.39;5.98;2.09;5.23;2.39;2.39;"3858891045320";"ZAMRZNUTO POVRĆE"
"KRAKOVI HUMBOLDTOVOG LIGNJUNA 400g";"900510701";"NO BRAND";0.4;"KG";3.89;9.73;0;0;0;3.89;"3859893776380";"RIBA SVJEŽA CIJELA"
"BOCA TERMICA SELF";"900510801";"NO BRAND";1;"PZ";5.99;5.99;0;0;0;5.99;"8003512758324";"SELF LIQUIDATING"
"BOCA TERMICA SELF";"900510801";"NO BRAND";1;"PZ";5.99;5.99;0;0;0;5.99;"8003512758331";"SELF LIQUIDATING"
"BOCA TERMICA SELF";"900510801";"NO BRAND";1;"PZ";5.99;5.99;0;0;0;5.99;"8003512749902";"SELF LIQUIDATING"
"BOCA TERMICA SELF";"900510801";"NO BRAND";1;"PZ";5.99;5.99;0;0;0;5.99;"8003512749919";"SELF LIQUIDATING"
"BOCA TERMICA SELF";"900510801";"NO BRAND";1;"PZ";5.99;5.99;0;0;0;5.99;"8003512761997";"SELF LIQUIDATING"
"BOCA TERMICA SELF";"900510801";"NO BRAND";1;"PZ";5.99;5.99;0;0;0;5.99;"8003512750038";"SELF LIQUIDATING"
"BOCA TERMICA SELF";"900510801";"NO BRAND";1;"PZ";5.99;5.99;0;0;0;5.99;"8003512760846";"SELF LIQUIDATING"
"BOCA TERMICA SELF";"900510801";"NO BRAND";1;"PZ";5.99;5.99;0;0;0;5.99;"8003512744396";"SELF LIQUIDATING"
"BOCA TERMICA SELF";"900510801";"NO BRAND";1;"PZ";5.99;5.99;0;0;0;5.99;"8003512744402";"SELF LIQUIDATING"
"BOCA TERMICA SELF";"900510801";"NO BRAND";1;"PZ";5.99;5.99;0;0;0;5.99;"8003512749889";"SELF LIQUIDATING"
"BOCA TERMICA SELF";"900510801";"NO BRAND";1;"PZ";5.99;5.99;0;0;0;5.99;"8003512749896";"SELF LIQUIDATING"
"BOCA TERMICA SELF";"900510801";"NO BRAND";1;"PZ";5.99;5.99;0;0;0;5.99;"8003512761980";"SELF LIQUIDATING"
"PRELJEV ZA SALATE JOGURT 250ml";"900514601";"DELIZIE DAL SOLE";0.25;"LT";1.39;5.56;0;0;0;1.39;"8017596119308";"RAJČICA/DODACI"
"NOŽEVI DRVENI 15kom";"900515801";"NO BRAND";1;"PZ";0.79;0.79;0;0;0;0.79;"8032764016920";"JEDNOKR. PRIBOR/VREĆE ZA SMEĆE"
"ŽLICE DRVENE 15kom";"900515901";"NO BRAND";1;"PZ";0.79;0.79;0;0;0;0.79;"8032764016937";"JEDNOKR. PRIBOR/VREĆE ZA SMEĆE"
"BOMBONI MULTIVITAMIN LIMUN 70g";"900516401";"NO BRAND";0.07;"KG";0.99;14.14;0;0;0;0.99;"5310005028448";"SLATKIŠI I BOMBONI"
"BOMBONI MULTIVIT.NARANČA 70g";"900516501";"NO BRAND";0.07;"KG";0.99;14.14;0;0;0;0.99;"5310005028431";"SLATKIŠI I BOMBONI"
"VINO TRAMINAC 750 ML";"900518401";"NO BRAND";0.75;"LT";5.89;7.85;0;0;0;5.89;"3830078700215";"VINA"
"VINO TRAMINAC 750 ML";"900518401";"NO BRAND";0.75;"LT";5.89;7.85;0;0;0;5.89;"3830078702103";"VINA"
"TANJURI PLITKI ALUMINIJSKI 12kom";"900518501";"NO BRAND";1;"PZ";2.49;2.49;0;0;0;2.49;"8011851101053";"JEDNOKR. PRIBOR/VREĆE ZA SMEĆE"
"TANJURI DUBOKI ALUMINIJSKI 12kom";"900518601";"NO BRAND";1;"PZ";2.49;2.49;0;0;0;2.49;"8011851101039";"JEDNOKR. PRIBOR/VREĆE ZA SMEĆE"
"BOROVNICA SMRZNUTA 400g";"900529001";"NO BRAND";0.4;"KG";2.59;6.48;0;0;0;2.59;"3858891045115";"ZAMRZNUTO POVRĆE"
"VIŠNJA SMRZNUTA 400g";"900529101";"NO BRAND";0.4;"KG";2.49;6.23;0;0;0;2.49;"3858891045139";"ZAMRZNUTO POVRĆE"
"JAGODA SMRZNUTA 400g";"900529201";"NO BRAND";0.4;"KG";2.49;6.23;0;0;0;2.49;"3858891045092";"ZAMRZNUTO POVRĆE"
".PAW PATROL XL MLIJEČNO JAJE 168g";"900529701";"NO BRAND";0.168;"KG";3.49;20.77;2.49;14.82;2.99;3.49;"5903175685124";"PROIZVODI BOŽIĆ/USKRS"
".PEPPA PIG XL MLIJEČNO JAJE 168g";"900529801";"NO BRAND";0.168;"KG";3.49;20.77;2.49;14.82;2.99;3.49;"5903175685117";"PROIZVODI BOŽIĆ/USKRS"
".P.PATROL XL MLIJE.JAJA(5x 24g)MREŽ";"900529901";"NO BRAND";0.12;"KG";2.39;19.92;1.99;16.58;2.39;2.39;"5903175685230";"PROIZVODI BOŽIĆ/USKRS"
"PEPPA PIG XL MLIJE.JAJA(5x 24g)MREŽ";"900530001";"NO BRAND";0.12;"KG";1.99;16.58;1.49;12.42;1.99;1.99;"5903175685223";"PROIZVODI BOŽIĆ/USKRS"
"PALENTA INSTANT 500g";"900530501";"NO BRAND";0.5;"KG";0.89;1.78;0;0;0;0.89;"3831001818298";"BRAŠNO"
"VINO MERLOT 1500ml";"900530801";"NO BRAND";1.5;"LT";3.59;2.39;0;0;0;3.59;"8003295011333";"VINA"
"MAJONEZA TUBA 76% 165g";"900531301";"SUNNY NATURE";0.165;"KG";1.39;8.42;1.09;6.61;1.39;1.39;"8017596112200";"RAJČICA/DODACI"
"TJESTENINA S JAJIMA FIDELINI 500g";"900531401";"NO BRAND";0.5;"KG";1.59;3.18;0;0;0;1.59;"3831001819899";"TJESTENINA"
"PUDING ČOKOLADA ŠLAG 200g";"900532802";"NO BRAND";0.2;"KG";0.49;2.45;0;0;0;0.49;"4036500008839";"JOGURTI I DESERTI"
"KEKS ČAJNI KOLUTIĆI 2 VRSTE 800g";"900534701";"NO BRAND";0.8;"KG";2.59;3.24;0;0;0;2.59;"3830079801010";"KEKSI/VAFLI/SNACKS"
"KEKS ČAJNI KOLUTIĆI 2 VRSTE 800g";"900534701";"NO BRAND";0.8;"KG";2.59;3.24;0;0;0;2.59;"3830079801126";"KEKSI/VAFLI/SNACKS"
"ŠTRUDLE SA SMOKVOM 254g";"900534801";"NO BRAND";0.254;"KG";1.19;4.69;0;0;0;1.19;"3830079801003";"KEKSI/VAFLI/SNACKS"
"NAPOLITANKE PUNJENJE LJEŠNJAK 700g";"900534901";"NO BRAND";0.7;"KG";2.19;3.13;0;0;0;2.19;"3830079801034";"KEKSI/VAFLI/SNACKS"
"NAPOLITANKE S KAKAO I MLJ.KREM.700g";"900535001";"NO BRAND";0.7;"KG";2.19;3.13;0;0;0;2.19;"3830079801027";"KEKSI/VAFLI/SNACKS"
"PJEN.VIN.PROS.DOC MILL. EX.DRY750ml";"900535901";"NO BRAND";0.75;"LT";4.92;6.56;0;0;0;4.92;"8006870018307";"PJENUŠCI"
"PJEN.VIN.PROS.DOC MILL. EX.DRY750ml";"900535901";"NO BRAND";0.75;"LT";4.92;6.56;0;0;0;4.92;"8006870011896";"PJENUŠCI"
"VIN. PROS.VIL.D.OLMI DOC 750ml";"900536001";"NO BRAND";0.75;"LT";5.92;7.89;3.89;5.19;5.92;5.92;"8006870018369";"PJENUŠCI"
"ČOKOLADNA BANANICA 17g";"900536501";"NO BRAND";0.017;"KG";0.19;11.18;0;0;0;0.19;"53100399";"ČOKOLADE"
"TJESTENINA RIBANA KAŠA 500g";"900538601";"NO BRAND";0.5;"KG";1.59;3.18;0;0;0;1.59;"3831001819912";"TJESTENINA"
"USKRSNA FIGURA ZEKO 30g";"900539101";"NO BRAND";0.03;"KG";0.49;16.33;0.29;9.67;0.49;0.49;"8606010024207";"PROIZVODI BOŽIĆ/USKRS"
"TJESTENINA KRPICE S JAJIMA 500g";"900540901";"NO BRAND";0.5;"KG";1.29;2.58;0;0;0;1.29;"3831001819929";"TJESTENINA"
"USKRSNA POKLON VREĆICA 200g";"900541001";"NO BRAND";0.2;"KG";2.59;12.95;2.29;11.45;2.29;2.59;"3830041973110";"PROIZVODI BOŽIĆ/USKRS"
"REZANCI OD PIROVOG BRAŠNA 500g";"900541101";"NO BRAND";0.5;"KG";1.69;3.38;0;0;0;1.69;"3831001819936";"TJESTENINA"
"TJESTENINA RAJČICE I SIR 160g";"900541801";"EAT EASY AND TASTY";0.16;"KG";1.49;9.31;0;0;0;1.49;"8017596128102";"JUHE/DEHIDRIRANI PROIZVODI"
"REZANCI ŠIROKI S JAJIMA 500g";"900541901";"NO BRAND";0.5;"KG";1.59;3.18;0;0;0;1.59;"3831001819943";"TJESTENINA"
"ČOKOLADNE FIGURICE 220g KUTIJA";"900542001";"NO BRAND";0.22;"KG";2.39;10.86;1.49;6.77;2.39;2.39;"5901177157441";"PROIZVODI BOŽIĆ/USKRS"
"SIR TVRDI KRAVLJI 700g";"900543001";"LAND";0.7;"KG";9.99;14.27;0;0;0;9.99;"8017596124371";"MLIJEČNI PROIZ. SVJEŽI - EGAL."
"GIN PINK 37,5% 700ml";"900543401";"NO BRAND";0.7;"LT";8.89;12.7;0;0;0;8.89;"3830006253004";"JAKA ALKOHOLNA PIĆA"
"MEDITERAN GIN 37,5% 700ml";"900543501";"NO BRAND";0.7;"LT";8.89;12.7;0;0;0;8.89;"3830006253011";"JAKA ALKOHOLNA PIĆA"
"DJ.KAŠ.POV/RIŽA/JUNET 190g";"900543801";"PRIME PAPPE";0.19;"KG";1.39;7.32;0;0;0;1.39;"8017596128676";"DJEČJA HRANA"
"DJ. KAŠ. MENU POVRĆE 190g";"900543901";"PRIME PAPPE";0.19;"KG";1.29;6.79;0;0;0;1.29;"8017596128669";"DJEČJA HRANA"
"DJ.KAŠ. MENU TJESTOM/TELETINOM 190g";"900544001";"PRIME PAPPE";0.19;"KG";1.39;7.32;0;0;0;1.39;"8017596128652";"DJEČJA HRANA"
"APERITIVO LIGHT DRINK 11% 700ml";"900546401";"NO BRAND";0.7;"LT";3.89;5.56;0;0;0;3.89;"8000672006241";"SLATKI LIKERI/APERITIVI"
"ŽELE BOMBONI U PRIVJESKU 50g";"900548801";"NO BRAND";0.05;"KG";1.59;31.8;1.29;25.8;1.29;1.59;"8714786226531";"PROIZVODI BOŽIĆ/USKRS"
"MLIJEČNE ČOKOLADICE 4 kom 60g";"900549201";"NO BRAND";0.06;"KG";1.59;26.5;1.29;21.5;1.59;1.59;"5907443606606";"PROIZVODI BOŽIĆ/USKRS"
"MLIJEČNE ČOKOLADICE 4 kom 60g";"900549201";"NO BRAND";0.06;"KG";1.59;26.5;1.29;21.5;1.59;1.59;"5905858674883";"PROIZVODI BOŽIĆ/USKRS"
"ZEC BUNNY STAR 80g";"900549601";"NO BRAND";0.08;"KG";0.99;12.38;0.89;11.13;0.89;0.99;"3830041973059";"PROIZVODI BOŽIĆ/USKRS"
"USKRŠNJI ZEC BUNNY STAR 100g";"900549701";"NO BRAND";0.1;"KG";1.29;12.9;1.09;10.9;1.09;1.29;"3830041973073";"PROIZVODI BOŽIĆ/USKRS"
"VELIKO USKRŠNJE JAJE 180g";"900549801";"NO BRAND";0.18;"KG";2.49;13.83;0.29;1.61;2.19;2.49;"3830041973080";"PROIZVODI BOŽIĆ/USKRS"
"USKRŠNJA JAJA BUNNY STAR 6 kom 150g";"900550001";"NO BRAND";0.15;"KG";1.99;13.27;0.29;1.93;1.79;1.99;"3830041973127";"PROIZVODI BOŽIĆ/USKRS"
".LIZALICA USKRSNI MARSHMALLOW 35g";"900551001";"NO BRAND";0.035;"KG";1.29;36.86;0.99;28.29;1.29;1.29;"8714786305854";"PROIZVODI BOŽIĆ/USKRS"
".LIZALICA USKRSNI MARSHMALLOW 35g";"900551001";"NO BRAND";0.035;"KG";1.29;36.86;0.99;28.29;1.29;1.29;"3395503084822";"PROIZVODI BOŽIĆ/USKRS"
".LIZALICA USKRSNI MARSHMALLOW 35g";"900551001";"NO BRAND";0.035;"KG";1.29;36.86;0.99;28.29;1.29;1.29;"3395503203339";"PROIZVODI BOŽIĆ/USKRS"
"COCKTAIL MOJITO 14% 700ml";"900552801";"NO BRAND";0.7;"LT";5.89;8.41;0;0;0;5.89;"3830055525367";"SLATKI LIKERI/APERITIVI"
"COCKTAIL SEX ON THE BEACH 14% 700ml";"900552901";"NO BRAND";0.7;"LT";5.89;8.41;0;0;0;5.89;"3830055525381";"SLATKI LIKERI/APERITIVI"
"COCKTAIL PINA COLADA 14% 700ml";"900553001";"NO BRAND";0.7;"LT";5.89;8.41;0;0;0;5.89;"3830055525343";"SLATKI LIKERI/APERITIVI"
".USKRŠNJE ČOKO FIGURICE 100g";"900553401";"NO BRAND";0.1;"KG";2.59;25.9;1.99;19.9;2.59;2.59;"5902581686503";"PROIZVODI BOŽIĆ/USKRS"
".USKRSNA FIGURA VELIKA PISANICA 80g";"900553501";"NO BRAND";0.08;"KG";0.99;12.38;0.59;7.38;0.99;0.99;"8606012129306";"PROIZVODI BOŽIĆ/USKRS"
"VODA S OKU.ŠUM.JAG I ALOE VERA 1,5l";"900553601";"NO BRAND";1.5;"LT";0.69;0.46;0;0;0;0.69;"3830055524902";"BEZALKOHOLNA PIĆA"
"NEGAZIRANO PIĆE CRNI RIBIZ 1L";"900554301";"NO BRAND";1;"LT";1.59;1.59;0;0;0;1.59;"3830055525978";"BEZALKOHOLNA PIĆA"
"PROSENA KAŠA 500g";"900554601";"NO BRAND";0.5;"KG";1.29;2.58;0;0;0;1.29;"3831001818397";"POVRĆE KONZERVIRANO/SUHO"
"BRAŠNO INTEGRALNO PŠENIČNO 1kg";"900554801";"TRE MULINI";1;"KG";0.99;0.99;0;0;0;0.99;"3831001818410";"BRAŠNO"
"BRAŠNO INTEGRALNO PŠENIČNO 1kg";"900554801";"TRE MULINI";1;"KG";0.99;0.99;0;0;0;0.99;"8017596134653";"BRAŠNO"
"BUČINE GOLICE 200g";"900555901";"NO BRAND";0.2;"KG";1.84;9.2;0;0;0;1.84;"3830022222527";"VOĆE SUHO/ORAŠASTO"
"LAMPION SRCE 2 DANA VIŠE VRSTA";"900560701";"NO BRAND";1;"PZ";1.99;1.99;0;0;0;1.99;"3830015021380";"INSEKTICIDI/SVIJEĆE/OSVJEŽIVAČ"
"JOGURT ČVRSTI 3,2% M.M.180g";"900565801";"LAND";0.18;"KG";0.37;2.06;0.26;1.44;0.37;0.37;"3831051017474";"JOGURTI I DESERTI"
"JOGURT ČVRSTI 3,2% M.M.180g";"900565801";"LAND";0.18;"KG";0.37;2.06;0.26;1.44;0.37;0.37;"8017596132055";"JOGURTI I DESERTI"
"SIR GOUDA NAREZAK 500g";"900573301";"NO BRAND";0.5;"KG";4.98;9.96;0;0;0;4.98;"8017596131881";"MLIJEČNI PROIZ. SVJEŽI - EGAL."
"RUMENI MUSKAT 750ml";"900576601";"NO BRAND";0.75;"LT";4.92;6.56;0;0;0;4.92;"3830078702042";"VINA"
"TJESTENINA MINI PUŽIĆI 500G";"900580901";"TRE MULINI";0.5;"KG";0.89;1.78;0;0;0;0.89;"8017596103369";"TJESTENINA"
"TJESTENINA PUŽIČI 500G";"900581001";"NO BRAND";0.5;"KG";0.89;1.78;0;0;0;0.89;"8017596103376";"TJESTENINA"
"TJESTENINA SVINUTI PUŽIĆI 500G";"900581101";"TRE MULINI";0.5;"KG";0.89;1.78;0;0;0;0.89;"8017596102133";"TJESTENINA"
"COCKTAIL BLUE LAGOON 700ml";"900582201";"NO BRAND";0.7;"LT";5.89;8.41;0;0;0;5.89;"3830078500563";"SLATKI LIKERI/APERITIVI"
"COCKTAIL MOJITO 4.5%  0.33L";"900588901";"NO BRAND";0.33;"LT";1.05;3.18;0;0;0;1.05;"3830078500662";"SLATKI LIKERI/APERITIVI"
"GIN TONIC 4,5% VOL 0,33L";"900589001";"NO BRAND";0.33;"LT";1.05;3.18;0;0;0;1.05;"3830078500761";"SLATKI LIKERI/APERITIVI"
"PINK GIN TONIC 0,33L";"900589101";"NO BRAND";0.33;"LT";1.05;3.18;0;0;0;1.05;"3830078500747";"SLATKI LIKERI/APERITIVI"
"COCKTAIL SEX ON THE BEACH 0.33L";"900589201";"NO BRAND";0.33;"LT";1.05;3.18;0;0;0;1.05;"3830078500709";"SLATKI LIKERI/APERITIVI"
"GAZ.PIĆE VIRGIN MOJITO 0.33L";"900589301";"NO BRAND";0.33;"LT";1.09;3.3;0;0;0;1.09;"3830078500723";"SLATKI LIKERI/APERITIVI"
"COCKTAIL BLUE LAGOON4.5% vol 0.33l";"900589401";"NO BRAND";0.33;"LT";1.05;3.18;0;0;0;1.05;"3830078500686";"SLATKI LIKERI/APERITIVI"
"BIO KOMBUCHA ŠUMSKO VOĆE 330ML";"900590001";"NO BRAND";0.33;"KG";1.69;5.12;0;0;0;1.69;"3830071590967";"BEZALKOHOLNA PIĆA"
"BIO KOMBUCHA ĐUMB/LIM.TR. 330ML";"900590101";"NO BRAND";0.33;"KG";1.69;5.12;0;0;0;1.69;"3830071590943";"BEZALKOHOLNA PIĆA"
"MIX BOMBONA 400 G";"900590201";"NO BRAND";0.4;"KG";2.79;6.98;0;0;0;2.65;"3838700389586";"SLATKIŠI I BOMBONI"
"BOMBON ŠUMEĆA JABUKA 200G";"900590301";"NO BRAND";0.2;"KG";1.39;6.95;0;0;0;1.39;"3838700389524";"SLATKIŠI I BOMBONI"
"GUMENI BOMBON EUKALIPTUS 150G";"900590401";"NO BRAND";0.15;"KG";1.19;7.93;0;0;0;1.19;"3838700389531";"SLATKIŠI I BOMBONI"
"BOMBON TVRDI MENTOL 200G";"900590501";"NO BRAND";0.2;"KG";1.19;5.95;0;0;0;1.19;"3838700389609";"SLATKIŠI I BOMBONI"
"BOMBON MINI TATOO MALINA 90G";"900590601";"NO BRAND";0.09;"KG";1.29;14.33;0;0;0;1.29;"3838700389579";"SLATKIŠI I BOMBONI"
"PIVO B. BRAU RADLER GREJP 2% 500ML";"900591301";"BEST BRAU";0.5;"LT";0.65;1.3;0;0;0;0.65;"8017596132925";"PIVA"
"ČOK.BOMBONI U METALNOJ KUGLICI 20G";"900599001";"NO BRAND";0.02;"KG";1.69;84.5;1.29;64.5;1.69;1.69;"5903175681515";"PROIZVODI BOŽIĆ/USKRS"
"JAMAICA RUM 150G";"900600601";"NO BRAND";0.15;"KG";2.99;19.93;1.99;13.27;1.99;2.99;"4101540712050";"PROIZVODI BOŽIĆ/USKRS"
"BOŽIĆNI KEKSIĆI  270G";"900600701";"NO BRAND";0.27;"KG";2.99;11.07;1.99;7.37;1.99;2.99;"4101540718304";"PROIZVODI BOŽIĆ/USKRS"
"PRŠUT DIMLJENI 300g";"900600801";"NO BRAND";0.3;"KG";4.49;14.97;0;0;0;4.49;"8022496810835";"SALAME SVJEŽE - EGALIZIRANE"
"PRŠUT 300g";"900600901";"NO BRAND";0.3;"KG";4.49;14.97;0;0;0;4.49;"8022496810033";"SALAME SVJEŽE - EGALIZIRANE"
"DJEČJI ŠAMP.PAW P.JAB_JAG 750ML";"900601701";"NO BRAND";0.75;"LT";2.39;3.19;0;0;0;2.39;"5998818566700";"BEZALKOHOLNA PIĆA"
"VODA BRESKVA I ALOA VERA 1500ML";"900606301";"NO BRAND";1.5;"LT";0.69;0.46;0;0;0;0.69;"3830078500549";"BEZALKOHOLNA PIĆA"
"CAPPELLETTI SA SIROM 500G";"900606401";"TRE MULINI";0.5;"KG";2.35;4.7;0;0;0;2.35;"8017596135100";"TJESTENINA SVJEŽA - PUNJENA"
".PRALINE S MLIJEČNIM PUNJENJEM";"900607901";"NO BRAND";0.1;"KG";2.69;26.9;2.29;22.9;2.69;2.69;"9002859113659";"PROIZVODI BOŽIĆ/USKRS"
"DJE. ŠAMPANJAC SONIC JABUKA 750ML";"900610701";"NO BRAND";0.75;"LT";2.39;3.19;0;0;0;2.39;"5998818568353";"BEZALKOHOLNA PIĆA"
"PRALINE  ETOILE 140G";"900611101";"NO BRAND";0.14;"KG";3.99;28.5;0;0;0;3.99;"8008743036647";"ČOKOLADE"
"PRALINE RUŽE 150G";"900611201";"NO BRAND";0.15;"KG";3.99;26.6;0;0;0;3.99;"8008743036715";"ČOKOLADE"
"PRALINE MELODY 310G";"900611401";"NO BRAND";0.31;"KG";5.99;19.32;0;0;0;5.99;"8008743022053";"ČOKOLADE"
"ČOKOLADNE BANANICE 400g";"900614301";"NO BRAND";1;"PZ";2.99;2.99;0;0;0;2.99;"3830041976807";"ČOKOLADE"
"*MILANSKA SALAMA";"910000301";"NO BRAND";1;"KG";18.9;18.9;0;0;0;18.9;"";"DELIKATESA - SALAME"
"*VENTRICINA PICCANTE";"910000501";"NO BRAND";1;"KG";17.9;17.9;14.9;14.9;17.9;17.9;"";"DELIKATESA - SALAME"
"*DIMLJENA KUHANA ŠUNKA IZ KOM.BUTA";"910000701";"NO BRAND";1;"KG";14.9;14.9;0;0;0;14.9;"";"DELIKATESA - SALAME"
"*MORTADELA OLIMPIA";"910000801";"NO BRAND";1;"KG";10.5;10.5;0;0;0;10.5;"";"DELIKATESA - SALAME"
"*MORTADELA STELLA BOLOGNA";"910000901";"NO BRAND";1;"KG";13.5;13.5;0;0;0;13.5;"";"DELIKATESA - SALAME"
"*PRŠUT MONVISO";"910001001";"NO BRAND";1;"KG";20.9;20.9;0;0;0;20.9;"";"DELIKATESA - SALAME"
"DONUT ČOKOLADA 71g PUNJENI";"910002001";"NO BRAND";0.071;"KG";0.69;9.72;0;0;0;0.69;"";"KRUH - SAMOPOSLUŽNI PULT"
"DONUT VANILIJA 71g PUNJENI";"910002101";"NO BRAND";0.071;"KG";0.69;9.72;0;0;0;0.69;"";"KRUH - SAMOPOSLUŽNI PULT"
"HRENOVKA U LISNATOM SA SENFOM 85g";"910003401";"NO BRAND";0.085;"KG";0.59;6.94;0;0;0;0.59;"";"KRUH - SAMOPOSLUŽNI PULT"
"LISNATO ŠTANGICA SIR-ŠUNKA 90g";"910003801";"NO BRAND";0.09;"KG";0.69;7.67;0;0;0;0.69;"";"KRUH - SAMOPOSLUŽNI PULT"
"SVJEŽE VUČENO TIJESTO 500g";"910004001";"NO BRAND";0.5;"KG";1.25;2.5;0;0;0;1.25;"3858891273549";"TJESTENINA SVJEŽA - PUNJENA"
"*KAJMAK";"910004101";"NO BRAND";1;"KG";13.9;13.9;0;0;0;13.9;"";"DELIKATESA - SIREVI"
"*KISELO VRHNJE 20%";"910004201";"NO BRAND";1;"KG";5.9;5.9;0;0;0;5.9;"";"DELIKATESA - SIREVI"
"*SVJEŽI POSNI SIR";"910004301";"NO BRAND";1;"KG";5.9;5.9;4.5;4.5;5.9;5.9;"";"DELIKATESA - SIREVI"
"BATERIJA 9V EXTRA POWER 1kom";"910004701";"NO BRAND";1;"PZ";1.49;1.49;0;0;0;1.49;"4008496626663";"ČARAPE/BATERIJE"
"BATERIJA 9V EXTRA POWER 1kom";"910004701";"NO BRAND";1;"PZ";1.49;1.49;0;0;0;1.49;"4008496626656";"ČARAPE/BATERIJE"
"BATERIJA 1,5V AA EXTRA POWER 4kom";"910004801";"NO BRAND";1;"PZ";1.29;1.29;0;0;0;1.29;"4008496626427";"ČARAPE/BATERIJE"
"BATERIJA 1,5V AA EXTRA POWER 4kom";"910004801";"NO BRAND";1;"PZ";1.29;1.29;0;0;0;1.29;"4008496626410";"ČARAPE/BATERIJE"
"MIX DOMAĆIH SUHIH KOLAČA 500g";"910004901";"NO BRAND";0.5;"KG";4.89;9.78;0;0;0;4.89;"3859888257221";"KRUH SVJEŽI"
"PRŽEN.KIKIRIKI SLANI BE.LJUSKE 500g";"910005301";"NO BRAND";0.5;"KG";2.29;4.58;0;0;0;2.29;"8005912002021";"VOĆE SUHO/ORAŠASTO"
"SUHO VOĆE MIX 150g";"910005401";"NO BRAND";0.15;"KG";3.32;22.13;0;0;0;3.32;"8005912016240";"VOĆE SUHO/ORAŠASTO"
"VINO BIJELO PET 2l";"910006101";"NO BRAND";2;"LT";2.99;1.5;0;0;0;2.99;"3858891543109";"VINA"
"VINO CHARDONNAY PET 2l";"910006301";"NO BRAND";2;"LT";3.59;1.8;0;0;0;3.59;"3858891543130";"VINA"
"VINO MALVAZIJA PET 2l";"910006401";"NO BRAND";2;"LT";4.19;2.1;0;0;0;4.19;"3858891543123";"VINA"
"VINO VRANAC PET 1l";"910006501";"NO BRAND";1;"LT";2.79;2.79;0;0;0;2.79;"3858891543178";"VINA"
"VINO VRANAC PET 2l";"910006601";"NO BRAND";2;"LT";3.59;1.8;0;0;0;3.59;"3858891543154";"VINA"
"VINO GRAŠEVINA 1l";"910006801";"NO BRAND";1;"LT";3.19;3.19;0;0;0;3.19;"3858891543185";"VINA"
"VINO GRAŠEVINA PET 2l";"910006901";"NO BRAND";2;"LT";3.89;1.95;0;0;0;3.89;"3858891543116";"VINA"
"VINO GRAŠEVINA PET 3l";"910007101";"NO BRAND";3;"LT";5.79;1.93;0;0;0;5.79;"3858891543055";"VINA"
"PECIVO S BUČINIM KOŠTICAMA 80g";"910007201";"NO BRAND";0.08;"KG";0.49;6.13;0;0;0;0.49;"";"KRUH - SAMOPOSLUŽNI PULT"
"PECIVO HAMBI SA SEZAMOM 2/1PAK 200g";"910007401";"NO BRAND";0.2;"KG";1.09;5.45;0;0;0;1.09;"3858885565315";"KRUH SVJEŽI"
"PECIVO HAMBI SA SEZAMOM 2/1PAK 200g";"910007401";"NO BRAND";0.2;"KG";1.09;5.45;0;0;0;1.09;"3858885565544";"KRUH SVJEŽI"
"PECIVO HAMBI SA SEZAM.4/1 PAK 340g";"910007501";"NO BRAND";0.34;"KG";2.19;6.44;0;0;0;2.19;"3858885565322";"KRUH SVJEŽI"
"PECIVO HAMBI SA SEZAM.4/1 PAK 340g";"910007501";"NO BRAND";0.34;"KG";2.19;6.44;0;0;0;2.19;"3858885565551";"KRUH SVJEŽI"
"PECIVO HOT DOG 2/1 PAK 280g";"910007601";"NO BRAND";0.28;"KG";1.39;4.96;0;0;0;1.39;"3858885565339";"KRUH SVJEŽI"
"PECIVO HOT DOG 2/1 PAK 280g";"910007601";"NO BRAND";0.28;"KG";1.39;4.96;0;0;0;1.39;"3858885565568";"KRUH SVJEŽI"
"PECIVO KAJZERICA 6/1PAK 300g";"910007701";"NO BRAND";0.3;"KG";1.79;5.97;0;0;0;1.79;"3858885565353";"KRUH SVJEŽI"
"PECIVO KAJZERICA 6/1PAK 300g";"910007701";"NO BRAND";0.3;"KG";1.79;5.97;0;0;0;1.79;"3858885565582";"KRUH SVJEŽI"
"PECIVO LEPINJA 1/1 PAK 150g";"910007801";"NO BRAND";0.15;"KG";0.69;4.6;0;0;0;0.69;"3858885565346";"KRUH SVJEŽI"
"PECIVO LEPINJA 1/1 PAK 150g";"910007801";"NO BRAND";0.15;"KG";0.69;4.6;0;0;0;0.69;"3858885565575";"KRUH SVJEŽI"
"PECIVO LIZIKA 1/1 PAK 150g";"910007901";"NO BRAND";0.15;"KG";0.79;5.27;0;0;0;0.79;"3858885565285";"KRUH SVJEŽI"
"PECIVO LIZIKA 1/1 PAK 150g";"910007901";"NO BRAND";0.15;"KG";0.79;5.27;0;0;0;0.79;"3858885565513";"KRUH SVJEŽI"
"PECIVO PUTER ŠTANGICA 3/1 PAK 150g";"910008001";"NO BRAND";0.15;"KG";1.69;11.27;0;0;0;1.69;"3858885565209";"KRUH SVJEŽI"
"PECIVO PUTER ŠTANGICA 3/1 PAK 150g";"910008001";"NO BRAND";0.15;"KG";1.69;11.27;0;0;0;1.69;"3858885565537";"KRUH SVJEŽI"
"PECIVO SA SJEMENKAMA 4/1PAK 240g";"910008101";"NO BRAND";0.24;"KG";2.29;9.54;0;0;0;2.29;"3858885565292";"KRUH SVJEŽI"
"PECIVO SA SJEMENKAMA 4/1PAK 240g";"910008101";"NO BRAND";0.24;"KG";2.29;9.54;0;0;0;2.29;"3858885565520";"KRUH SVJEŽI"
"BRESKVICE 320g S&G";"910008201";"NO BRAND";0.32;"KG";4.39;13.72;0;0;0;4.39;"3830056440829";"KOLAČI"
"BRESKVICE 320g S&G";"910008201";"NO BRAND";0.32;"KG";4.39;13.72;0;0;0;4.39;"3830056444698";"KOLAČI"
"SACHER KOCKE 450g S&G";"910008401";"NO BRAND";0.45;"KG";4.99;11.09;0;0;0;4.99;"3830042310129";"KOLAČI"
"SACHER KOCKE 450g S&G";"910008401";"NO BRAND";0.45;"KG";4.99;11.09;0;0;0;4.99;"3830056444704";"KOLAČI"
"LIKER OD BOROVNICE 20% 1000ml";"910009401";"NO BRAND";1;"LT";7.89;7.89;0;0;0;7.89;"3850164243419";"JAKA ALKOHOLNA PIĆA"
"KRUŠKOVAC 25% 1000ml";"910009501";"NO BRAND";1;"LT";7.75;7.75;5.89;5.89;7.75;7.75;"3850164243396";"JAKA ALKOHOLNA PIĆA"
"LIKER OD MEDA 25% 1000ml";"910009601";"NO BRAND";1;"LT";8.89;8.89;5.89;5.89;8.89;8.89;"3850164243372";"JAKA ALKOHOLNA PIĆA"
"RAKIJA ŠLJIVOVICA 40% 1000ml";"910009701";"NO BRAND";1;"LT";14.99;14.99;0;0;0;14.99;"3850164243389";"JAKA ALKOHOLNA PIĆA"
"LIKER OD VIŠNJE 20% 1000ml";"910009801";"NO BRAND";1;"LT";7.89;7.89;0;0;0;7.89;"3850164243402";"JAKA ALKOHOLNA PIĆA"
"RAKIJA TRAVARICA 37,5% 1000ml";"910009901";"NO BRAND";1;"LT";9.92;9.92;0;0;0;9.92;"3850164243365";"JAKA ALKOHOLNA PIĆA"
"TOPLJENI SIR S FEFERONIMA 8kom 140g";"910010001";"NO BRAND";0.14;"KG";1.69;12.07;1.29;9.21;1.69;1.69;"3858888598365";"MLIJEČNI PROIZ. SVJEŽI - EGAL."
"TOPLJENI SIR SA ŠUNKOM 8 kom 140g";"910010002";"NO BRAND";0.14;"KG";1.69;12.07;1.29;9.21;1.69;1.69;"3858888598334";"MLIJEČNI PROIZ. SVJEŽI - EGAL."
"PIVO LAGER CARLBEER PET 4% 1,8l";"910010401";"NO BRAND";1.8;"LT";1.75;0.97;0;0;0;1.75;"3850172202347";"PIVA"
"KISELO VRHNJE 12% m.m.180g";"910010601";"LAND";0.18;"KG";0.65;3.61;0.39;2.17;0.49;0.65;"3870199000337";"MLIJEKO SVJEŽE VRHNJE"
"KISELO VRHNJE 12% m.m.180g";"910010601";"LAND";0.18;"KG";0.65;3.61;0.39;2.17;0.49;0.65;"8017596114242";"MLIJEKO SVJEŽE VRHNJE"
"KISELO VRHNJE 20% m.m.180g";"910010602";"LAND";0.18;"KG";0.69;3.83;0;0;0;0.69;"3870199000061";"MLIJEKO SVJEŽE VRHNJE"
"KISELO VRHNJE 20% m.m.180g";"910010602";"LAND";0.18;"KG";0.69;3.83;0;0;0;0.69;"8017596114259";"MLIJEKO SVJEŽE VRHNJE"
"PIVO RADL.LIM.GREJP. PET 2% 1,8l";"910010701";"NO BRAND";1.8;"LT";1.89;1.05;0;0;0;1.89;"3850172200886";"PIVA"
"SOL SITNA MORSKA KUTIJA 1kg";"910011001";"NO BRAND";1;"KG";0.69;0.69;0;0;0;0.69;"3859888817005";"SOL"
"SOL SITNA MORSKA pvc 1kg";"910011101";"NO BRAND";1;"KG";0.59;0.59;0;0;0;0.59;"3859888817029";"SOL"
"SOL KRUPNA MORSKA pvc 1kg";"910011201";"NO BRAND";1;"KG";0.59;0.59;0;0;0;0.59;"3859888817036";"SOL"
"BUĐOLA NAREZAK 100g";"910011801";"NO BRAND";0.1;"KG";2.59;25.9;0;0;0;2.59;"3850133811410";"SALAME SVJEŽE - EGALIZIRANE"
"GAZIRANO PIĆE BITTER LEMON 1,5l";"910011901";"NO BRAND";1.5;"LT";1.09;0.73;0;0;0;1.09;"3858893550075";"BEZALKOHOLNA PIĆA"
"GAZIRANO PIĆE BITTER LEMON 1,5l";"910011901";"NO BRAND";1.5;"LT";1.09;0.73;0;0;0;1.09;"3859892735388";"BEZALKOHOLNA PIĆA"
"SUHA PEČENICA 100g";"910012101";"NO BRAND";0.1;"KG";2.29;22.9;0;0;0;2.29;"3858884937694";"SALAME SVJEŽE - EGALIZIRANE"
"SVJEŽA JAJA PODNI UZGOJ L 10/1";"910012301";"PUTOVANJE KROZ OKUSE";1;"PZ";2.59;2.59;0;0;0;2.59;"3859889711432";"MLIJEČNI PROIZVODI UHT - JAJA"
"SVJEŽA JAJA PODNI UZGOJ L 10/1";"910012301";"PUTOVANJE KROZ OKUSE";1;"PZ";2.59;2.59;0;0;0;2.59;"8017596133083";"MLIJEČNI PROIZVODI UHT - JAJA"
"SVJEŽA JAJA PODNI UZGOJ M 10/1";"910012401";"PUTOVANJE KROZ OKUSE";1;"PZ";2.39;2.39;0;0;0;2.39;"3859889711425";"MLIJEČNI PROIZVODI UHT - JAJA"
"SVJEŽA JAJA PODNI UZGOJ M 10/1";"910012401";"PUTOVANJE KROZ OKUSE";1;"PZ";2.39;2.39;0;0;0;2.39;"8017596133076";"MLIJEČNI PROIZVODI UHT - JAJA"
"SVJEŽA JAJA M 10/1";"910012601";"NO BRAND";1;"PZ";2.29;2.29;1.75;1.75;2.29;2.29;"3859889611442";"MLIJEČNI PROIZVODI UHT - JAJA"
"SVJEŽA JAJA M 10/1";"910012601";"NO BRAND";1;"PZ";2.29;2.29;1.75;1.75;2.29;2.29;"3859889711456";"MLIJEČNI PROIZVODI UHT - JAJA"
"SVJEŽA JAJA M 10/1";"910012601";"NO BRAND";1;"PZ";2.29;2.29;1.75;1.75;2.29;2.29;"8017596133076";"MLIJEČNI PROIZVODI UHT - JAJA"
"SVJEŽA JAJA M 18/1";"910012701";"NO BRAND";1;"PZ";4.19;4.19;0;0;0;3.89;"3859889711463";"MLIJEČNI PROIZVODI UHT - JAJA"
"SVJEŽA JAJA M 18/1";"910012701";"NO BRAND";1;"PZ";4.19;4.19;0;0;0;3.89;"3859889611428";"MLIJEČNI PROIZVODI UHT - JAJA"
"DIMLJENA MINI KOBASICA 220g";"910013101";"MEAT APPETIT";0.22;"KG";2.49;11.32;0;0;0;2.49;"3858884937793";"SALAME SVJEŽE - EGALIZIRANE"
"DIMLJENA MINI KOBASICA 220g";"910013101";"MEAT APPETIT";0.22;"KG";2.49;11.32;0;0;0;2.49;"8017596129253";"SALAME SVJEŽE - EGALIZIRANE"
"BIJELA MINI KOBASICA 220g";"910013201";"MEAT APPETIT";0.22;"KG";2.29;10.41;0;0;0;2.29;"3858884937816";"SALAME SVJEŽE - EGALIZIRANE"
"BIJELA MINI KOBASICA 220g";"910013201";"MEAT APPETIT";0.22;"KG";2.29;10.41;0;0;0;2.29;"8017596129260";"SALAME SVJEŽE - EGALIZIRANE"
"*SVJEŽI POLUMASNI SIR";"910013301";"NO BRAND";1;"KG";5.9;5.9;0;0;0;5.9;"";"DELIKATESA - SIREVI"
"BAGUETTE KUKURUZNI MIJEŠANI 250g";"910013901";"NO BRAND";0.25;"KG";0.89;3.56;0;0;0;0.89;"";"KRUH - SAMOPOSLUŽNI PULT"
"BAGUETTE SA BUČINIM SJEMENKAMA 250g";"910014001";"NO BRAND";0.25;"KG";1.19;4.76;0;0;0;1.19;"";"KRUH - SAMOPOSLUŽNI PULT"
"KULEN TRADICIONALNI";"910014501";"NO BRAND";1;"KG";20.99;20.99;0;0;0;20.99;"";"SALAME SVJEŽE - TEŽINSKE"
"KULEN 100g";"910014601";"NO BRAND";0.1;"KG";2.49;24.9;0;0;0;2.49;"3850133811441";"SALAME SVJEŽE - EGALIZIRANE"
"KULEN RAVNI 100g";"910014701";"NO BRAND";0.1;"KG";1.99;19.9;0;0;0;1.99;"3850133811472";"SALAME SVJEŽE - EGALIZIRANE"
"KULEN RAVNI 100g";"910014701";"NO BRAND";0.1;"KG";1.99;19.9;0;0;0;1.99;"8017596129390";"SALAME SVJEŽE - EGALIZIRANE"
"*TILZIT SIR";"910014801";"NO BRAND";1;"KG";7.9;7.9;0;0;0;8.5;"";"DELIKATESA - SIREVI"
"*ISTARSKI KRAVLJI SIR KOLUT";"910014901";"NO BRAND";1;"KG";24.9;24.9;0;0;0;24.9;"";"DELIKATESA - SIREVI"
"*PEČENA ŠUNKA 1/2 VP";"910015101";"NO BRAND";1;"KG";14.9;14.9;0;0;0;14.9;"";"DELIKATESA - SALAME"
"*ISTARSKA PANCETA PREMIUM";"910015201";"NO BRAND";1;"KG";25.9;25.9;0;0;0;25.9;"";"DELIKATESA - SALAME"
"*PRŠUT PISINO PREMIUM";"910015301";"NO BRAND";1;"KG";28.9;28.9;0;0;0;28.9;"";"DELIKATESA - SALAME"
"*SIR DŽIUGAS KOLUT 6 MJESECI";"910015501";"NO BRAND";1;"KG";13.9;13.9;0;0;0;13.9;"";"DELIKATESA - SIREVI"
"*SIR TRAPIST";"910015601";"NO BRAND";1;"KG";11.9;11.9;0;0;0;11.9;"";"DELIKATESA - SIREVI"
"HRENOVKE 8kom 600g";"910016501";"NO BRAND";0.6;"KG";3.98;6.63;0;0;0;3.98;"3838876022973";"SALAME SVJEŽE - EGALIZIRANE"
"TLAČENICA 400g";"910017001";"NO BRAND";0.4;"KG";2.69;6.73;0;0;0;2.69;"3838876021532";"SALAME SVJEŽE - EGALIZIRANE"
"PARIŠKA PUREĆA KOBASICA 1000g";"910017401";"MEAT APPETIT";1;"KG";2.79;2.79;0;0;0;2.79;"3830042430193";"SALAME SVJEŽE - EGALIZIRANE"
"PARIŠKA PUREĆA KOBASICA 1000g";"910017401";"MEAT APPETIT";1;"KG";2.79;2.79;0;0;0;2.79;"8017596134233";"SALAME SVJEŽE - EGALIZIRANE"
"PUREĆA PRSA 200g";"910017501";"NO BRAND";0.2;"KG";2.99;14.95;0;0;0;2.99;"3831006612044";"SALAME SVJEŽE - EGALIZIRANE"
"*KULEN KVRGAVI";"910017601";"NO BRAND";1;"KG";19.9;19.9;0;0;0;19.9;"";"DELIKATESA - SALAME"
"*TIROLSKA KOBASICA";"910017901";"NO BRAND";1;"KG";8.9;8.9;6.9;6.9;8.9;8.9;"";"DELIKATESA - SALAME"
"*ČAJNA KOBASICA GOLD MAP";"910018201";"NO BRAND";1;"KG";16.9;16.9;14.6;14.6;16.9;16.9;"";"DELIKATESA - SALAME"
"*PIK KUHANA ŠUNKA ZLATNA";"910018701";"NO BRAND";1;"KG";14.2;14.2;0;0;0;14.2;"";"DELIKATESA - SALAME"
"KUKURUZNI MIJEŠANI 400g";"910019701";"NO BRAND";0.4;"KG";1.99;4.98;0;0;0;1.99;"8606018738960";"KRUH SVJEŽI"
"INTEGRAL KRUH 400g";"910019801";"NO BRAND";0.4;"KG";1.99;4.98;0;0;0;1.99;"8606018738984";"KRUH SVJEŽI"
"INTEGRAL KRUH 400g";"910019801";"NO BRAND";0.4;"KG";1.99;4.98;0;0;0;1.99;"3858885565001";"KRUH SVJEŽI"
"KRUH ZLATNI KORIJEN 300g";"910019901";"NO BRAND";0.3;"KG";1.55;5.17;0;0;0;1.55;"";"KRUH - SAMOPOSLUŽNI PULT"
"DOMAĆI KUKURUZNI MIJEŠANI KRUH 500g";"910020101";"NO BRAND";0.5;"KG";1.49;2.98;0;0;0;1.49;"";"KRUH - SAMOPOSLUŽNI PULT"
"KRUH SA SJEMENKAMA 400g";"910020201";"NO BRAND";0.4;"KG";1.99;4.98;0;0;0;1.99;"8606018739004";"KRUH SVJEŽI"
"KRUH SA SJEMENKAMA 400g";"910020201";"NO BRAND";0.4;"KG";1.99;4.98;0;0;0;1.99;"3858885563496";"KRUH SVJEŽI"
"KRUMPIROV DOMAĆI KRUH 400g";"910020301";"NO BRAND";0.4;"KG";1.15;2.88;0;0;0;1.15;"";"KRUH - SAMOPOSLUŽNI PULT"
"LOVAČKI DOMAĆI KRUH 400g";"910020401";"NO BRAND";0.4;"KG";1.05;2.63;0.69;1.73;1.05;1.05;"";"KRUH - SAMOPOSLUŽNI PULT"
"PROTEINSKI DOMAĆI KRUŠČIĆ 250g";"910020601";"NO BRAND";0.25;"KG";1.25;5;0;0;0;1.25;"";"KRUH - SAMOPOSLUŽNI PULT"
"DEBRECINKA KOBASICA 320g";"910020701";"NO BRAND";0.32;"KG";2.89;9.03;0;0;0;2.89;"3858884937731";"SALAME SVJEŽE - EGALIZIRANE"
"DEBRECINKA KOBASICA 320g";"910020701";"NO BRAND";0.32;"KG";2.89;9.03;0;0;0;2.89;"8017596129277";"SALAME SVJEŽE - EGALIZIRANE"
"DEBRECINKA PIKANTNA KOBASICA 320g";"910020801";"NO BRAND";0.32;"KG";2.89;9.03;0;0;0;2.89;"3858884937755";"SALAME SVJEŽE - EGALIZIRANE"
"DEBRECINKA PIKANTNA KOBASICA 320g";"910020801";"NO BRAND";0.32;"KG";2.89;9.03;0;0;0;2.89;"8017596129284";"SALAME SVJEŽE - EGALIZIRANE"
"SVITAK ČOKOLADA-VANILIJA 90g";"910020901";"NO BRAND";0.09;"KG";0.55;6.11;0;0;0;0.55;"";"KRUH - SAMOPOSLUŽNI PULT"
"PILEĆA JUHA S KNEDLAMA 58g";"910021801";"EAT EASY AND TASTY";0.058;"KG";0.69;11.9;0;0;0;0.69;"8017596111432";"JUHE/DEHIDRIRANI PROIZVODI"
"MJEŠAVINA ZAČINA ZA GRAH 60g";"910021901";"EAT EASY AND TASTY";0.06;"KG";0.69;11.5;0;0;0;0.69;"8017596111845";"RAJČICA/DODACI"
"KREM JUHA OD VRGANJA 70g";"910022001";"EAT EASY AND TASTY";0.07;"KG";0.69;9.86;0;0;0;0.69;"8017596111401";"JUHE/DEHIDRIRANI PROIZVODI"
"INSTANT GOVEĐA JUHA TJESTENINOM 65g";"910022301";"EAT EASY AND TASTY";0.065;"KG";0.69;10.62;0;0;0;0.69;"8017596111395";"JUHE/DEHIDRIRANI PROIZVODI"
"PILEĆA JUHA S TJESTENINOM 65g";"910022401";"EAT EASY AND TASTY";0.065;"KG";0.69;10.62;0;0;0;0.69;"8017596111449";"JUHE/DEHIDRIRANI PROIZVODI"
"MIX ZAČINA ZA GULAŠ I PAPRIKAŠ 50g";"910022601";"EAT EASY AND TASTY";0.05;"KG";0.69;13.8;0;0;0;0.69;"8017596111876";"ZAČINI/LIOFILIZIRANO"
"MIX ZAČINA PLJESKAVICE I ČEVAPI 50g";"910022901";"EAT EASY AND TASTY";0.05;"KG";0.69;13.8;0;0;0;0.69;"8017596111883";"ZAČINI/LIOFILIZIRANO"
"MIX ZAČINA PAPRIKA I SARMA 60g";"910023101";"EAT EASY AND TASTY";0.06;"KG";0.69;11.5;0;0;0;0.69;"8017596111869";"ZAČINI/LIOFILIZIRANO"
"CIABATTA KRUH 300g";"910024401";"NO BRAND";0.3;"KG";0.99;3.3;0;0;0;0.99;"";"KRUH - SAMOPOSLUŽNI PULT"
"ŠUNKA ZA PIZZU 800g";"910024501";"MEAT APPETIT";0.8;"KG";4.75;5.94;0;0;0;4.75;"3850139520248";"SALAME SVJEŽE - EGALIZIRANE"
"ŠUNKA ZA PIZZU 800g";"910024501";"MEAT APPETIT";0.8;"KG";4.75;5.94;0;0;0;4.75;"8017596129437";"SALAME SVJEŽE - EGALIZIRANE"
"ŠUNKA U OVITKU 400g";"910024601";"MEAT APPETIT";0.4;"KG";3.19;7.98;0;0;0;3.19;"3850139520231";"SALAME SVJEŽE - EGALIZIRANE"
"ŠUNKA U OVITKU 400g";"910024601";"MEAT APPETIT";0.4;"KG";3.19;7.98;0;0;0;3.19;"8017596129420";"SALAME SVJEŽE - EGALIZIRANE"
"MORTADELA S MASLINAMA 150g";"910024701";"MEAT APPETIT";0.15;"KG";1.79;11.93;1.35;9;1.79;1.79;"3850139520279";"SALAME SVJEŽE - EGALIZIRANE"
"MORTADELA S MASLINAMA 150g";"910024701";"MEAT APPETIT";0.15;"KG";1.79;11.93;1.35;9;1.79;1.79;"8017596129406";"SALAME SVJEŽE - EGALIZIRANE"
"ŠUNKA KUHANA 200g";"910024801";"MEAT APPETIT";0.2;"KG";1.79;8.95;0;0;0;1.79;"3850139520255";"SALAME SVJEŽE - EGALIZIRANE"
"ŠUNKA KUHANA 200g";"910024801";"MEAT APPETIT";0.2;"KG";1.79;8.95;0;0;0;1.79;"8017596129413";"SALAME SVJEŽE - EGALIZIRANE"
"HAMBURGER";"910024902";"NO BRAND";1;"KG";6.99;6.99;0;0;0;6.99;"";"SALAME SVJEŽE - TEŽINSKE"
"*DIMLJENI SIR GAUDA";"910025101";"NO BRAND";1;"KG";12.4;12.4;0;0;0;12.4;"";"DELIKATESA - SIREVI"
"*DIMLJENI SIR FIT";"910025201";"NO BRAND";1;"KG";14.9;14.9;0;0;0;14.9;"";"DELIKATESA - SIREVI"
"*SIR TRAPIST KOLUT";"910025401";"NO BRAND";1;"KG";16.9;16.9;0;0;0;16.9;"";"DELIKATESA - SIREVI"
"DONUT NUGAT 71g PUNJENI";"910025501";"NO BRAND";0.071;"KG";0.69;9.72;0.45;6.34;0.69;0.69;"";"KRUH - SAMOPOSLUŽNI PULT"
"NEGAZIRANO PIĆE CRVENA NARANČA 1,5l";"910025801";"PUERTOSOL";1.5;"LT";1.69;1.13;0;0;0;1.69;"8017596051820";"BEZALKOHOLNA PIĆA"
"NEKTAR MULTIVITAMIN 1,5l";"910026001";"PUERTOSOL";1.5;"LT";1.69;1.13;0;0;0;1.69;"8017596011435";"BEZALKOHOLNA PIĆA"
"NEGAZIRANO PIĆE ACE 1,5l";"910026101";"PUERTOSOL";1.5;"LT";1.69;1.13;0;0;0;1.69;"8017596011442";"BEZALKOHOLNA PIĆA"
"NEGAZIRANO PIĆE BCE 1,5l";"910026201";"PUERTOSOL";1.5;"LT";1.69;1.13;0;0;0;1.69;"8017596060228";"BEZALKOHOLNA PIĆA"
"TEMELJAC U ŽELATINI POVRTNI 112g";"910026401";"DON JEREZ";0.112;"KG";1.19;10.63;0;0;0;1.19;"8017596111814";"RAJČICA/DODACI"
"TEMELJAC U ŽELATINI GOVEĐI 112g";"910026501";"DON JEREZ";0.112;"KG";1.19;10.63;0;0;0;1.19;"8017596111807";"RAJČICA/DODACI"
"TEMELJAC U ŽELATINI PILEĆI 112g";"910026601";"DON JEREZ";0.112;"KG";1.19;10.63;0;0;0;1.19;"8017596111791";"RAJČICA/DODACI"
"ČAJ UVIN 20F 30g";"910028501";"LESTER HOUSE";0.03;"KG";0.8;26.67;0;0;0;0.8;"8017596114693";"KAVA/ČAJEVI/DRUGO"
"*DOMAĆA SUHA KOBASICA";"910028901";"NO BRAND";1;"KG";17.9;17.9;0;0;0;17.9;"";"DELIKATESA - SALAME"
"*KUHANI DIMLJENI SIR";"910029101";"NO BRAND";1;"KG";13.9;13.9;0;0;0;13.9;"";"DELIKATESA - SIREVI"
"LIGNJA PATAGONIA 500g";"910029201";"NO BRAND";0.5;"KG";8.39;16.78;0;0;0;8.39;"3858891990897";"RIBA SVJEŽA CIJELA"
"SRDELA BEZ GLAVE 400g";"910029401";"NO BRAND";0.4;"KG";2.49;6.23;1.99;4.98;2.49;2.49;"3858891990439";"RIBA SVJEŽA FILETI"
"HELJDIN MIJEŠ.KRUH S ORASIMA 400g";"910030501";"NO BRAND";0.4;"KG";1.99;4.98;0;0;0;1.99;"";"KRUH - SAMOPOSLUŽNI PULT"
"SOMUN 200g";"910030601";"NO BRAND";0.2;"KG";0.58;2.9;0;0;0;0.58;"";"KRUH - SAMOPOSLUŽNI PULT"
"*PANIRANI OSLIĆ FILET";"910031001";"NO BRAND";1;"KG";12.9;12.9;0;0;0;12.9;"";"DELIKATESA - GOTOVA JELA"
"KRUH BIJELI REZANI PAK 650g";"910032001";"NO BRAND";0.65;"KG";0.99;1.52;0;0;0;1.29;"3859892986124";"KRUH SVJEŽI"
"KRUH POLUBIJELI REZANI PAK 700g";"910032101";"NO BRAND";0.7;"KG";1.19;1.7;0;0;0;1.19;"3859892986209";"KRUH SVJEŽI"
"KRUH KUKURUZ.MIJEŠANI REZ.PAK 500g";"910032201";"NO BRAND";0.5;"KG";1.39;2.78;0;0;0;1.39;"3859892986230";"KRUH SVJEŽI"
"KRUH RAŽENI MIJEŠANI REZANI 500g";"910032301";"NO BRAND";0.5;"KG";1.29;2.58;0;0;0;1.29;"3859892986056";"KRUH SVJEŽI"
"TELEĆI BUT ODREZAK 450g";"910035201";"NO BRAND";0.45;"KG";14.73;32.73;0;0;0;14.73;"3858890180886";"MESO TELEĆE"
"*GRAH VARIVO";"910040901";"NO BRAND";1;"KG";5.9;5.9;3.9;3.9;5.9;5.9;"";"DELIKATESA - GOTOVA JELA"
"*PANIRANI PILEĆI FILE 200g";"910041301";"NO BRAND";0.2;"KG";2.65;13.25;0;0;0;2.65;"";"DELIKATESA - GOTOVA JELA"
"*PANIRANI SVINJSKI KARE 200g";"910041401";"NO BRAND";0.2;"KG";2.39;11.95;0;0;0;2.39;"";"DELIKATESA - GOTOVA JELA"
"ODREZAK LOSOSA 400g";"910043101";"NO BRAND";0.4;"KG";8.99;22.48;6.99;17.48;8.99;8.99;"3857500084729";"RIBA SVJEŽA KOMADI"
"PIZZA SA SIROM";"910044401";"NO BRAND";1;"KG";7.96;7.96;0;0;0;7.96;"";"DELIKATESA - KRUH/KOLAČI"
"SVJEŽI KVASAC 42g";"910049601";"NO BRAND";0.042;"KG";0.75;17.86;0;0;0;0.75;"3859889940832";"MLIJEČNI PROIZ. SVJEŽI - EGAL."
"SVJEŽI KVASAC 42g";"910049601";"NO BRAND";0.042;"KG";0.75;17.86;0;0;0;0.75;"3858887683444";"MLIJEČNI PROIZ. SVJEŽI - EGAL."
"SVJEŽI KVASAC 42g";"910049601";"NO BRAND";0.042;"KG";0.75;17.86;0;0;0;0.75;"3858887683451";"MLIJEČNI PROIZ. SVJEŽI - EGAL."
"ŠUNKA PEČENA 100g";"910050901";"NO BRAND";0.1;"KG";1.29;12.9;0;0;0;1.29;"3838876020252";"SALAME SVJEŽE - EGALIZIRANE"
"PEČENI SVINJSKI VRAT NAREZAK 100g";"910051201";"NO BRAND";0.1;"KG";1.39;13.9;0;0;0;1.39;"3838876025066";"SALAME SVJEŽE - EGALIZIRANE"
"MLIJEKO TRAJNO 2,8% m.m.1l";"910051501";"LAND";1;"LT";0.79;0.79;0;0;0;0.79;"8017596112910";"MLIJEČNI PROIZVODI UHT - JAJA"
"*MORTADELA S PISTACIJAMA";"910055901";"NO BRAND";1;"KG";10.5;10.5;0;0;0;10.5;"";"DELIKATESA - SALAME"
"POSEBNA PUREĆA KOBASICA 500g";"910056801";"NO BRAND";0.5;"KG";1.79;3.58;0;0;0;1.79;"3830042430186";"SALAME SVJEŽE - EGALIZIRANE"
"*MORTADELA S MASLINAMA";"910056901";"NO BRAND";1;"KG";10.5;10.5;0;0;0;10.5;"";"DELIKATESA - SALAME"
"GAZ.PIĆE LIMUNADA LIMENKA 330ml";"910057302";"BLUES";0.33;"LT";0.45;1.36;0;0;0;0.45;"8017596067227";"BEZALKOHOLNA PIĆA"
"GAZ.PIĆE LIMUNADA LIMENKA 330ml";"910057302";"BLUES";0.33;"LT";0.45;1.36;0;0;0;0.45;"8017596067197";"BEZALKOHOLNA PIĆA"
"*PIRE KRUMPIR";"910057901";"NO BRAND";1;"KG";4.5;4.5;0;0;0;4.5;"";"DELIKATESA - GOTOVA JELA"
"*ZAGREBAČKI ODREZAK 200g";"910058501";"NO BRAND";0.2;"KG";2.59;12.95;0;0;0;2.59;"3859892963941";"DELIKATESA - GOTOVA JELA"
"TEKUĆINA ZA AUTOSTAKLO ZIMSKA 5L";"910059201";"NO BRAND";5;"LT";5.29;1.06;0;0;0;5.29;"3859888770706";"SEZONSKI PROIZVODI"
"*SIR BURRATA 150g";"910059301";"NO BRAND";0.15;"KG";3.49;23.27;0;0;0;3.49;"8002710335252";"DELIKATESA - SIREVI"
"*SIR BURRATA 150g";"910059301";"NO BRAND";0.15;"KG";3.49;23.27;0;0;0;3.49;"80882282";"DELIKATESA - SIREVI"
"*SIR BURRATA 150g";"910059301";"NO BRAND";0.15;"KG";3.49;23.27;0;0;0;3.49;"80894162";"DELIKATESA - SIREVI"
"PUREĆA ROLADA ZAČINJENA U MREŽICI";"910060101";"NO BRAND";1;"KG";7.17;7.17;0;0;0;7.17;"";"MESO PERADI"
"CIJELA MINI PURICA";"910060201";"NO BRAND";1;"KG";7.96;7.96;0;0;0;7.96;"";"MESO PERADI"
"BRAŠNO PŠENIČNO GLATKO T-550 5kg";"910060301";"NO BRAND";5;"KG";3.58;0.72;0;0;0;3.58;"3858881506206";"BRAŠNO"
"BRAŠNO PŠENIČNO GLATKO T-550 5kg";"910060301";"NO BRAND";5;"KG";3.58;0.72;0;0;0;3.58;"3858881500600";"BRAŠNO"
"BRAŠNO PŠENIČNO GLATKO T-550 5kg";"910060301";"NO BRAND";5;"KG";3.58;0.72;0;0;0;3.58;"3858881508255";"BRAŠNO"
"*BEČKA KOBASICA";"910065401";"NO BRAND";1;"KG";11.9;11.9;0;0;0;11.9;"";"DELIKATESA - SALAME"
"RIB-EYE ODREZAK SUHO ZRENJE S.K.";"910065801";"NO BRAND";1;"KG";22.43;22.43;0;0;0;22.43;"";"MESO GOVEĐE"
"T-BONE SUHO ZRENJE";"910065901";"NO BRAND";1;"KG";24.55;24.55;0;0;0;24.55;"";"MESO GOVEĐE"
"SUŠENI ATLAN.BAKALAR 600-800g VP";"910066001";"NO BRAND";1;"KG";66.9;66.9;0;0;0;66.9;"";"RIBA MORSKA SUŠENA"
"SUŠENI ATLANTSKI BAKALAR 400-600g";"910066101";"NO BRAND";1;"KG";55.9;55.9;0;0;0;55.9;"";"RIBA MORSKA SUŠENA"
"ARGENTISKI ODREZAK 300g";"910068001";"NO BRAND";0.3;"KG";7.99;26.63;0;0;0;7.99;"3838876024854";"MESO GOVEĐE"
"MED CVJETNI -HR 100% 680g";"910068301";"NO BRAND";0.68;"KG";5.29;7.78;4.49;6.6;5.29;5.29;"3859892827601";"DORUČAK - PAHULJICE/NAMAZI/MED"
"KEFIR 2,8% m.m. 1kg";"910068401";"LAND";1;"KG";1.49;1.49;0;0;0;1.49;"3870199001143";"JOGURTI I DESERTI"
"KEFIR 2,8% m.m. 1kg";"910068401";"LAND";1;"KG";1.49;1.49;0;0;0;1.49;"3870199003611";"JOGURTI I DESERTI"
"KEFIR 2,8% m.m. 1kg";"910068401";"LAND";1;"KG";1.49;1.49;0;0;0;1.49;"8017596133915";"JOGURTI I DESERTI"
"KISELO VRHNJE 20% m.m. 850g";"910068501";"LAND";0.85;"KG";3.29;3.87;0;0;0;3.29;"3870199001990";"MLIJEKO SVJEŽE VRHNJE"
"KISELO VRHNJE 20% m.m. 850g";"910068501";"LAND";0.85;"KG";3.29;3.87;0;0;0;3.29;"8017596132048";"MLIJEKO SVJEŽE VRHNJE"
"KISELO VRHNJE 20% m.m. 400g";"910068502";"LAND";0.4;"KG";1.65;4.13;0;0;0;1.65;"3870199001778";"MLIJEKO SVJEŽE VRHNJE"
"KISELO VRHNJE 20% m.m. 400g";"910068502";"LAND";0.4;"KG";1.65;4.13;0;0;0;1.65;"8017596132031";"MLIJEKO SVJEŽE VRHNJE"
"KISELO VRHNJE 12% m.m. 400g";"910068601";"LAND";0.4;"KG";1.45;3.63;0;0;0;1.45;"3870199001761";"MLIJEKO SVJEŽE VRHNJE"
"KISELO VRHNJE 12% m.m. 400g";"910068601";"LAND";0.4;"KG";1.45;3.63;0;0;0;1.45;"8017596132024";"MLIJEKO SVJEŽE VRHNJE"
"JOGURT TEKUĆI 2,8% m.m. 1kg";"910068701";"NO BRAND";1;"KG";1.69;1.69;0;0;0;1.49;"3870199003154";"JOGURTI I DESERTI"
"JOGURT TEKUĆI 2,8% m.m. 1kg";"910068701";"NO BRAND";1;"KG";1.69;1.69;0;0;0;1.49;"3870199000139";"JOGURTI I DESERTI"
"JOGURT TEKUĆI 2,8% m.m. 1kg";"910068701";"NO BRAND";1;"KG";1.69;1.69;0;0;0;1.49;"3870199003604";"JOGURTI I DESERTI"
"JUNEĆI VRAT S KOSTIMA.";"910069001";"NO BRAND";1;"KG";9.78;9.78;0;0;0;9.78;"";"MESO GOVEĐE"
"SIRNICA PINCA PAK 400g";"910069301";"NO BRAND";0.4;"KG";2.89;7.23;0;0;0;2.89;"3858881127913";"KRUH SVJEŽI"
"JOGURT TEKUćI 1% m.m. 950g";"910070201";"NO BRAND";0.95;"KG";1.29;1.36;0;0;0;1.29;"3870199003161";"JOGURTI I DESERTI"
"JOGURT TEKUćI 1% m.m. 950g";"910070201";"NO BRAND";0.95;"KG";1.29;1.36;0;0;0;1.29;"3870199002904";"JOGURTI I DESERTI"
"JOGURT TEKUćI 1% m.m. 950g";"910070201";"NO BRAND";0.95;"KG";1.29;1.36;0;0;0;1.29;"3870199003628";"JOGURTI I DESERTI"
"HOBOTNICA OČIŠĆENA";"910072601";"NO BRAND";1;"KG";15.99;15.99;0;0;0;15.99;"";"ZAMRZNUTA RIBA/MORSKI PLODOVI"
"*PEGLANI KULIN SALAMA";"910072701";"NO BRAND";1;"KG";18.9;18.9;0;0;0;18.9;"";"DELIKATESA - SALAME"
"*LASAGNE PEČENE";"910073001";"NO BRAND";1;"KG";6.62;6.62;0;0;0;6.62;"";"DELIKATESA - GOTOVA JELA"
"JUNEĆE MLJEVENO MESO 450g";"910073201";"NO BRAND";0.45;"KG";5.29;11.76;0;0;0;4.69;"3859893068478";"MESO MLJEVENO"
"JUNEĆE MLJEVENO MESO 450g";"910073201";"NO BRAND";0.45;"KG";5.29;11.76;0;0;0;4.69;"3858894667260";"MESO MLJEVENO"
"MIJEŠANO MLJEVENO MESO 450g";"910073301";"NO BRAND";0.45;"KG";4.19;9.31;0;0;0;4.19;"3859893068461";"MESO MLJEVENO"
"MIJEŠANO MLJEVENO MESO 450g";"910073301";"NO BRAND";0.45;"KG";4.19;9.31;0;0;0;4.19;"3858894667277";"MESO MLJEVENO"
"MIJEŠANO MLJEVENO MESO 850g";"910073401";"NO BRAND";0.85;"KG";7.49;8.81;0;0;0;6.89;"3859893068485";"MESO MLJEVENO"
"MIJEŠANO MLJEVENO MESO 850g";"910073401";"NO BRAND";0.85;"KG";7.49;8.81;0;0;0;6.89;"3858894667284";"MESO MLJEVENO"
"ĆEVAPI JUNETINA OVČETINA 900g";"910073501";"NO BRAND";0.9;"KG";9.99;11.1;6.99;7.77;9.99;8.79;"3859893068492";"MESO LOKALNO"
"ĆEVAPI JUNETINA OVČETINA 900g";"910073501";"NO BRAND";0.9;"KG";9.99;11.1;6.99;7.77;9.99;8.79;"3858894667291";"MESO LOKALNO"
"ĆEVAPI JUNETINA SVINJETINA 500g";"910073601";"NO BRAND";0.5;"KG";4.59;9.18;0;0;0;4.29;"3859893068508";"MESO LOKALNO"
"*GRILL PILEĆI FILE";"910073901";"NO BRAND";1;"KG";11.93;11.93;0;0;0;11.93;"";"PRODUZIONE INTERNA"
"*ĆEVAPČIĆI";"910074001";"NO BRAND";1;"KG";9.28;9.28;0;0;0;9.28;"";"PRODUZIONE INTERNA"
"*PILEĆA PEČENA KRILA MARINIRANA";"910074101";"NO BRAND";1;"KG";10.6;10.6;0;0;0;10.6;"";"PRODUZIONE INTERNA"
"*PILEĆI PEČENI BATAK MARINIRANI";"910074201";"NO BRAND";1;"KG";10.6;10.6;0;0;0;10.6;"";"PRODUZIONE INTERNA"
"*CARSKO MESO PEČENO";"910074301";"NO BRAND";1;"KG";8.61;8.61;0;0;0;8.61;"";"PRODUZIONE INTERNA"
"*ROŠTILJ KOBASICA PEČENA";"910074401";"NO BRAND";1;"KG";9.28;9.28;0;0;0;9.28;"";"PRODUZIONE INTERNA"
"DONUT JAGODA 73g PUNJENI";"910074501";"NO BRAND";0.073;"KG";0.85;11.64;0;0;0;0.85;"";"KRUH - SAMOPOSLUŽNI PULT"
"TELEĆI ODREZ.U MARIN.TARTUFA 150g.";"910074701";"NO BRAND";0.15;"KG";4.69;31.27;0;0;0;3.79;"8718767009120";"MESO TELEĆE"
"ŽEMLJA SA SJEMENKAMA 60g";"910075001";"NO BRAND";0.06;"KG";0.2;3.33;0;0;0;0.2;"";"KRUH - SAMOPOSLUŽNI PULT"
"VINO MALVAZIJA ISTRA BIO 750ML";"910075301";"NO BRAND";0.75;"LT";5.89;7.85;0;0;0;5.89;"3859890332015";"VINA"
"LOSION PR.KOMARACA,KRPELJA 100ml";"910075701";"NO BRAND";0.1;"LT";4.39;43.9;0;0;0;4.39;"5904517327078";"INSEKTICIDI/SVIJEĆE/OSVJEŽIVAČ"
"LOSION PR.KOMARACA,KRPELJA 100ml";"910075701";"NO BRAND";0.1;"LT";4.39;43.9;0;0;0;4.39;"5904517247369";"INSEKTICIDI/SVIJEĆE/OSVJEŽIVAČ"
"LOSION PR.KOMAR.KRPELJA DJECA 50ml";"910075801";"NO BRAND";0.05;"LT";3.49;69.8;0;0;0;3.49;"5904517246256";"INSEKTICIDI/SVIJEĆE/OSVJEŽIVAČ"
"SPREJ MAX PR.KOMARACA,KRPELJA 90ml";"910076001";"NO BRAND";0.09;"LT";4.99;55.44;0;0;0;4.99;"5904517324558";"INSEKTICIDI/SVIJEĆE/OSVJEŽIVAČ"
"SPREJ MAX PR.KOMARACA,KRPELJA 90ml";"910076001";"NO BRAND";0.09;"LT";4.99;55.44;0;0;0;4.99;"5904517387423";"INSEKTICIDI/SVIJEĆE/OSVJEŽIVAČ"
"SPREJ PROTIV OSA I STRŠLJENA 300ml";"910076801";"NO BRAND";0.3;"LT";5.99;19.97;0;0;0;5.99;"5904517081987";"INSEKTICIDI/SVIJEĆE/OSVJEŽIVAČ"
"*BUĐOLA 1/2 VAK";"910076901";"NO BRAND";1;"KG";19.9;19.9;0;0;0;19.9;"";"DELIKATESA - SALAME"
"MLIJEČNI NAMAZ 30% m.m. 70g";"910077002";"NO BRAND";0.07;"KG";0.55;7.86;0;0;0;0.55;"3870199003017";"MLIJEČNI PROIZ. SVJEŽI - EGAL."
"MLIJEČNI NAMAZ 30% m.m. 70g";"910077002";"NO BRAND";0.07;"KG";0.55;7.86;0;0;0;0.55;"3870199000993";"MLIJEČNI PROIZ. SVJEŽI - EGAL."
".PIVO B.B.LAGER LIM 4,8% 8X500ml";"910077901";"BEST BRAU";0.5;"LT";0.55;1.1;0;0;0;0.55;"8017596113214";"PIVA"
".PIVO B.B.LAGER LIM 4,8% 8X500ml";"910077901";"BEST BRAU";0.5;"LT";0.55;1.1;0;0;0;0.55;"8017596057570";"PIVA"
".GAZIRANO PIĆE COLA LIM.6 kom 1,98l";"910078001";"BLUES";0.33;"LT";0.4;1.21;0;0;0;0.43;"8017596053794";"BEZALKOHOLNA PIĆA"
".GAZIRANO PIĆE LIMUNATA LIM.6X330ml";"910078101";"BLUES";0.33;"LT";0.4;1.21;0;0;0;0.43;"8017596112781";"BEZALKOHOLNA PIĆA"
"*POLOVICA PEČENOG PILETA 350g";"910078201";"NO BRAND";0.35;"KG";2.32;6.63;0;0;0;2.32;"";"PRODUZIONE INTERNA"
"*POLOVICA PEČ PILETA I POMFRIT 550g";"910078301";"NO BRAND";0.55;"KG";2.92;5.31;0;0;0;2.92;"";"PRODUZIONE INTERNA"
"TEKUĆINA ZA AUTOSTAKLO LJETNA 5l";"910078401";"NO BRAND";5;"LT";1.99;0.4;0;0;0;1.99;"3859888770621";"SEZONSKI PROIZVODI"
"BUREK S JUNET.MOTANI U POSUDI 200g";"910078501";"NO BRAND";0.2;"KG";1.49;7.45;0;0;0;1.49;"";"KRUH - SAMOPOSLUŽNI PULT"
"BUREK SA SIROM MOTANI U POSUDI 250g";"910078601";"NO BRAND";0.25;"KG";1.45;5.8;0;0;0;1.45;"";"KRUH - SAMOPOSLUŽNI PULT"
"VINO ROSE PLAVAC MALI 750ml";"910078701";"NO BRAND";0.75;"LT";4.89;6.52;0;0;0;4.89;"3859888568990";"VINA"
"VINO PELJEŠAC 1L";"910078801";"NO BRAND";1;"LT";2.92;2.92;0;0;0;2.92;"3859888568983";"VINA"
"VINO DINGAČ VRHUNSKO 750ml";"910078901";"NO BRAND";0.75;"LT";10.89;14.52;0;0;0;10.89;"3859888568969";"VINA"
"VINO POSTUP VRHUNSKO 750ml";"910079001";"NO BRAND";0.75;"LT";10.89;14.52;0;0;0;10.89;"3859888568976";"VINA"
"TOALETNI PAPIR 3 S, 118 L, 10 R";"910079301";"SOFT DREAM";1;"PZ";2.19;2.19;0;0;0;2.19;"8017596118653";"PAPIRNATI PROIZVODI"
"SIR ISTARSKI TVRDI KRAVLJI 300g";"910079401";"NO BRAND";0.3;"KG";5.99;19.97;0;0;0;5.99;"3858881198692";"MLIJEČNI PROIZ. SVJEŽI - EGAL."
"Posuda za hranu";"910079501";"NO BRAND";1;"PZ";6.64;6.64;0;0;0;6.64;"0745110934813";"SELF LIQUIDATING"
"MAGNETSKA PLOčA";"910079601";"NO BRAND";1;"PZ";6.64;6.64;0;0;0;6.64;"3859893903083";"SELF LIQUIDATING"
"PILE CIJELO cca 1700 do 1900g";"910079901";"NO BRAND";1;"KG";3.95;3.95;0;0;0;3.95;"";"MESO PERADI"
"KRUH DURUM 400g.";"910080001";"NO BRAND";0.4;"KG";1.89;4.73;0;0;0;1.89;"";"KRUH - SAMOPOSLUŽNI PULT"
"RUSTIKALNO BIJELO PECIVO 80g.";"910080101";"NO BRAND";0.08;"KG";0.29;3.63;0;0;0;0.29;"";"KRUH - SAMOPOSLUŽNI PULT"
"ŽELODEC SALAMA 100g";"910081701";"NO BRAND";0.1;"KG";2.99;29.9;0;0;0;2.99;"3838876024236";"SALAME SVJEŽE - EGALIZIRANE"
"DOMAĆA SALAMA 100g";"910081801";"NO BRAND";0.1;"KG";2.35;23.5;0;0;0;2.35;"3838876025745";"SALAME SVJEŽE - EGALIZIRANE"
"DOMAĆA SALAMA 500g";"910081901";"NO BRAND";0.5;"KG";7.99;15.98;0;0;0;7.99;"3838876022676";"SALAME SVJEŽE - EGALIZIRANE"
"JOGURT GRČKI TIP VIŠNJA 150g";"910082001";"NO BRAND";0.15;"KG";0.69;4.6;0;0;0;0.69;"8601500134145";"JOGURTI I DESERTI"
"JOGURT GRČKI TIP MARELICA 150g";"910082301";"NO BRAND";0.15;"KG";0.69;4.6;0;0;0;0.69;"8601500134121";"JOGURTI I DESERTI"
"JOGURT GRČKI TIP JAGODA 150g";"910082401";"NO BRAND";0.15;"KG";0.69;4.6;0;0;0;0.69;"8601500134107";"JOGURTI I DESERTI"
"JOGURT GRČKI TIP 150g";"910082501";"NO BRAND";0.15;"KG";0.66;4.4;0.49;3.27;0.66;0.66;"8601500134084";"JOGURTI I DESERTI"
"ČAJNA KOBASICA 100g";"910082601";"MEAT APPETIT";0.1;"KG";1.59;15.9;1.29;12.9;1.59;1.59;"3859893850134";"SALAME SVJEŽE - EGALIZIRANE"
"ČAJNA KOBASICA 100g";"910082601";"MEAT APPETIT";0.1;"KG";1.59;15.9;1.29;12.9;1.59;1.59;"8017596129345";"SALAME SVJEŽE - EGALIZIRANE"
"ZIMSKA SALAMA 100g";"910082701";"MEAT APPETIT";0.1;"KG";1.99;19.9;0;0;0;1.99;"3859893850110";"SALAME SVJEŽE - EGALIZIRANE"
"ZIMSKA SALAMA 100g";"910082701";"MEAT APPETIT";0.1;"KG";1.99;19.9;0;0;0;1.99;"8017596129338";"SALAME SVJEŽE - EGALIZIRANE"
"GROFOVSKA SALAMA 100g";"910082801";"NO BRAND";0.1;"KG";1.99;19.9;0;0;0;1.99;"3850133812875";"SALAME SVJEŽE - EGALIZIRANE"
"KORNET VANILIJA 125ml/67g";"910082901";"DOLCIANDO";0.067;"KG";0.59;8.81;0;0;0;0.59;"3877000945221";"SLADOLEDI I DESERTI"
"KORNET VANILIJA 125ml/67g";"910082901";"DOLCIANDO";0.067;"KG";0.59;8.81;0;0;0;0.59;"24103220";"SLADOLEDI I DESERTI"
"KORNET ČOKOLADA 125ml/67g";"910083001";"DOLCIANDO";0.067;"KG";0.59;8.81;0;0;0;0.59;"3877000945245";"SLADOLEDI I DESERTI"
"KORNET ČOKOLADA 125ml/67g";"910083001";"DOLCIANDO";0.067;"KG";0.59;8.81;0;0;0;0.59;"24103237";"SLADOLEDI I DESERTI"
"KORNET ŠUMSKO VOĆE 125ml/67g";"910083101";"DOLCIANDO";0.067;"KG";0.59;8.81;0;0;0;0.59;"3877000945238";"SLADOLEDI I DESERTI"
"KORNET ŠUMSKO VOĆE 125ml/67g";"910083101";"DOLCIANDO";0.067;"KG";0.59;8.81;0;0;0;0.59;"24103244";"SLADOLEDI I DESERTI"
"SLADOLED ČAŠICA ŠLAG 220ml/110g";"910083201";"DOLCIANDO";0.11;"KG";0.93;8.45;0;0;0;0.93;"3859889283793";"SLADOLEDI I DESERTI"
"SLADOLED ČAŠICA ŠLAG 220ml/110g";"910083201";"DOLCIANDO";0.11;"KG";0.93;8.45;0;0;0;0.93;"24103251";"SLADOLEDI I DESERTI"
"PIVO BURGFURST PILS LIM 4,3% 500ml";"910083301";"NO BRAND";0.5;"LT";0.69;1.38;0.55;1.1;0.69;0.69;"4014086086199";"PIVA"
"*SALATA FRANCUSKA";"910083401";"NO BRAND";1;"KG";8.9;8.9;0;0;0;8.9;"";"DELIKATESA - DELIKATESA"
"*SALATA TOSCANA.";"910083501";"NO BRAND";1;"KG";12.9;12.9;0;0;0;12.9;"";"DELIKATESA - DELIKATESA"
"*SALATA TUNA S POVRĆEM";"910083801";"NO BRAND";1;"KG";13.9;13.9;0;0;0;13.9;"";"DELIKATESA - DELIKATESA"
"*SALATA SURIMI";"910083901";"NO BRAND";1;"KG";11.9;11.9;0;0;0;11.9;"";"DELIKATESA - DELIKATESA"
"FIL.ORADE I BRANCINA MAR.LIMUN.130g";"910084501";"NO BRAND";0.13;"KG";5.39;41.46;0;0;0;5.39;"3858891990996";"RIBA SVJEŽA PRODUŽ. TRAJANJE"
"FILETI INĆUNA MARINIRANI 150g";"910084601";"NO BRAND";0.15;"KG";3.89;25.93;0;0;0;3.89;"3858891990965";"RIBA SVJEŽA PRODUŽ. TRAJANJE"
"FILETI INĆUNA MARIN.TIMIJANOM 150g";"910084701";"NO BRAND";0.15;"KG";3.89;25.93;0;0;0;3.89;"3858891990989";"RIBA SVJEŽA PRODUŽ. TRAJANJE"
"FILETI INĆUNA MARINIR.LIMUNOM 150g";"910084801";"NO BRAND";0.15;"KG";3.89;25.93;0;0;0;3.89;"3858891990972";"RIBA SVJEŽA PRODUŽ. TRAJANJE"
"FILETI INĆUNA 150g";"910084901";"NO BRAND";0.15;"KG";5.49;36.6;4.49;29.93;5.49;5.49;"3858891991047";"RIBA MORSKA U SOLI"
"KRANJSKA KOBASICA 320g";"910085101";"MEAT APPETIT";0.32;"KG";2.79;8.72;0;0;0;2.79;"3859893850080";"SALAME SVJEŽE - EGALIZIRANE"
"KRANJSKA KOBASICA 320g";"910085101";"MEAT APPETIT";0.32;"KG";2.79;8.72;0;0;0;2.79;"8017596129352";"SALAME SVJEŽE - EGALIZIRANE"
"KRANJSKA KOBASICA 640g";"910085201";"MEAT APPETIT";0.64;"KG";4.99;7.8;0;0;0;4.99;"3859893850097";"SALAME SVJEŽE - EGALIZIRANE"
"KRANJSKA KOBASICA 640g";"910085201";"MEAT APPETIT";0.64;"KG";4.99;7.8;0;0;0;4.99;"8017596129369";"SALAME SVJEŽE - EGALIZIRANE"
"BURGER 100% LOSOS 200g";"910086401";"NO BRAND";0.2;"KG";5.29;26.45;0;0;0;5.29;"3859893776151";"RIBLJI PROIZVODI MOD.ATMOSFERA"
"ZOBENE PAHULJICE 500g";"910086901";"NO BRAND";0.5;"KG";0.79;1.58;0;0;0;0.79;"3859888540033";"DORUČAK - PAHULJICE/NAMAZI/MED"
"JEČMENA KAŠA 1kg";"910087001";"NO BRAND";1;"KG";1.29;1.29;0;0;0;1.29;"3859888540057";"POVRĆE KONZERVIRANO/SUHO"
"PELINKOVAC 31% 100ml";"910087101";"NO BRAND";0.1;"LT";1.19;11.9;0;0;0;1.19;"3850164243464";"JAKA ALKOHOLNA PIĆA"
"VODKA 37,5% 100ml";"910087201";"NO BRAND";0.1;"LT";1.19;11.9;0;0;0;1.19;"3850164243471";"JAKA ALKOHOLNA PIĆA"
"SUPERIOR BRAND 35% 100ml";"910087301";"NO BRAND";0.1;"LT";1.19;11.9;0;0;0;1.19;"3850164243488";"JAKA ALKOHOLNA PIĆA"
"DOMAĆI RUM 37,5% 100ml";"910087401";"NO BRAND";0.1;"LT";1.19;11.9;0;0;0;1.19;"3850164243495";"JAKA ALKOHOLNA PIĆA"
"DOMAĆA KUHARICA";"910087501";"NO BRAND";1;"PZ";3.98;3.98;0;0;0;3.98;"3855900016241";"SELF LIQUIDATING"
"DOMAĆA KUHARICA";"910087501";"NO BRAND";1;"PZ";3.98;3.98;0;0;0;3.98;"3859893903090";"SELF LIQUIDATING"
"ŠTAPIĆ FETA SIR ŠPINAT 90g";"910089401";"NO BRAND";0.09;"KG";1.09;12.11;0;0;0;1.09;"";"KRUH - SAMOPOSLUŽNI PULT"
"MEKSIČKA PITA 110g";"910089501";"NO BRAND";0.11;"KG";0.99;9;0.65;5.91;0.99;0.99;"";"KRUH - SAMOPOSLUŽNI PULT"
"PIVO A.ESSERE S.GLU. 4,8% 3x330ml";"910089601";"BEST BRAU";0.33;"LT";1.12;3.39;0;0;0;1.12;"8017596101211";"PIVA"
"PIVO BEST BRAU LAGER 4,7% 6x330 ml";"910089701";"BEST BRAU";0.33;"LT";0.72;2.18;0;0;0;0.72;"8017596009098";"PIVA"
"KUKUR.MIJ.PECIVO SA SUNCOKRETOM 80g";"910089801";"NO BRAND";0.08;"KG";0.49;6.13;0;0;0;0.49;"";"KRUH - SAMOPOSLUŽNI PULT"
"PIVO B.B. PREM.RED 5,4% 3x330ml";"910089901";"BEST BRAU";0.33;"LT";0.88;2.67;0;0;0;0.88;"8017596050564";"PIVA"
"SIR GOUDA 500g";"910090701";"NO BRAND";0.5;"KG";4.99;9.98;0;0;0;4.99;"3858888597436";"MLIJEČNI PROIZ. SVJEŽI - EGAL."
"SIR GOUDA DIMLJENA 500g";"910090702";"NO BRAND";0.5;"KG";5.49;10.98;0;0;0;5.49;"3858888598877";"MLIJEČNI PROIZ. SVJEŽI - EGAL."
"SIR TRAPIST S KOROM 150g";"910090704";"NO BRAND";0.15;"KG";2.19;14.6;1.69;11.27;2.19;2.19;"3858888598853";"MLIJEČNI PROIZ. SVJEŽI - EGAL."
"SIR DIMLJENI 150g";"910090705";"NO BRAND";0.15;"KG";2.19;14.6;0;0;0;2.19;"3858888598839";"MLIJEČNI PROIZ. SVJEŽI - EGAL."
"VODIČ KROZ HRVATSKA VINA";"910091401";"NO BRAND";1;"PZ";3.98;3.98;0;0;0;3.98;"3859893903106";"SELF LIQUIDATING"
"TELEĆA POTKOLJENICA VP";"910091501";"NO BRAND";1;"KG";14.52;14.52;0;0;0;14.52;"";"MESO TELEĆE"
"CVJETIĆI KOKOS-LIMUN 225g";"910096601";"NO BRAND";0.225;"KG";2.39;10.62;1.99;8.84;2.39;2.39;"3859888257269";"SLANI PEKARSKI PROIZVODI"
"DOMAĆA KOBASICA 330g";"910099601";"NO BRAND";0.33;"KG";5.29;16.03;4.29;13;5.29;5.29;"3858892090268";"SALAME SVJEŽE - EGALIZIRANE"
"ZIMSKA SALAMA 300g";"910099801";"MEAT APPETIT";0.3;"KG";4.79;15.97;0;0;0;4.79;"3858892093047";"SALAME SVJEŽE - EGALIZIRANE"
"ZIMSKA SALAMA 300g";"910099801";"MEAT APPETIT";0.3;"KG";4.79;15.97;0;0;0;4.79;"8017596129376";"SALAME SVJEŽE - EGALIZIRANE"
"KOBASICA ZA KUHANJE 750g";"910099901";"MEAT APPETIT";0.75;"KG";4.69;6.25;0;0;0;4.69;"3858892094174";"SALAME SVJEŽE - EGALIZIRANE"
"KOBASICA ZA KUHANJE 750g";"910099901";"MEAT APPETIT";0.75;"KG";4.69;6.25;0;0;0;4.69;"8017596129383";"SALAME SVJEŽE - EGALIZIRANE"
"PANCETA DIMLJENA";"910100201";"NO BRAND";1;"KG";15.49;15.49;0;0;0;15.49;"";"SALAME SVJEŽE - TEŽINSKE"
"PIKANTNA KOBASICA 330g";"910100301";"NO BRAND";0.33;"KG";5.29;16.03;4.29;13;5.29;5.29;"3858892094402";"SALAME SVJEŽE - EGALIZIRANE"
"ČOKOLADA ZA KUHANJE 300g";"910100601";"NO BRAND";0.3;"KG";3.99;13.3;0;0;0;3.99;"3856024802741";"ČOKOLADE"
"BOMBONI CHOCO COMETS 30g";"910100701";"NO BRAND";0.03;"KG";0.69;23;0.59;19.67;0.69;0.69;"3856024802765";"ČOKOLADE"
"ČOKOLADNE RUM PLOČICE 45g";"910100801";"NO BRAND";0.045;"KG";0.55;12.22;0;0;0;0.55;"3856024802789";"ČOKOLADE"
"DEZINFEKCIJSKO SRED.POVRŠINE REF.1l";"910101001";"NO BRAND";1;"LT";2.99;2.99;0;0;0;2.99;"3858891544311";"SREDSTVA ZA ČIŠĆENJE"
"DEZINFEKCIJSKO SRED. RUKE REFIL 1l";"910101201";"NO BRAND";1;"LT";3.49;3.49;0;0;0;3.49;"3858891544007";"KOZMETIKA/NJEGA TIJELA I LICA"
"DEZINFEKCIJSKO SRED. RUKE SPR.100ml";"910101501";"NO BRAND";0.1;"LT";0.99;9.9;0;0;0;0.99;"3858891543987";"KOZMETIKA/NJEGA TIJELA I LICA"
"DEZINFEKCIJSKO SRED. POVRŠINE 500ml";"910102001";"NO BRAND";0.5;"LT";2.39;4.78;0;0;0;2.39;"3858891544304";"SREDSTVA ZA ČIŠĆENJE"
"DEZINFEKCIJSKO SRED. RUKE 500ml";"910102101";"NO BRAND";0.5;"LT";2.29;4.58;0;0;0;2.29;"3858891543994";"KOZMETIKA/NJEGA TIJELA I LICA"
"*SCAMORZA DIMLJENI KRAVLJI SIR 200g";"910102301";"NO BRAND";0.2;"KG";3.19;15.95;0;0;0;3.19;"8002710402992";"DELIKATESA - SIREVI"
"*SCAMORZA BIANCA KRAVLJI SIR 200g";"910102401";"NO BRAND";0.2;"KG";3.19;15.95;0;0;0;3.19;"8002710403005";"DELIKATESA - SIREVI"
"KUHINJSKA VAGA";"910102601";"NO BRAND";1;"PZ";7.96;7.96;0;0;0;7.96;"5908256833722";"SELF LIQUIDATING"
"KUHINJSKA VAGA";"910102601";"NO BRAND";1;"PZ";7.96;7.96;0;0;0;7.96;"5908256839168";"SELF LIQUIDATING"
"KUHINJSKA VAGA";"910102601";"NO BRAND";1;"PZ";7.96;7.96;0;0;0;7.96;"5908256832268";"SELF LIQUIDATING"
"KRUH BEZ KVASCA KUKUR.MIJEŠANI 400g";"910102901";"NO BRAND";0.4;"KG";1.45;3.63;0;0;0;1.45;"";"KRUH - SAMOPOSLUŽNI PULT"
"KRUH BEZ KVASCA SA SJEMENKAMA 400g";"910103001";"NO BRAND";0.4;"KG";1.39;3.48;0;0;0;1.39;"";"KRUH - SAMOPOSLUŽNI PULT"
"pyUH BEZ KVASCA BIJELI 400g";"910103101";"NO BRAND";0.4;"KG";1.45;3.63;0;0;0;1.45;"";"KRUH - SAMOPOSLUŽNI PULT"
"AMO ESSERE KUHARICA";"910104801";"NO BRAND";1;"PZ";3.98;3.98;0;0;0;3.98;"3859893903113";"SELF LIQUIDATING"
"HAMBI PECIVO 70g";"910105301";"NO BRAND";0.07;"KG";0.33;4.71;0;0;0;0.33;"";"KRUH - SAMOPOSLUŽNI PULT"
"*PRIMORSKA SALAMA";"910106801";"NO BRAND";1;"KG";18.9;18.9;0;0;0;18.9;"";"DELIKATESA - SALAME"
"CROISSANT S NADJEV.OD MARELICE 80g";"910107901";"NO BRAND";0.08;"KG";0.79;9.88;0.5;6.25;0.79;0.79;"";"KRUH - SAMOPOSLUŽNI PULT"
"BUREK S JABUKAMA 155g";"910108101";"NO BRAND";0.155;"KG";0.89;5.74;0.65;4.19;0.95;0.89;"";"KRUH - SAMOPOSLUŽNI PULT"
"*DOMAĆI JEGER VP.";"910108401";"NO BRAND";1;"KG";7.9;7.9;0;0;0;7.9;"";"DELIKATESA - SALAME"
"PLJESKAVICA 450g";"910108901";"NO BRAND";0.45;"KG";3.79;8.42;0;0;0;3.79;"3859893068577";"HAMBURGER"
"JANJEĆI TRUP S GLAVOM.";"910109001";"NO BRAND";1;"KG";14.68;14.68;0;0;0;14.68;"";"MESO JANJEĆE/OVČIJE"
"GAZIRANO PIĆE TANGERINE 1,5l";"910109101";"NO BRAND";1.5;"LT";0.99;0.66;0;0;0;0.99;"3858893550341";"BEZALKOHOLNA PIĆA"
"*PALENTA/ŽGANCI";"910109701";"NO BRAND";1;"KG";2.64;2.64;0;0;0;2.64;"";"PRODUZIONE INTERNA"
"*ŠAMPINJONI GRILL";"910109801";"NO BRAND";1;"KG";6.62;6.62;0;0;0;6.62;"";"PRODUZIONE INTERNA"
"*POVRĆE GRILL MIX";"910109901";"NO BRAND";1;"KG";6.62;6.62;0;0;0;6.62;"";"PRODUZIONE INTERNA"
"*GRILL PILEĆI KRILNI BATAK CHILI";"910110001";"NO BRAND";1;"KG";11.27;11.27;0;0;0;11.27;"";"PRODUZIONE INTERNA"
"*CIKLA SALATA";"910110201";"NO BRAND";1;"KG";6.62;6.62;0;0;0;6.62;"";"PRODUZIONE INTERNA"
"*CRVENA PEČENA PAPRIKA";"910110301";"NO BRAND";1;"KG";9.28;9.28;0;0;0;9.28;"";"PRODUZIONE INTERNA"
"*MLINCI";"910110501";"NO BRAND";1;"KG";2.64;2.64;0;0;0;2.64;"";"PRODUZIONE INTERNA"
"SweatThat PREMIUM";"910110601";"NO BRAND";1;"PZ";13.99;13.99;0;0;0;13.99;"3857500124609";"SELF LIQUIDATING"
"SweatThat PREMIUM";"910110601";"NO BRAND";1;"PZ";13.99;13.99;0;0;0;13.99;"3857000003350";"SELF LIQUIDATING"
"JOGURT GUSTI 2,8% m.m. 180g";"910110801";"NO BRAND";0.18;"KG";0.37;2.06;0;0;0;0.37;"3870199000597";"JOGURTI I DESERTI"
"JOGURT GUSTI 2,8% m.m. 180g";"910110801";"NO BRAND";0.18;"KG";0.37;2.06;0;0;0;0.37;"3870199001730";"JOGURTI I DESERTI"
"JOGURT GUSTI 1,6% m.m. 180g";"910110802";"NO BRAND";0.18;"KG";0.35;1.94;0;0;0;0.35;"3870199000597";"JOGURTI I DESERTI"
"ŠTAPIĆ GOLD LOS ANGELES 120ml-72g";"910111401";"NO BRAND";0.072;"KG";1.09;15.14;0;0;0;1.09;"5310079004034";"SLADOLEDI I DESERTI"
"ŠTAPIĆ GOLD LOS ANGELES 120ml-72g";"910111401";"NO BRAND";0.072;"KG";1.09;15.14;0;0;0;1.09;"5310079004386";"SLADOLEDI I DESERTI"
"ŠTAPIĆ PUNJENJE BRUSSELS 85ml 55g";"910111601";"NO BRAND";0.055;"KG";0.79;14.36;0;0;0;0.79;"5310079002566";"SLADOLEDI I DESERTI"
"LEDENI ŠTAPIĆ NARANČA 105ml 100g";"910111901";"NO BRAND";0.1;"KG";0.69;6.9;0;0;0;0.69;"5310079000364";"SLADOLEDI I DESERTI"
"LJEPLJIVA TRAKA PROTIV MUHA 4kom";"910112001";"NO BRAND";0.044;"KG";1.79;40.68;0;0;0;1.79;"5904517068162";"INSEKTICIDI/SVIJEĆE/OSVJEŽIVAČ"
"ZAMKA ZA MRAVE";"910112101";"NO BRAND";0.022;"KG";4.49;204.09;0;0;0;4.49;"5904517325357";"INSEKTICIDI/SVIJEĆE/OSVJEŽIVAČ"
"PRIVJESAK PROTIV MOLJACA 4kom";"910112301";"NO BRAND";0.046;"KG";3.99;86.74;0;0;0;3.99;"5904517281257";"INSEKTICIDI/SVIJEĆE/OSVJEŽIVAČ"
"GEL NAKON UBODA INSEKATA 50ml";"910112501";"NO BRAND";0.05;"LT";3.99;79.8;0;0;0;3.99;"5904517344662";"INSEKTICIDI/SVIJEĆE/OSVJEŽIVAČ"
"ZAMKA ZA MOLJCE IZ RUBLJA";"910112601";"NO BRAND";0.022;"KG";3.49;158.64;0;0;0;3.49;"5904517081628";"INSEKTICIDI/SVIJEĆE/OSVJEŽIVAČ"
"KUNIĆ S GLAVOM";"910116001";"NO BRAND";1;"KG";10.67;10.67;0;0;0;10.67;"";"MESO OSTALO"
"DOMAĆI BIJELI KRUH 400g";"910117501";"NO BRAND";0.4;"KG";0.69;1.73;0;0;0;0.69;"3858881509399";"KRUH - SAMOPOSLUŽNI PULT"
"POLUBIJELI DOMAĆI KRUH 500g";"910117601";"NO BRAND";0.5;"KG";0.75;1.5;0;0;0;0.75;"";"KRUH - SAMOPOSLUŽNI PULT"
"*CRVENA PEČENA PAPRIKA S VRHNJEM";"910117801";"NO BRAND";1;"KG";9.94;9.94;0;0;0;9.94;"";"PRODUZIONE INTERNA"
"*SRDELA BEZ GLAVE PEČENA";"910117901";"NO BRAND";1;"KG";7.95;7.95;0;0;0;7.95;"";"PRODUZIONE INTERNA"
"*POLOVICA PEČENOG PILETA S MLINCIMA";"910118001";"NO BRAND";1;"KG";2.92;2.92;0;0;0;2.92;"";"PRODUZIONE INTERNA"
"*PASTRVA PEČENA";"910118101";"NO BRAND";1;"KG";10.6;10.6;0;0;0;10.6;"";"PRODUZIONE INTERNA"
"*KUHANI SIR S CRVENOM PAPRIKOM";"910118201";"NO BRAND";1;"KG";13.9;13.9;0;0;0;13.9;"";"DELIKATESA - SIREVI"
"*ŠKRIPAVAC POLUTVRDI SIR";"910118301";"NO BRAND";1;"KG";12.9;12.9;8.9;8.9;12.9;12.9;"";"DELIKATESA - SIREVI"
"*PEČENA ŠUNKA OD PUREĆIH PRSA";"910118501";"NO BRAND";1;"KG";16.9;16.9;0;0;0;16.9;"";"DELIKATESA - SALAME"
"*ŠUNKA U OVITKU GOLD";"910118601";"NO BRAND";1;"KG";8.9;8.9;6.2;6.2;8.9;8.9;"";"DELIKATESA - SALAME"
"*ZIMSKA SALAMA TRADICIONALNA";"910118901";"NO BRAND";1;"KG";18.9;18.9;0;0;0;18.9;"";"DELIKATESA - SALAME"
"ŠTAPIĆI S KIKIRIKIJEM 150g";"910119001";"NO BRAND";0.15;"KG";0.85;5.67;0;0;0;0.85;"3856014104251";"KEKSI/VAFLI/SNACKS"
"PERECI 200g";"910119101";"NO BRAND";0.2;"KG";0.79;3.95;0;0;0;0.79;"3856014104237";"KEKSI/VAFLI/SNACKS"
"*SUHE DIMLJENE KOSTI RINFUZA";"910119501";"NO BRAND";1;"KG";2.9;2.9;2.09;2.09;2.9;2.9;"";"DELIKATESA - SALAME"
"KRUH CIABATTA KUKURUZNA MIJEŠ 300g";"910119601";"NO BRAND";0.3;"KG";0.93;3.1;0;0;0;0.93;"3859890755449";"KRUH - SAMOPOSLUŽNI PULT"
"*DOMAĆI ŠVARGL SLAVONSKI";"910119701";"NO BRAND";1;"KG";8.9;8.9;0;0;0;8.9;"";"DELIKATESA - SALAME"
"KAJZERICA PECIVO 60g";"910120201";"NO BRAND";0.06;"KG";0.13;2.17;0;0;0;0.13;"";"KRUH - SAMOPOSLUŽNI PULT"
"PEČENA PUREĆA ROLADA";"910120401";"NO BRAND";1;"KG";11.93;11.93;0;0;0;11.93;"";"PRODUZIONE INTERNA"
"*DIMLJENE SVINJSKE HRSKAVICE VP.";"910120501";"NO BRAND";1;"KG";7.9;7.9;0;0;0;7.9;"";"DELIKATESA - SALAME"
"*DOMAĆI SUHI ŠPEK 1/2 VP";"910120601";"NO BRAND";1;"KG";14.9;14.9;0;0;0;14.9;"";"DELIKATESA - SALAME"
"*KRAŠIĆKA KOBASICA MAP";"910120701";"NO BRAND";1;"KG";7.9;7.9;0;0;0;7.9;"";"DELIKATESA - SALAME"
"*DOMAĆA DIMLJ. KOBASICA ZA KUHANJE";"910120801";"NO BRAND";1;"KG";11.9;11.9;0;0;0;11.9;"";"DELIKATESA - SALAME"
"ČOKOLADICA MLIJEČNA 15g";"910121201";"NO BRAND";0.015;"KG";0.29;19.33;0;0;0;0.29;"5310005030144";"ČOKOLADE"
"MEXICO LISNATO PECIVO 90g";"910121301";"NO BRAND";0.09;"KG";0.69;7.67;0;0;0;0.69;"5999006914259";"KRUH - SAMOPOSLUŽNI PULT"
"LISNATO PUŽ PECIVO S KAKAOM 115g";"910121401";"NO BRAND";0.115;"KG";0.69;6;0;0;0;0.69;"5999006913597";"KRUH - SAMOPOSLUŽNI PULT"
"KEKSI MIJEŠANI 520g";"910121702";"NO BRAND";0.52;"KG";8.99;17.29;6.99;13.44;8.99;8.99;"4006894564501";"PROIZVODI BOŽIĆ/USKRS"
"PRALINE MOZART KUGLICE 200g";"910121902";"NO BRAND";0.2;"KG";3.29;16.45;0;0;0;3.29;"4006894273007";"ČOKOLADE"
"MEDENJACI VELIKI 200g";"910122002";"NO BRAND";0.2;"KG";1.59;7.95;0.99;4.95;1.19;1.59;"5900658209402";"PROIZVODI BOŽIĆ/USKRS"
"MEDENJACI VELIKI 200g";"910122002";"NO BRAND";0.2;"KG";1.59;7.95;0.99;4.95;1.19;1.59;"5900658717501";"PROIZVODI BOŽIĆ/USKRS"
"DOMAĆE SVJEŽE PILE CCA 1,7-1,9kg";"910122301";"NO BRAND";1;"KG";3.59;3.59;0;0;0;3.59;"";"MESO PERADI"
"DOMAĆA PILEĆA PRSA BEZ KOŽE SK";"910122401";"NO BRAND";1;"KG";6.41;6.41;0;0;0;6.41;"";"MESO PERADI"
"DOMAĆA PILEĆI FILE CCA 2kg";"910122501";"NO BRAND";1;"KG";8.63;8.63;0;0;0;8.63;"";"MESO PERADI"
"DOMAĆI PILEĆI BATAK";"910122601";"NO BRAND";1;"KG";3.73;3.73;0;0;0;3.73;"";"MESO PERADI"
"DOMAĆI PILEĆI ZABATAK";"910122701";"NO BRAND";1;"KG";3.73;3.73;0;0;0;3.73;"";"MESO PERADI"
"DOMAĆA PILEĆA KRILA BEZ VRŠKA";"910122801";"NO BRAND";1;"KG";4.13;4.13;0;0;0;4.13;"";"MESO PERADI"
"DOMAĆI FILE BATKA I ZABATKA (BKK)";"910122901";"NO BRAND";1;"KG";7.3;7.3;0;0;0;7.3;"";"MESO PERADI"
"DOMAĆA PILEĆA ZADNJA ČETVRT";"910123001";"NO BRAND";1;"KG";3.04;3.04;0;0;0;3.04;"";"MESO PERADI"
"TORTA OD JABUKA 150g";"910123201";"NO BRAND";0.15;"KG";1.72;11.47;0;0;0;1.72;"5413476975799";"KRUH - SAMOPOSLUŽNI PULT"
"ČOKOLADNI FUDGE KOLAČ 95g";"910123301";"NO BRAND";0.095;"KG";1.29;13.58;0;0;0;1.29;"5413476302328";"KRUH - SAMOPOSLUŽNI PULT"
"ČOKO-KOKOS KOLAČ 119g";"910123501";"NO BRAND";0.119;"KG";1.33;11.18;0;0;0;1.33;"5413476990228";"KRUH - SAMOPOSLUŽNI PULT"
"MALINA KOKOS KOLAČ 85g";"910123701";"NO BRAND";0.085;"KG";1.19;14;0;0;0;1.19;"5413476993762";"KRUH - SAMOPOSLUŽNI PULT"
"*ISTARSKA SALAMA";"910124601";"NO BRAND";1;"KG";21.9;21.9;0;0;0;21.9;"";"DELIKATESA - SALAME"
"*SIR STRACCIATELLA 250g";"910124801";"NO BRAND";0.25;"KG";5.99;23.96;4.49;17.96;5.99;5.99;"8021985102055";"DELIKATESA - SIREVI"
"VODIČ KROZ HRVATSKA VINA";"910124901";"NO BRAND";1;"PZ";3.98;3.98;0;0;0;3.98;"3859893903144";"SELF LIQUIDATING"
"*SLANINA GUANCIALE";"910125601";"NO BRAND";1;"KG";19.5;19.5;0;0;0;19.5;"";"DELIKATESA - SALAME"
"*SALAMA NAPOLI";"910125801";"NO BRAND";1;"KG";19.9;19.9;0;0;0;19.9;"";"DELIKATESA - SALAME"
"*SALAMA PICCANTE";"910125901";"NO BRAND";1;"KG";20.9;20.9;0;0;0;20.9;"";"DELIKATESA - SALAME"
"*SALAMA ROMANA";"910126001";"NO BRAND";1;"KG";20.9;20.9;0;0;0;20.9;"";"DELIKATESA - SALAME"
"*SALAMA CREMONA ZOZP";"910126101";"NO BRAND";1;"KG";23.9;23.9;0;0;0;23.9;"";"DELIKATESA - SALAME"
"GAZ.VODA LIM.TRAVA/LIMETA 1500ml";"910126201";"NO BRAND";1.5;"LT";0.89;0.59;0;0;0;0.89;"3858893550754";"BEZALKOHOLNA PIĆA"
"LEDENI ČAJ ŠUMSKO VOČE 1500ml";"910126301";"NO BRAND";1.5;"LT";0.95;0.63;0;0;0;0.95;"3858893550761";"BEZALKOHOLNA PIĆA"
"*GLAVA OD PORCHETTE";"910126401";"NO BRAND";1;"KG";11.4;11.4;0;0;0;11.4;"";"PRODUZIONE INTERNA"
"FRI-FRI 4x55g.";"910126601";"NO BRAND";0.22;"KG";2.39;10.86;0;0;0;2.39;"3858881320833";"SLANI PEKARSKI PROIZVODI"
"*PILE PEČENO JEFTINIJE IZA 18H 650g";"910127401";"NO BRAND";0.65;"KG";3.58;5.51;0;0;0;3.58;"";"PRODUZIONE INTERNA"
"*SVINJSKA PEČENKA";"910127601";"NO BRAND";1;"KG";11.93;11.93;0;0;0;11.93;"";"PRODUZIONE INTERNA"
"SVJEŽE PILE PUNJENO KRUHOM ZAČINJEN";"910127801";"NO BRAND";1;"KG";3.18;3.18;0;0;0;3.18;"";"MESO PERADI"
"JEGER KOBASICA 400g";"910127901";"NO BRAND";0.4;"KG";2.89;7.23;0;0;0;2.89;"3858892095171";"SALAME SVJEŽE - EGALIZIRANE"
"ČAJNA SALAMA 250g";"910128001";"MEAT APPETIT";0.25;"KG";4.19;16.76;0;0;0;4.19;"3859893850790";"SALAME SVJEŽE - EGALIZIRANE"
"ČAJNA SALAMA 250g";"910128001";"MEAT APPETIT";0.25;"KG";4.19;16.76;0;0;0;4.19;"8017596135773";"SALAME SVJEŽE - EGALIZIRANE"
"ZIMSKA SALAMA 250g";"910128101";"MEAT APPETIT";0.25;"KG";4.69;18.76;0;0;0;4.39;"3859893850813";"SALAME SVJEŽE - EGALIZIRANE"
"ZIMSKA SALAMA 250g";"910128101";"MEAT APPETIT";0.25;"KG";4.69;18.76;0;0;0;4.39;"8017596135780";"SALAME SVJEŽE - EGALIZIRANE"
"PARIZER KOBASICA 150g";"910128201";"NO BRAND";0.15;"KG";1.69;11.27;1.29;8.6;1.69;1.69;"3859893850837";"SALAME SVJEŽE - EGALIZIRANE"
"PARIZER PAPRIKA KOBASICA 150g";"910128301";"NO BRAND";0.15;"KG";1.69;11.27;1.29;8.6;1.69;1.69;"3859893850851";"SALAME SVJEŽE - EGALIZIRANE"
"ČEŠNJOVKA KOBASICA 200g";"910128401";"NO BRAND";0.2;"KG";2.89;14.45;0;0;0;2.89;"3859893850899";"SALAME SVJEŽE - EGALIZIRANE"
"SRIJEMSKA KOBASICA 500g";"910128501";"NO BRAND";0.5;"KG";6.49;12.98;0;0;0;6.49;"3859893850912";"SALAME SVJEŽE - EGALIZIRANE"
"PANONSKA SALAMA 100g";"910128701";"NO BRAND";0.1;"KG";1.99;19.9;0;0;0;1.99;"3850133814800";"SALAME SVJEŽE - EGALIZIRANE"
"MLINCI S JAJIMA 250G";"910128901";"NO BRAND";0.25;"KG";1.09;4.36;0;0;0;1.09;"3856016906686";"PEKARSKI PROIZVODI"
"MLINCI S JAJIMA 250G";"910128901";"NO BRAND";0.25;"KG";1.09;4.36;0;0;0;1.09;"3856016905580";"PEKARSKI PROIZVODI"
"*PANCETA NA POSEDARSKI 1/2 VP";"910129001";"NO BRAND";1;"KG";19.9;19.9;14.9;14.9;19.9;19.9;"";"DELIKATESA - SALAME"
"*SUHA ŠUNKA NA POSEDARSKI 1/2 VP";"910129101";"NO BRAND";1;"KG";20.9;20.9;15.9;15.9;20.9;20.9;"";"DELIKATESA - SALAME"
"*FAŠIRANAC 95g";"910129201";"NO BRAND";0.095;"KG";1.39;14.63;0;0;0;1.39;"";"DELIKATESA - GOTOVA JELA"
"*GRČKA ROLADA 110g";"910129301";"NO BRAND";0.11;"KG";1.99;18.09;0;0;0;1.99;"";"DELIKATESA - GOTOVA JELA"
"ČVARCI 250g";"910129401";"NO BRAND";0.25;"KG";4.99;19.96;0;0;0;4.99;"3859891884483";"SALAME SVJEŽE - EGALIZIRANE"
"SVINJSKA MAST 1kg";"910129501";"NO BRAND";1;"KG";2.2;2.2;0;0;0;2.2;"3859891884469";"SALAME SVJEŽE - EGALIZIRANE"
"NAMAZ OD ČVARAKA 200g";"910129601";"NO BRAND";0.2;"KG";2.29;11.45;0;0;0;2.29;"3859891884452";"SALAME SVJEŽE - EGALIZIRANE"
"SALAMIN ISTARSKI 220g";"910129701";"NO BRAND";0.22;"KG";4.19;19.05;3.39;15.41;4.19;4.19;"3858894291120";"SALAME SVJEŽE - EGALIZIRANE"
"*DIMLJENA SUHA SLANINA BIJELA";"910131301";"NO BRAND";1;"KG";6.9;6.9;0;0;0;6.9;"";"DELIKATESA - SALAME"
"KRUH PANJ 400g";"910131701";"NO BRAND";0.4;"KG";1.79;4.48;0;0;0;1.79;"";"KRUH - SAMOPOSLUŽNI PULT"
"PANCETA ISTARSKA";"910131801";"NO BRAND";1;"KG";19.99;19.99;0;0;0;19.99;"";"SALAME SVJEŽE - TEŽINSKE"
"ČOKOLADA MLIJEČNA FRUIT MIX 220g";"910131901";"NO BRAND";0.22;"KG";3.19;14.5;0;0;0;3.19;"3856024804479";"ČOKOLADE"
"ČOKOLADA MLIJEČNA LJEŠNJACI 220g";"910132001";"NO BRAND";0.22;"KG";3.19;14.5;0;0;0;3.19;"3856024804493";"ČOKOLADE"
"KOLAČ ČUPAVCI 480g";"910132101";"NO BRAND";0.48;"KG";5.29;11.02;0;0;0;5.29;"3858894680368";"KOLAČI"
"KOLAČ KREMŠNITA 340g";"910132201";"NO BRAND";0.34;"KG";3.29;9.68;2.29;6.74;3.29;3.29;"3858894680450";"KOLAČI"
"KOLAČ MAĐARICA 420g";"910132301";"NO BRAND";0.42;"KG";4.19;9.98;0;0;0;4.19;"3858894680306";"KOLAČI"
"PITA OD JABUKA 420g";"910132401";"NO BRAND";0.42;"KG";3.99;9.5;0;0;0;3.99;"3858894680672";"KOLAČI"
"KOLAČ ŠUBARICE 320g";"910132501";"NO BRAND";0.32;"KG";4.39;13.72;0;0;0;4.39;"3858894680382";"KOLAČI"
"MIX DOMAĆIH SVJEŽIH KOLAČA 1000g";"910132601";"NO BRAND";1;"KG";8.99;8.99;0;0;0;8.99;"3858894680733";"KOLAČI"
"MIX DOMAĆIH SVJEŽIH KOLAĆA 400g";"910132701";"NO BRAND";0.4;"KG";4.59;11.48;0;0;0;4.59;"3858894680757";"KOLAČI"
"PITA S VIŠNJAMA 500g";"910133001";"NO BRAND";0.5;"KG";4.79;9.58;0;0;0;4.79;"3858894680269";"KOLAČI"
"TORTA MAĐARICA SRCE 500g.";"910133101";"NO BRAND";0.5;"KG";7.99;15.98;0;0;0;7.99;"3858894680832";"KOLAČI"
"KOLAČ LEDENI VJETAR 420g";"910133201";"NO BRAND";0.42;"KG";4.99;11.88;0;0;0;4.99;"3858894680146";"KOLAČI"
"CHOCO TORTA 800g";"910133301";"NO BRAND";0.8;"KG";9.99;12.49;0;0;0;9.99;"3858894680504";"KOLAČI"
"ALUMINIJSKA BOCA SELF";"910133701";"NO BRAND";1;"PZ";5.99;5.99;0;0;0;5.99;"0735745919545";"SELF LIQUIDATING"
"ČOKOLADA MLIJEČNA  S KEKSIMA 100g";"910133801";"NO BRAND";0.1;"KG";1.29;12.9;0;0;0;1.29;"3856024804554";"ČOKOLADE"
"ČOKOLADNI ŽELE 200G";"910133901";"NO BRAND";0.2;"KG";1.69;8.45;0;0;0;1.69;"3856024804592";"ČOKOLADE"
"ČOKOLADA MLIJEČNA LJEŠ.KREM 90g";"910134001";"NO BRAND";0.09;"KG";1.29;14.33;0;0;0;1.29;"3856024804530";"ČOKOLADE"
"VREĆICA BIO 30x60 300kom";"910134301";"NO BRAND";1;"PZ";0.2;0.2;0;0;0;0.2;"8017596129604";"SHOPPER SPESA"
"JUNEĆI BUT RUŽA MLADA JUNETINA";"910134401";"NO BRAND";1;"KG";17.12;17.12;0;0;0;17.12;"";"MESO TELEĆE"
"PRALINE ČOKOLADNE ŠKOLJKE 230G";"910134601";"NO BRAND";0.23;"KG";3.39;14.74;0;0;0;3.39;"5310005030366";"ČOKOLADE"
"BRANCIN SVJEŽI FILETI 200g";"910134901";"NO BRAND";0.2;"KG";5.89;29.45;0;0;0;5.89;"3858891991092";"RIBA SVJEŽA FILETI"
"ORADA SVJEŽI FILETI 200g";"910135001";"NO BRAND";0.2;"KG";5.89;29.45;0;0;0;5.89;"3858891991085";"RIBA SVJEŽA FILETI"
"PASTRVA OČIŠĆENA SVJEŽA MAP 560g";"910135101";"NO BRAND";0.56;"KG";5.99;10.7;0;0;0;5.99;"3870548000759";"RIBA SVJEŽA CIJELA"
"PRŠUT DALMATINSKI 100g";"910135201";"NO BRAND";0.1;"KG";2.99;29.9;0;0;0;2.99;"3859892362959";"SALAME SVJEŽE - EGALIZIRANE"
"KUHARICA ZDRAVIH RECEPATA";"910136501";"NO BRAND";1;"PZ";6.99;6.99;0;0;0;6.99;"3859893903205";"SELF LIQUIDATING"
"SNACK OD SLANUTKA 50g";"910137201";"NO BRAND";0.05;"KG";0.59;11.8;0;0;0;0.59;"3859888532298";"KEKSI/VAFLI/SNACKS"
"SNACK OD LEĆE 50g";"910137301";"NO BRAND";0.05;"KG";0.59;11.8;0;0;0;0.59;"3859888532281";"KEKSI/VAFLI/SNACKS"
"SNACK OD RIŽE SLANI 50g";"910137401";"NO BRAND";0.05;"KG";0.59;11.8;0;0;0;0.59;"3859888532274";"KEKSI/VAFLI/SNACKS"
"PŠENIČNA KRUPICA-GRIZ 1kg";"910137501";"NO BRAND";1;"KG";0.99;0.99;0;0;0;0.99;"3858881509818";"BRAŠNO"
"BURGER ANGUS 300g";"910137801";"NO BRAND";0.3;"KG";4.89;16.3;0;0;0;4.89;"3858894291342";"HAMBURGER"
"BURGER JUNETINA 300g";"910137901";"NO BRAND";0.3;"KG";4.59;15.3;0;0;0;4.59;"3858894291366";"HAMBURGER"
"BURGER IBERICO 300g";"910138001";"NO BRAND";0.3;"KG";3.59;11.97;0;0;0;3.59;"3858894291380";"HAMBURGER"
"ROŠTILI KOBASICA PANCETA LUK 290g";"910138101";"NO BRAND";0.29;"KG";3.15;10.86;0;0;0;3.15;"3858894291403";"MESO SVINJSKO"
"SLANINA ZA PEČENJE NAREZAK 100g";"910138201";"NO BRAND";0.1;"KG";2.79;27.9;0;0;0;2.79;"3858884937595";"MESO SVINJSKO"
"GURMANSKA KOBASICA 600g";"910138401";"NO BRAND";0.6;"KG";5.39;8.98;0;0;0;5.39;"3850139522907";"MESO SVINJSKO"
"*MOZZARELLA PREMIUM POLUTVRDI SIR";"910138501";"NO BRAND";1;"KG";12.5;12.5;0;0;0;12.5;"";"DELIKATESA - SIREVI"
"*IBERICO MIJEŠANI TVRDI SIR";"910138601";"NO BRAND";1;"KG";19.9;19.9;13.9;13.9;19.9;19.9;"";"DELIKATESA - SIREVI"
"PANCETA DALMATINSKA NAREZAK 100g";"910138701";"NO BRAND";0.1;"KG";2.25;22.5;0;0;0;2.25;"3859893966224";"SALAME SVJEŽE - EGALIZIRANE"
"KEKSI GOLD RINGE 400g";"910138801";"NO BRAND";0.4;"KG";1.49;3.73;0;0;0;1.49;"4006529002170";"KEKSI/VAFLI/SNACKS"
"ROŠTILJ KOBASICA 420g";"910138901";"NO BRAND";0.42;"KG";4.39;10.45;0;0;0;4.39;"3850139522914";"MESO SVINJSKO"
"MESNI UŠTIPCI SA SIROM 300g";"910139101";"NO BRAND";0.3;"KG";3.39;11.3;0;0;0;3.39;"3850139522884";"MESO PRERAĐENO SIROVO"
"MESNI UŠTIPCI SA SIROM 300g";"910139101";"NO BRAND";0.3;"KG";3.39;11.3;0;0;0;3.39;"3850139250589";"MESO PRERAĐENO SIROVO"
"BOOM BURGER 300g";"910139201";"NO BRAND";0.3;"KG";4.79;15.97;0;0;0;4.79;"3850139522877";"MESO GOVEĐE"
"BOOM BURGER 300g";"910139201";"NO BRAND";0.3;"KG";4.79;15.97;0;0;0;4.79;"3850139643916";"MESO GOVEĐE"
"BOOM BURGER 300g";"910139201";"NO BRAND";0.3;"KG";4.79;15.97;0;0;0;4.79;"3850139280623";"MESO GOVEĐE"
".BUĐOLA DALMATINSKA";"910139301";"NO BRAND";1;"KG";17.29;17.29;0;0;0;17.29;"";"SALAME SVJEŽE - TEŽINSKE"
"SIRUP NARANČA LIGHT 1l";"910139601";"NO BRAND";1;"LT";1.29;1.29;0;0;0;1.29;"3858893550686";"SIRUPI"
"SIRUP ŠUMSKO VOĆE LIGHT 1l";"910139701";"NO BRAND";1;"LT";1.29;1.29;0;0;0;1.29;"3858893550747";"SIRUPI"
"*DELIKATES KUHANA ŠUNKA IZ KOM.BUTA";"910139801";"NO BRAND";1;"KG";10.9;10.9;0;0;0;10.9;"";"DELIKATESA - SALAME"
"TELEĆE MESO 80/20";"910140001";"NO BRAND";1;"KG";11.16;11.16;0;0;0;11.16;"";"MESO TELEĆE"
"INDIJSKI ORAŠČIĆI 200g";"910140101";"NO BRAND";0.2;"KG";2.89;14.45;0;0;0;2.89;"3830022222541";"VOĆE SUHO/ORAŠASTO"
"INDIJSKI ORAŠČIĆI 200g";"910140101";"NO BRAND";0.2;"KG";2.89;14.45;0;0;0;2.89;"3830022225412";"VOĆE SUHO/ORAŠASTO"
"BRUSNICE SUHE 200g";"910140201";"NO BRAND";0.2;"KG";2.19;10.95;0;0;0;2.19;"3830022222893";"VOĆE SUHO"
"GRILL SVINJSKA KOLJENICA VP";"910140501";"NO BRAND";1;"KG";3.12;3.12;0;0;0;3.12;"";"MESO SVINJSKO"
"*SIR EMENTALER SPOMLEK";"910140601";"NO BRAND";1;"KG";11.5;11.5;0;0;0;11.5;"";"DELIKATESA - SIREVI"
"DONUT JABUKA I CIMET 65g PUNJENI";"910140701";"NO BRAND";0.065;"KG";0.59;9.08;0;0;0;0.59;"";"KRUH - SAMOPOSLUŽNI PULT"
"BANJALUČKI ĆEVAPI MAP 500g";"910140801";"NO BRAND";0.5;"KG";4.39;8.78;0;0;0;4.39;"3858892095485";"MESO GOVEĐE"
"*SIR GOUDA VONK";"910141101";"NO BRAND";1;"KG";6.49;6.49;0;0;0;6.49;"";"DELIKATESA - SIREVI"
"INST.KAŠA S KAKAOM KOKO LION 200g";"910141201";"NO BRAND";0.2;"KG";1.49;7.45;0.95;4.75;0.95;1.49;"3830079801546";"DJEČJA HRANA"
"PERECI SLANI 230g";"910141401";"NO BRAND";0.23;"KG";2.59;11.26;0;0;0;2.59;"3859889360203";"SLANI PEKARSKI PROIZVODI"
"SLANI ŠTAPIĆI 220g";"910141501";"MAMBO KIDS";0.22;"KG";0.79;3.59;0;0;0;0.79;"3856014106415";"KEKSI/VAFLI/SNACKS"
"SLANI ŠTAPIĆI 220g";"910141501";"MAMBO KIDS";0.22;"KG";0.79;3.59;0;0;0;0.79;"8017596135490";"KEKSI/VAFLI/SNACKS"
"KOLAČ JAFFA KOCKE 450g S&G";"910141701";"NO BRAND";0.45;"KG";4.79;10.64;0;0;0;4.79;"3830056444605";"KOLAČI"
"PUNOZRNATI KRUH 430g";"910142101";"NO BRAND";0.43;"KG";1.89;4.4;0;0;0;1.89;"3858889899188";"KRUH - SAMOPOSLUŽNI PULT"
"*DOMAĆI ŠTRUKLI SA SIROM 100g";"910142301";"NO BRAND";0.1;"KG";0.75;7.5;0;0;0;0.75;"";"DELIKATESA - GOTOVA JELA"
"PROTEINSKI KREKERI 80g";"910142801";"NO BRAND";0.08;"KG";1.29;16.13;0.99;12.38;1.29;1.29;"3850135252389";"SLANI PEKARSKI PROIZVODI"
"SUNCOKRETOVO ULJE 1L";"910142901";"COLLINA D'ORO";1;"LT";1.49;1.49;0;0;0;1.49;"8017596010186";"ULJE"
"ČOKOLADA S RIŽOM 200G";"910143001";"NO BRAND";0.2;"KG";2.99;14.95;0;0;0;2.99;"3856024804806";"ČOKOLADE"
"*DOMAĆI KULEN KVRGAVI";"910143801";"NO BRAND";1;"KG";23.9;23.9;0;0;0;23.9;"";"DELIKATESA - SALAME"
"PECIVO MINI SOMUN 50g";"910143901";"NO BRAND";0.05;"KG";0.29;5.8;0.15;3;0.29;0.29;"";"KRUH - SAMOPOSLUŽNI PULT"
"KOLAČ ŠARENE OBLATNE 250g";"910144001";"NO BRAND";0.25;"KG";4.39;17.56;0;0;0;4.39;"3858894681150";"KOLAČI"
"*SALATA KUPUS";"910144101";"NO BRAND";1;"KG";6.9;6.9;0;0;0;6.9;"";"DELIKATESA - DELIKATESA"
"*SALATA GRAH S LUKOM";"910144201";"NO BRAND";1;"KG";8.9;8.9;0;0;0;8.9;"";"DELIKATESA - DELIKATESA"
"*DALMATINSKA PANCETA";"910144301";"NO BRAND";1;"KG";18.9;18.9;0;0;0;18.9;"";"DELIKATESA - SALAME"
"*DALMATINSKA BUĐOLA";"910144401";"NO BRAND";1;"KG";22.9;22.9;0;0;0;22.9;"";"DELIKATESA - SALAME"
"*PRŠUT CVIT DALMACIJE";"910144501";"NO BRAND";1;"KG";23.9;23.9;0;0;0;23.9;"";"DELIKATESA - SALAME"
"*TORTILJA S PILETINOM 195g";"910144601";"NO BRAND";0.195;"KG";2.59;13.28;1.89;9.69;2.59;2.59;"";"DELIKATESA - GOTOVA JELA"
"MAKOVNJAČA 500g S&G";"910144701";"NO BRAND";0.5;"KG";3.79;7.58;0;0;0;3.79;"3830056444629";"KRUH SVJEŽI"
"ORAHNJAČA 500g S&G";"910144801";"NO BRAND";0.5;"KG";3.79;7.58;0;0;0;3.79;"3830056444636";"KRUH SVJEŽI"
"VODA PRIRODNA IZVORSKA 5L";"910144901";"NO BRAND";5;"LT";1.07;0.21;0;0;0;1.07;"3872252000087";"BEZALKOHOLNA PIĆA"
"ŠTANGICA S MASLINAMA 90g";"910145001";"NO BRAND";0.09;"KG";0.69;7.67;0;0;0;0.69;"";"KRUH - SAMOPOSLUŽNI PULT"
"PILEĆI FILE MAP GASTRO PACK CCA 5KG";"910145201";"NO BRAND";1;"KG";8.39;8.39;0;0;0;8.39;"";"MESO PERADI"
"TRIS BUĐOLA,S. ŠUNKA,PEČENICA 210g";"910145501";"MEAT APPETIT";0.21;"KG";5.49;26.14;4.69;22.33;5.49;5.49;"8017596129291";"SALAME SVJEŽE - EGALIZIRANE"
"DIMLJENA KOBASICA 300g";"910145601";"MEAT APPETIT";0.3;"KG";3.69;12.3;0;0;0;3.69;"8017596129246";"SALAME SVJEŽE - EGALIZIRANE"
"KREM NAMAZ DUO 400g";"910145901";"NO BRAND";0.4;"KG";1.89;4.73;0;0;0;1.89;"3871071003934";"DORUČAK - PAHULJICE/NAMAZI/MED"
"KREM NAMAZ MLIJEČNI 400g";"910146001";"NO BRAND";0.4;"KG";1.89;4.73;0;0;0;1.89;"3871071003941";"DORUČAK - PAHULJICE/NAMAZI/MED"
"KREM NAMAZ DUO 750g";"910146101";"NO BRAND";0.75;"KG";3.69;4.92;0;0;0;3.69;"3871071003910";"DORUČAK - PAHULJICE/NAMAZI/MED"
"KREM NAMAZ KAKAO 750g";"910146201";"NO BRAND";0.75;"KG";3.69;4.92;0;0;0;3.69;"3871071003927";"DORUČAK - PAHULJICE/NAMAZI/MED"
"LAMPION MALI 38h VIŠE VRSTA";"910146601";"NO BRAND";1;"PZ";0.99;0.99;0;0;0;0.99;"3858883230673";"INSEKTICIDI/SVIJEĆE/OSVJEŽIVAČ"
"LAMPION 48h";"910146701";"NO BRAND";1;"PZ";1.59;1.59;0;0;0;1.59;"3858883233674";"INSEKTICIDI/SVIJEĆE/OSVJEŽIVAČ"
"MARCIPAN U TAMNOJ ČOKOLADI 100g";"910147201";"NO BRAND";0.1;"KG";1.29;12.9;0;0;0;1.29;"4003754081000";"PROIZVODI BOŽIĆ/USKRS"
"TAMNA ČOKOLADA MARCIPAN, NARA.140G";"910147501";"NO BRAND";0.14;"KG";2.39;17.07;0;0;0;2.39;"4003754206151";"PROIZVODI BOŽIĆ/USKRS"
"ČOKOLADNI KOLUTI S ŠARENIM MRV.175g";"910147701";"NO BRAND";0.175;"KG";1.99;11.37;1.49;8.51;1.99;1.99;"4023800902776";"PROIZVODI BOŽIĆ/USKRS"
"MARCIPAN KLASIK 125g";"910147801";"NO BRAND";0.125;"KG";1.99;15.92;1.49;11.92;1.99;1.99;"4003754092006";"PROIZVODI BOŽIĆ/USKRS"
"ČOKOLADNE RUM KUGLICE 200g";"910147901";"NO BRAND";0.2;"KG";1.69;8.45;1.49;7.45;1.69;1.69;"4023800051344";"PROIZVODI BOŽIĆ/USKRS"
"PRALINE DJED BOŽIĆNJAK 74g";"910148601";"NO BRAND";0.074;"KG";2.29;30.95;1.49;20.14;2.29;2.29;"8717677073887";"PROIZVODI BOŽIĆ/USKRS"
"ŠUNKA SUHA 80g";"910148801";"MEAT APPETIT";0.08;"KG";1.59;19.88;0;0;0;1.59;"8017596129239";"SALAME SVJEŽE - EGALIZIRANE"
"ŠUNKA SUHA 80g";"910148801";"MEAT APPETIT";0.08;"KG";1.59;19.88;0;0;0;1.59;"3858884937670";"SALAME SVJEŽE - EGALIZIRANE"
"*DIMLJENI POLUTVRDI SIR ALPENSTR.";"910149401";"NO BRAND";1;"KG";12.2;12.2;0;0;0;12.2;"";"DELIKATESA - SIREVI"
"*MORTADELA S ČILIJEM";"910149801";"NO BRAND";1;"KG";11.9;11.9;0;0;0;11.9;"";"DELIKATESA - SALAME"
"TARTAR UMAK 260g";"910149901";"SUNNY NATURE";0.26;"KG";1.39;5.35;0;0;0;1.39;"8017596130990";"RAJČICA/DODACI"
"HREN UMAK 260g";"910150001";"SUNNY NATURE";0.26;"KG";1.59;6.12;0;0;0;1.59;"8017596130983";"RAJČICA/DODACI"
"KRAFNA MARELICA 60g";"910150201";"NO BRAND";0.06;"KG";0.55;9.17;0;0;0;0.55;"";"KRUH - SAMOPOSLUŽNI PULT"
"*DALMATINSKA PEČENICA";"910150401";"NO BRAND";1;"KG";21.9;21.9;0;0;0;21.9;"";"DELIKATESA - SALAME"
"TELEĆE TRIPICE VP";"910151401";"NO BRAND";1;"KG";8.33;8.33;0;0;0;8.33;"";"IZNUTRICE"
"KOCKICE PREPEČENOG KRUHA 200g";"910151501";"NO BRAND";0.2;"KG";1.59;7.95;0;0;0;1.59;"4000186233564";"PEKARSKI PROIZVODI"
"MINI KRAFNA ČOKO-LJEŠNJAK 25g";"910151601";"NO BRAND";0.025;"KG";0.39;15.6;0;0;0;0.39;"";"KRUH - SAMOPOSLUŽNI PULT"
"*SALAMA S MESOM DIVLJE SVINJE 250g";"910151701";"NO BRAND";0.25;"KG";6.99;27.96;0;0;0;6.99;"3859893534614";"DELIKATESA - SALAME"
"*SALAMA S MESOM JELENA 250g";"910151801";"NO BRAND";0.25;"KG";6.99;27.96;0;0;0;6.99;"3859893534607";"DELIKATESA - SALAME"
"SVIJEĆA MIRISNA ANTITABAC";"910151901";"NO BRAND";1;"PZ";2.39;2.39;0;0;0;2.39;"3858888023720";"INSEKTICIDI/SVIJEĆE/OSVJEŽIVAČ"
"SVIJEĆA MIRISNA LAVANDA";"910152001";"NO BRAND";1;"PZ";2.39;2.39;0;0;0;2.39;"3858888023669";"INSEKTICIDI/SVIJEĆE/OSVJEŽIVAČ"
"SVIJEĆA MIRISNA NARANČA CIMET";"910152201";"NO BRAND";1;"PZ";2.39;2.39;0;0;0;2.39;"3858888024529";"INSEKTICIDI/SVIJEĆE/OSVJEŽIVAČ"
"SVINJSKA GLAVA";"910152301";"NO BRAND";1;"KG";1.39;1.39;0;0;0;1.39;"";"IZNUTRICE"
"SVIJEĆA MIRISNA BOR ČEŠER";"910152401";"NO BRAND";1;"PZ";2.39;2.39;0;0;0;2.39;"3858888024628";"INSEKTICIDI/SVIJEĆE/OSVJEŽIVAČ"
"SVIJEĆA MIRISNA JASMIN";"910152501";"NO BRAND";1;"PZ";2.39;2.39;0;0;0;2.39;"3858883236903";"INSEKTICIDI/SVIJEĆE/OSVJEŽIVAČ"
"SVIJEĆA MIRISNA VANILIJA";"910152601";"NO BRAND";1;"PZ";2.39;2.39;0;0;0;2.39;"3858883236149";"INSEKTICIDI/SVIJEĆE/OSVJEŽIVAČ"
"SARMA I PIRE KRUMPIR 500g";"910152701";"NO BRAND";0.5;"KG";3.99;7.98;0;0;0;3.99;"";"PRODUZIONE INTERNA"
"*PANIRANI PILEĆI MLADI KRUMPIR 660g";"910152801";"NO BRAND";0.66;"KG";3.99;6.05;0;0;0;3.99;"";"PRODUZIONE INTERNA"
"*GRČKA ROLADA I KRUMPIR VRHNJE 680g";"910152901";"NO BRAND";0.68;"KG";3.99;5.87;0;0;0;3.99;"";"PRODUZIONE INTERNA"
"*FAŠINARAC I KRUMPIR VRHNJE 650g";"910153001";"NO BRAND";0.65;"KG";3.99;6.14;0;0;0;3.99;"";"PRODUZIONE INTERNA"
"*FAŠINARAC I MLADI KRUMPIR 650g";"910153101";"NO BRAND";0.65;"KG";3.99;6.14;0;0;0;3.99;"";"PRODUZIONE INTERNA"
"*POLOVICA PEČEN.PILETA MLINCI 710g";"910153201";"NO BRAND";0.71;"KG";3.99;5.62;0;0;0;3.99;"";"PRODUZIONE INTERNA"
"*POLONICA PEČEN.PILETA POMFRIT 710g";"910153301";"NO BRAND";0.71;"KG";3.99;5.62;0;0;0;3.99;"";"PRODUZIONE INTERNA"
"*PANIRANI OSLIĆ I POMFRIT 660g";"910153401";"NO BRAND";0.66;"KG";3.99;6.05;0;0;0;3.99;"";"PRODUZIONE INTERNA"
"*TORTILJA S PILETINOM 390g";"910153501";"NO BRAND";0.39;"KG";3.99;10.23;0;0;0;3.99;"";"PRODUZIONE INTERNA"
"*ZAGREBAČKI ODREZAK I POMFRIT 660g";"910153601";"NO BRAND";0.66;"KG";3.99;6.05;0;0;0;3.99;"";"PRODUZIONE INTERNA"
"*ČEVAPI I SOMUN 550g";"910153701";"NO BRAND";0.55;"KG";3.99;7.25;0;0;0;3.99;"";"PRODUZIONE INTERNA"
"*DOMAĆI SVJEŽI ŠTRUKLI 400g";"910153801";"NO BRAND";0.4;"KG";3.99;9.98;0;0;0;3.99;"";"PRODUZIONE INTERNA"
"*POLPETA POVRČE I POMFRIT 485g";"910153901";"NO BRAND";0.485;"KG";3.99;8.23;0;0;0;3.99;"";"PRODUZIONE INTERNA"
"*LIGNJE I POMFRIT 660g";"910154001";"NO BRAND";0.66;"KG";3.99;6.05;0;0;0;3.99;"";"PRODUZIONE INTERNA"
"*GRAH VARIVO 820g";"910154101";"NO BRAND";0.82;"KG";3.99;4.87;0;0;0;3.99;"";"PRODUZIONE INTERNA"
"*JUNEĆI GULAŠ 720g";"910154201";"NO BRAND";0.72;"KG";3.99;5.54;0;0;0;3.99;"";"PRODUZIONE INTERNA"
"*MORTADELA CASTELLI PREMIUM";"910154301";"NO BRAND";1;"KG";15.5;15.5;10.5;10.5;15.5;15.5;"";"DELIKATESA - SALAME"
"SVJEŽA JAJA SLOBODNI UZGOJ M 10/1";"910154501";"NO BRAND";1;"PZ";2.99;2.99;0;0;0;2.99;"3859892582302";"MLIJEČNI PROIZVODI UHT - JAJA"
"TOALETNI PAPIR VLAŽNI 60 M 4kom";"910155001";"NO BRAND";1;"PZ";3.69;3.69;0;0;0;3.69;"3859890063988";"PAPIRNATI PROIZVODI"
"VLAŽNE MARAM.ZA ĆIŠĆENJE O.C.60kom";"910155101";"NO BRAND";1;"PZ";1.29;1.29;0;0;0;1.29;"3859890063964";"PROIZVODI ZA UREĐENJE DOMA"
"BABY VLAŽNE MARAMICE ZOB.MLIJ.80kom";"910155201";"NO BRAND";1;"PZ";1.09;1.09;0;0;0;1.09;"3859890063940";"ULOŠCI/PELENE/VATE"
"BABY VLAŽNE MARAM.ZOB.MLI. 80M 4kom";"910155301";"NO BRAND";1;"PZ";4.39;4.39;0;0;0;4.39;"3859890063957";"ULOŠCI/PELENE/VATE"
"BABY MARAM.JOJO.BIORAZGRADIVE 80kom";"910155401";"NO BRAND";1;"PZ";1.45;1.45;1.09;1.09;1.45;1.45;"3859890063933";"ULOŠCI/PELENE/VATE"
"*PEČENI ODOJAK";"910155501";"NO BRAND";1;"KG";16.9;16.9;0;0;0;16.9;"";"PRODUZIONE INTERNA"
"PECIVO PUTER ŠTANGICA 3/1 PAK 180g";"910155601";"NO BRAND";0.18;"KG";1.89;10.5;0;0;0;1.89;"3858885565599";"KRUH SVJEŽI"
"ČAJNI KEKSI SRETNA JUTRA 300g";"910155701";"NO BRAND";0.3;"KG";2.99;9.97;0;0;0;2.99;"3850135267352";"SLANI PEKARSKI PROIZVODI"
"INTEGRALNI KEKSI SRETNA JUTRA 350g";"910155801";"NO BRAND";0.35;"KG";3.49;9.97;0;0;0;3.49;"3850135267369";"SLANI PEKARSKI PROIZVODI"
"KRUH PLANINSKI 500g";"910155901";"NO BRAND";0.5;"KG";1.39;2.78;0;0;0;1.39;"";"KRUH - SAMOPOSLUŽNI PULT"
"KRUH RAŽENI 600g";"910156001";"NO BRAND";0.6;"KG";1.89;3.15;0;0;0;1.89;"";"KRUH - SAMOPOSLUŽNI PULT"
"FOCACCIA MARGHERITA DURUM 450g";"910156501";"NO BRAND";0.45;"KG";4.19;9.31;2.99;6.64;4.19;4.19;"8033219012108";"KRUH SVJEŽI"
"FOCACCIA DURUM S RAJČICAMA 210g";"910156601";"NO BRAND";0.21;"KG";2.39;11.38;1.69;8.05;2.39;2.39;"8033219012047";"KRUH SVJEŽI"
"FOCACCIA MARGHERITA DURUM 225g";"910156701";"NO BRAND";0.225;"KG";2.69;11.96;1.9;8.44;2.69;2.69;"8033219012061";"KRUH SVJEŽI"
"FOCACCIA S PESTOM I RAJČICMA 210g";"910156801";"NO BRAND";0.21;"KG";2.79;13.29;1.99;9.48;2.79;2.79;"8033219014171";"KRUH SVJEŽI"
"JUŠNE OKRUGLICE 200G";"910156901";"NO BRAND";0.2;"KG";0.95;4.75;0;0;0;0.95;"4000186806669";"PEKARSKI PROIZVODI"
"ČOKOLADNE LIZALICE (5*15G) 75G";"910157801";"NO BRAND";0.075;"KG";1.59;21.2;0.99;13.2;1.59;1.59;"5902808134763";"PROIZVODI BOŽIĆ/USKRS"
"PAČJI BATAK 480g";"910158801";"NO BRAND";0.48;"KG";5.99;12.48;0;0;0;5.99;"5995664906230";"MESO PERADI"
"PAČJA PRSA FILET S KOŽOM 420g";"910158901";"NO BRAND";0.42;"KG";7.99;19.02;0;0;0;7.99;"5995664906278";"MESO PERADI"
"*PEČENA ŠUNKA OD PILEĆIH PRSA";"910159001";"NO BRAND";1;"KG";13.9;13.9;0;0;0;13.9;"";"DELIKATESA - SALAME"
"FOCACCIA JUŽNA ITALIJA 180g";"910159101";"NO BRAND";0.18;"KG";1.99;11.06;0;0;0;1.99;"";"KRUH - SAMOPOSLUŽNI PULT"
"ČAJ BRUSNICA/NAR 20F 46g";"910159201";"LESTER HOUSE";0.046;"KG";1.29;28.04;0;0;0;1.29;"8017596131836";"KAVA/ČAJEVI/DRUGO"
"ČAJ ŠUMSKO VOĆE 20F 60g";"910159301";"LESTER HOUSE";0.06;"KG";1.59;26.5;0;0;0;1.59;"8017596131829";"KAVA/ČAJEVI/DRUGO"
"CROISSANT S MASLACEM 55g";"910159401";"NO BRAND";0.055;"KG";0.49;8.91;0;0;0;0.49;"";"KRUH - SAMOPOSLUŽNI PULT"
"KEKSI SA BADEMIMA U KUTIJI 600G";"910159501";"NO BRAND";0.6;"KG";3.99;6.65;0;0;0;3.99;"4006529048116";"KEKSI/VAFLI/SNACKS"
"*KRUMPIR GRATINIRANI BROKULOM 100g";"910159701";"NO BRAND";0.1;"KG";1.09;10.9;0;0;0;1.09;"";"DELIKATESA - GOTOVA JELA"
"*KRUMPIR GRATIN.SIROM VRHNJEM 100g";"910159801";"NO BRAND";0.1;"KG";1.09;10.9;0;0;0;1.09;"";"DELIKATESA - GOTOVA JELA"
"PIVO IPA 3,9% 500ml";"910159901";"NO BRAND";0.5;"LT";2.22;4.44;0;0;0;2.22;"3858895210021";"PIVA"
"PIVO PALE ALE 5,3% 500ml";"910160001";"NO BRAND";0.5;"LT";2.12;4.24;0;0;0;2.12;"3858895210007";"PIVA"
"KRUH DOMAĆI RUSTIKALNI BIJELI 420g";"910160301";"NO BRAND";0.42;"KG";1.59;3.79;0;0;0;1.59;"";"KRUH - SAMOPOSLUŽNI PULT"
"VINO CABERNET SAUVIGNON 750ml";"910160401";"NO BRAND";0.75;"LT";4.89;6.52;0;0;0;4.89;"3859891249671";"VINA"
"VINO KVALIT. RAJNSKI RIZLING 750ml";"910160501";"NO BRAND";0.75;"LT";4.39;5.85;0;0;0;4.39;"3859891249718";"VINA"
"VINO GRAŠEVINA VRH. 750ml";"910160601";"NO BRAND";0.75;"LT";5.39;7.19;0;0;0;5.39;"3859891249725";"VINA"
"VINO GRAŠEVINA 750ml";"910160701";"NO BRAND";0.75;"LT";3.89;5.19;1.89;2.52;3.89;3.89;"3859891249633";"VINA"
"FILET ATLANTSKOG LOSOSA 250g";"910160901";"NO BRAND";0.25;"KG";5.89;23.56;0;0;0;5.89;"3859893776137";"RIBA SVJEŽA FILETI"
"*ARANCINI MARGHERITA 100g";"910161001";"NO BRAND";0.1;"KG";1.29;12.9;0;0;0;1.29;"";"DELIKATESA - GOTOVA JELA"
"*ARANCINI S VRGANJIMA I SIROM 30g";"910161101";"NO BRAND";0.03;"KG";0.49;16.33;0;0;0;0.49;"";"DELIKATESA - GOTOVA JELA"
"*OVČJI SIR 200g";"910161501";"NO BRAND";0.2;"KG";4.99;24.95;0;0;0;4.99;"8427298005074";"DELIKATESA - SIREVI"
"*DIMLJENI OVČJI SIR 200g";"910161601";"NO BRAND";0.2;"KG";5.29;26.45;0;0;0;5.29;"8427298004893";"DELIKATESA - SIREVI"
"*MEDITERANSKI SIR 200g";"910161701";"NO BRAND";0.2;"KG";4.49;22.45;0;0;0;4.49;"8427298005586";"DELIKATESA - SIREVI"
"PAPALINA 300g";"910161801";"NO BRAND";0.3;"KG";2.19;7.3;0;0;0;2.19;"3859893776175";"RIBA SVJEŽA CIJELA"
"GAVUNIĆ 400g";"910161901";"NO BRAND";0.4;"KG";2.99;7.48;0;0;0;2.99;"3859893776250";"RIBA SVJEŽA CIJELA"
"*ZAMJENA ZA SLANI SIR";"910162101";"NO BRAND";1;"KG";5.9;5.9;0;0;0;5.9;"";"DELIKATESA - SIREVI"
"*PANIRANI PILEĆI PRUTIĆI";"910162201";"NO BRAND";1;"KG";15.9;15.9;0;0;0;15.9;"";"DELIKATESA - GOTOVA JELA"
"*PEKARSKI KRUMPIR SA ZAČINIMA";"910162301";"NO BRAND";1;"KG";4.5;4.5;0;0;0;4.5;"";"DELIKATESA - GOTOVA JELA"
"*SIR CHEDDAR CRVENI";"910162401";"NO BRAND";1;"KG";13.9;13.9;9.7;9.7;13.9;13.9;"";"DELIKATESA - SIREVI"
"PILEĆA ZADNJA ČETVRT MAP";"910162501";"NO BRAND";1;"KG";3.29;3.29;0;0;0;3.29;"";"MESO PERADI"
"PILEĆI MINI FILE OD PRSA MAP";"910162601";"NO BRAND";1;"KG";8.89;8.89;0;0;0;8.89;"";"MESO PERADI"
"PILEĆI ZABATAK B/KOSTI I/KOŽE 400g";"910162701";"NO BRAND";0.4;"KG";3.49;8.73;0;0;0;3.49;"9002535232650";"MESO PERADI"
"PILEĆA KRILA BEZ VRŠKA 500g";"910162801";"NO BRAND";0.5;"KG";2.49;4.98;1.89;3.78;2.49;2.49;"9002535233329";"MESO PERADI"
"PILEĆA KRILA ZADNJI DIO MAP";"910162901";"NO BRAND";1;"KG";6.29;6.29;0;0;0;6.29;"";"MESO PERADI"
"PILEĆA KRILA SREDNJI DIO MAP";"910163001";"NO BRAND";1;"KG";4.99;4.99;0;0;0;4.99;"";"MESO PERADI"
"PILEĆI MIX ZA JUHU MAP";"910163101";"NO BRAND";1;"KG";2.69;2.69;0;0;0;2.69;"";"MESO PERADI"
"PILEĆA JETRA 250g";"910163201";"NO BRAND";0.25;"KG";1.29;5.16;0;0;0;1.29;"9002535235620";"MESO PERADI"
"PUREĆI BATAK S KOSTI I KOŽOM MAP";"910163301";"NO BRAND";1;"KG";3.99;3.99;0;0;0;3.99;"";"MESO PERADI"
"PUREĆI ZABATAK S KOSTI I KOŽOM MAP";"910163401";"NO BRAND";1;"KG";5.99;5.99;0;0;0;5.99;"";"MESO PERADI"
"*SIR DIMLJENA MOZZAR.BUFALA 200g";"910163501";"NO BRAND";0.2;"KG";3.99;19.95;0;0;0;3.99;"8023074000099";"DELIKATESA - SIREVI"
"*SIR DIMLJENA BURRATA 125g";"910163601";"NO BRAND";0.125;"KG";3.19;25.52;0;0;0;3.19;"8023074006657";"DELIKATESA - SIREVI"
"JAGODA KOLAČ 120g";"910163701";"NO BRAND";0.12;"KG";1.69;14.08;0;0;0;1.69;"5413476312280";"KRUH - SAMOPOSLUŽNI PULT"
"BROWNIE KOLAČ DUPLA ČOKOLADA 67g";"910163801";"NO BRAND";0.067;"KG";1.29;19.25;0;0;0;1.29;"5413476310323";"KRUH - SAMOPOSLUŽNI PULT"
"ORADA OČIŠĆENA SVJEŽA MAP 720g";"910163901";"NO BRAND";0.72;"KG";11.49;15.96;0;0;0;11.49;"3858890596793";"RIBA SVJEŽA CIJELA"
"BRANCIN OČIŠĆENI SVJEŽI MAP 720g";"910164101";"NO BRAND";0.72;"KG";11.49;15.96;0;0;0;11.49;"3858890596786";"RIBA SVJEŽA CIJELA"
"MIX JUNETINE ZA JUHU (S REBRIMA)";"910164401";"NO BRAND";1;"KG";7.59;7.59;0;0;0;7.59;"";"MESO GOVEĐE"
"*SIR PAŠNJAK";"910164501";"NO BRAND";1;"KG";15.9;15.9;0;0;0;15.9;"";"DELIKATESA - SIREVI"
"ZAMKA ZA MOLJCE IZ HRANE";"910164601";"NO BRAND";0.022;"KG";4.49;204.09;0;0;0;4.49;"5904517068247";"INSEKTICIDI/SVIJEĆE/OSVJEŽIVAČ"
"SVINJ.LEĐA S KOSTI ODREZAK 600g";"910164701";"NO BRAND";0.6;"KG";4.29;7.15;0;0;0;4.29;"5998002029745";"MESO SVINJSKO"
"SVINJ.LEĐA BEZ KOSTI ODREZAK 500g";"910164801";"NO BRAND";0.5;"KG";4.29;8.58;0;0;0;4.29;"5998002029752";"MESO SVINJSKO"
"MEDALJONI OD SVINJSKOG FILEA 400g";"910164901";"NO BRAND";0.4;"KG";4.99;12.48;0;0;0;4.99;"5998002029769";"MESO SVINJSKO"
"SVINJ.VRAT BEZ KOSTI ODREZAK 500g";"910165001";"NO BRAND";0.5;"KG";4.39;8.78;0;0;0;4.39;"5998002029776";"MESO SVINJSKO"
"CARSKO MESO BEZ KOSTI ODREZAK 500g";"910165101";"NO BRAND";0.5;"KG";3.89;7.78;0;0;0;3.89;"5998002029783";"MESO SVINJSKO"
"SVINJSKE GULAŠ KOCKICE OD BUTA 500g";"910165201";"NO BRAND";0.5;"KG";3.39;6.78;0;0;0;3.39;"3830053932532";"MESO SVINJSKO"
"SVINJSKE GULAŠ KOCKICE OD BUTA 500g";"910165201";"NO BRAND";0.5;"KG";3.39;6.78;0;0;0;3.39;"3830053938015";"MESO SVINJSKO"
"JUNEĆI RIBEYE ODREZAK VAK";"910165301";"NO BRAND";1;"KG";19.99;19.99;0;0;0;19.99;"";"MESO GOVEĐE"
"ĆEVAPČIĆI MIJEŠANI 1000g";"910165401";"NO BRAND";1;"KG";7.39;7.39;0;0;0;6.99;"3830053932662";"MESO SVINJSKO"
"ĆEVAPČIĆI MIJEŠANI 1000g";"910165401";"NO BRAND";1;"KG";7.39;7.39;0;0;0;6.99;"3830053938114";"MESO SVINJSKO"
"SVINJSKI RAŽNJIĆI S HAMBURGEROM MAP";"910165501";"NO BRAND";1;"KG";6.99;6.99;0;0;0;6.69;"";"MESO SVINJSKO"
"SVINJSKI RAŽNJIĆI S PAPRIKOM MAP";"910165601";"NO BRAND";1;"KG";6.99;6.99;0;0;0;6.69;"";"MESO SVINJSKO"
"PILEĆI RAŽNJIĆI OD FILEA S PAPRIKOM";"910165701";"NO BRAND";1;"KG";9.99;9.99;0;0;0;9.39;"";"MESO PERADI"
"JUNEĆI MIX ZA JUHU MAP";"910166001";"NO BRAND";1;"KG";9.39;9.39;0;0;0;8.89;"";"MESO GOVEĐE"
"*DOMAĆA DIMLJENA SLANINA";"910166501";"NO BRAND";1;"KG";14.9;14.9;0;0;0;14.9;"";"DELIKATESA - SALAME"
"DANSKO PECIVO S VANILIJA KREMOM 78g";"910166601";"NO BRAND";0.078;"KG";0.79;10.13;0;0;0;0.79;"";"KRUH - SAMOPOSLUŽNI PULT"
"PLETENICA S PEKAN ORASIMA 85g";"910166701";"NO BRAND";0.085;"KG";0.79;9.29;0;0;0;0.79;"";"KRUH - SAMOPOSLUŽNI PULT"
"DANSKO PECIVO S JABUKOM 88g";"910166801";"NO BRAND";0.088;"KG";0.95;10.8;0;0;0;0.95;"";"KRUH - SAMOPOSLUŽNI PULT"
"KVADRAT ČOKO-LJEŠNJAK PUNJENJE 95g";"910166901";"NO BRAND";0.095;"KG";0.95;10;0;0;0;0.95;"";"KRUH - SAMOPOSLUŽNI PULT"
"SVINJSKA KARE REBRA VP (LOIN RIBS)";"910167101";"NO BRAND";1;"KG";5.99;5.99;0;0;0;5.99;"";"MESO SVINJSKO"
"SVINJSKO CARSKO MESO S KOŽOM MAP";"910167201";"NO BRAND";1;"KG";6.89;6.89;0;0;0;6.89;"";"MESO SVINJSKO"
"*PEČENI KRILNI BATAK BBQ";"910167401";"NO BRAND";1;"KG";9.9;9.9;0;0;0;9.9;"";"DELIKATESA - GOTOVA JELA"
"KIKIRIKI U OMOTAČU OD PAPRIKE 150G";"910167501";"MAMBO KIDS";0.15;"KG";1.29;8.6;0;0;0;1.29;"8017596132390";"KEKSI/VAFLI/SNACKS"
"KIKIRIKI U OMOTAČU VRHNJE/LUK 150G";"910167601";"MAMBO KIDS";0.15;"KG";1.29;8.6;0;0;0;1.29;"8017596132383";"KEKSI/VAFLI/SNACKS"
"JUNEĆI BUT BEZ KOSTI ODREZAK 450g";"910167701";"NO BRAND";0.45;"KG";8.49;18.87;0;0;0;8.49;"3858894667208";"MESO GOVEĐE"
"JUNEĆI REP MAP";"910167801";"NO BRAND";1;"KG";14.49;14.49;0;0;0;14.49;"";"MESO GOVEĐE"
"JUNEĆE KOCKICE ZA GULAŠ 400g";"910167901";"NO BRAND";0.4;"KG";5.99;14.98;0;0;0;5.99;"3858894667222";"MESO GOVEĐE"
"ŠTAPIĆ ROLER JAGODA VA.LIM.85ml-65g";"910168201";"NO BRAND";0.065;"KG";0.59;9.08;0;0;0;0.59;"5310079002320";"SLADOLEDI I DESERTI"
"ŠTAPIĆ LUBENICA 73ml-67g";"910168301";"NO BRAND";0.067;"KG";0.59;8.81;0;0;0;0.59;"5310079001842";"SLADOLEDI I DESERTI"
"ŠTAPIĆ PUNJENJE BERLIN 85ml-55g";"910168501";"NO BRAND";0.055;"KG";0.79;14.36;0;0;0;0.79;"5310079002559";"SLADOLEDI I DESERTI"
"KORNET MADAGASKAR 180ml-110g";"910168701";"NO BRAND";0.11;"KG";1.29;11.73;0;0;0;1.29;"5310079004072";"SLADOLEDI I DESERTI"
"KORNET BRUSSELS 180ml-110g";"910168801";"NO BRAND";0.11;"KG";1.29;11.73;0;0;0;1.29;"5310079004089";"SLADOLEDI I DESERTI"
"ŠTAPIĆ GOLD PARIS 105ml/72g";"910168901";"NO BRAND";0.072;"KG";1.09;15.14;0;0;0;1.09;"5310079004362";"SLADOLEDI I DESERTI"
"ŠTAPIĆ GOLD CAIRO 105ml-72g";"910169001";"NO BRAND";0.072;"KG";1.09;15.14;0;0;0;1.09;"5310079004317";"SLADOLEDI I DESERTI"
"ŠTAPIĆ GOLD CAIRO 105ml-72g";"910169001";"NO BRAND";0.072;"KG";1.09;15.14;0;0;0;1.09;"5310079004355";"SLADOLEDI I DESERTI"
"*POMFRIT";"910169401";"NO BRAND";1;"KG";4.49;4.49;0;0;0;4.49;"";"DELIKATESA - GOTOVA JELA"
"DAGNJE CIJELE KUHANE 1000g";"910169601";"NO BRAND";1;"KG";7.99;7.99;0;0;0;7.99;"8437002755515";"RIBLJI PROIZVODI MOD.ATMOSFERA"
"FILET ŽUTOPERAJNE TUNE 200g";"910169701";"NO BRAND";0.2;"KG";6.29;31.45;0;0;0;6.29;"3859893662591";"RIBA SVJEŽA FILETI"
"FILET BIJELOG BAKALARA 400g";"910169801";"NO BRAND";0.4;"KG";8.99;22.48;0;0;0;8.99;"3859893777660";"RIBA SVJEŽA FILETI"
"FILET CRNOG BAKALARA 400g";"910169901";"NO BRAND";0.4;"KG";5.69;14.23;0;0;0;5.69;"3859893969935";"RIBA SVJEŽA FILETI"
"HOBOTNICA OČIŠĆENA.";"910170001";"NO BRAND";1;"KG";13.99;13.99;0;0;0;13.99;"";"RIBA SVJEŽA CIJELA"
"PAGAR OČIŠĆENI SVJEŽI.";"910170101";"NO BRAND";1;"KG";19.99;19.99;0;0;0;19.99;"2144385000007";"RIBA SVJEŽA CIJELA"
"ŽEMLJA 75g";"910172501";"NO BRAND";0.075;"KG";0.21;2.8;0;0;0;0.21;"";"KRUH - SAMOPOSLUŽNI PULT"
"*CARSKI MIX POVRĆE";"910172601";"NO BRAND";1;"KG";4.9;4.9;0;0;0;4.9;"";"DELIKATESA - GOTOVA JELA"
"*ČVARCI 100g";"910172701";"NO BRAND";0.1;"KG";2.59;25.9;0;0;0;2.59;"3859892348274";"DELIKATESA - SALAME"
"PILEĆI FILE U CORNFLAKES PANADI";"910173601";"NO BRAND";1;"KG";10.39;10.39;0;0;0;9.25;"";"MESO PRERAĐENO KUHANO"
"PANIRANI PILEĆI ODREZAK 200g";"910173701";"NO BRAND";0.2;"KG";2.49;12.45;0;0;0;2.25;"3858890933048";"MESO PRERAĐENO KUHANO"
"PANIRANI PILEĆI ŠTAPIĆI 400g";"910173801";"NO BRAND";0.4;"KG";3.89;9.73;0;0;0;3.49;"3858890933024";"MESO PRERAĐENO KUHANO"
"PANIRANI FRITESI OD PIL.FILEA 400g";"910173901";"NO BRAND";0.4;"KG";4.99;12.48;0;0;0;4.79;"3858890933086";"MESO PRERAĐENO KUHANO"
"PANIRANI PILEĆI MEDALJONI 320g";"910174001";"NO BRAND";0.32;"KG";3.39;10.59;0;0;0;2.99;"3858890933062";"MESO PRERAĐENO KUHANO"
"PILEĆI MINI FILE RAŽNJIĆI";"910174101";"NO BRAND";1;"KG";11.89;11.89;0;0;0;11.89;"";"MESO PERADI"
"PILEĆI RAŽNJIĆI OD FILEA MAR.450g";"910174201";"NO BRAND";0.45;"KG";4.39;9.76;0;0;0;4.39;"3858890933109";"MESO PERADI"
"SLADOLED ČOKOLA.VANIL.JAG.2l/950g";"910174301";"DOLCIANDO";2;"LT";3.59;1.8;0;0;0;3.59;"8017596044785";"SLADOLEDI I DESERTI"
"SLADOLED BOURBON VANIL. 2l/950g";"910174401";"DOLCIANDO";2;"LT";3.59;1.8;0;0;0;3.59;"8017596044761";"SLADOLEDI I DESERTI"
"SLADOLED VANILIJA ČOKOLADA 2l 950g";"910174501";"DOLCIANDO";0.95;"KG";3.59;3.78;0;0;0;3.59;"8017596044778";"SLADOLEDI I DESERTI"
"GRAHAM PECIVO 75g";"910174601";"NO BRAND";0.075;"KG";0.23;3.07;0;0;0;0.23;"";"KRUH - SAMOPOSLUŽNI PULT"
"KIFLICE S LJEŠNJAKOM I MASLACEM300g";"910174901";"NO BRAND";0.3;"KG";5.59;18.63;0;0;0;5.59;"3830062492768";"SLANI PEKARSKI PROIZVODI"
"VELIKI LINZERI 600g";"910175001";"NO BRAND";0.6;"KG";5.79;9.65;0;0;0;5.79;"3830062492744";"SLANI PEKARSKI PROIZVODI"
"DOMAĆI FILE PILEĆEG ZABATKA (BKK)";"910175101";"NO BRAND";1;"KG";6.01;6.01;0;0;0;6.01;"";"MESO PERADI"
"DOMAĆI PILEĆI ZABATAK S DIJ.LEĐA";"910175201";"NO BRAND";1;"KG";3.19;3.19;0;0;0;3.19;"";"MESO PERADI"
"DOMAĆE SVJEŽE PILE CCA.1,5-1,6kg";"910175301";"NO BRAND";1;"KG";3.99;3.99;0;0;0;3.99;"";"MESO PERADI"
"DOMAĆI PILEĆI BATAK SA ZABATKOM SKK";"910175401";"NO BRAND";1;"KG";3.7;3.7;0;0;0;3.7;"";"MESO PERADI"
"*SALATA SA FETA SIROM 180g";"910175501";"NO BRAND";0.18;"KG";2.99;16.61;0;0;0;2.99;"";"DELIKATESA - GOTOVA JELA"
"*SALATA S TUNOM 170g";"910175601";"NO BRAND";0.17;"KG";2.99;17.59;0;0;0;2.99;"";"DELIKATESA - GOTOVA JELA"
"*SALATA S PILETINOM 175g";"910175701";"NO BRAND";0.175;"KG";3.29;18.8;0;0;0;3.29;"";"DELIKATESA - GOTOVA JELA"
"*SALATA S MOZZARELLOM 170g";"910175801";"NO BRAND";0.17;"KG";2.99;17.59;0;0;0;2.99;"";"DELIKATESA - GOTOVA JELA"
"KREKERI S CIKLOM 130g";"910175901";"NO BRAND";0.13;"KG";2.29;17.62;1.79;13.77;2.29;2.29;"4771218201751";"SLANI PEKARSKI PROIZVODI"
"KREKERI SA SIROM I ČEŠNJAKOM 130g";"910176001";"NO BRAND";0.13;"KG";2.29;17.62;1.79;13.77;2.29;2.29;"4771218200198";"SLANI PEKARSKI PROIZVODI"
"KREKERI SIR/ RAJČICA/ BOSILJAK 130g";"910176101";"NO BRAND";0.13;"KG";2.29;17.62;1.79;13.77;2.29;2.29;"4771218201935";"SLANI PEKARSKI PROIZVODI"
"KREKERI SA SJEMENKAMA SEZAMA 130g";"910176201";"NO BRAND";0.13;"KG";2.29;17.62;1.79;13.77;2.29;2.29;"4771218201447";"SLANI PEKARSKI PROIZVODI"
"KREKERI S RAJČICOM I BOSILJKOM 130g";"910176301";"NO BRAND";0.13;"KG";2.29;17.62;1.79;13.77;2.29;2.29;"4771218200969";"SLANI PEKARSKI PROIZVODI"
"DOMAĆI KRUH MEDITERANEO 400g";"910176601";"NO BRAND";0.4;"KG";2.29;5.73;1.69;4.23;2.29;2.29;"3830085170902";"KRUH SVJEŽI"
"DOMAĆI KRUH SA SJEMENKAMA 400g";"910176901";"NO BRAND";0.4;"KG";2.39;5.98;1.69;4.23;2.39;2.39;"3830085170889";"KRUH SVJEŽI"
"DOMAĆI MIJEŠANI KRUH 400g";"910177001";"NO BRAND";0.4;"KG";2.29;5.73;1.59;3.98;2.29;2.29;"3830085170896";"KRUH SVJEŽI"
"SVJEŽA JAJA RAZL. VEL. BIO 6/1";"910177101";"NO BRAND";1;"PZ";2.29;2.29;0;0;0;2.29;"3857500131508";"MLIJEČNI PROIZVODI UHT - JAJA"
"SVJEŽA JAJA RAZL. VEL. BIO 6/1";"910177101";"NO BRAND";1;"PZ";2.29;2.29;0;0;0;2.29;"3857500131546";"MLIJEČNI PROIZVODI UHT - JAJA"
"PECIVO HAMBI SA SEZAMOM 2/1PAK 170g";"910177201";"NO BRAND";0.17;"KG";1.09;6.41;0;0;0;1.09;"3858885565674";"KRUH SVJEŽI"
"SENDVIČ GRILL PECIVO 110g";"910177301";"NO BRAND";0.11;"KG";0.39;3.55;0;0;0;0.39;"";"KRUH - SAMOPOSLUŽNI PULT"
"MINI KRAFNA ŠUMSKO VOĆE 25g";"910177401";"NO BRAND";0.025;"KG";0.39;15.6;0;0;0;0.39;"";"KRUH - SAMOPOSLUŽNI PULT"
"KRAFNA TROJNI ČOKO 4kom 300g";"910177501";"NO BRAND";0.3;"KG";3.69;12.3;0;0;0;3.69;"3830085170513";"KRUH - SAMOPOSLUŽNI PULT"
"KRAFNA BOROVNICA 4kom 240g";"910177601";"NO BRAND";0.24;"KG";3.19;13.29;0;0;0;3.19;"3830085170964";"KRUH - SAMOPOSLUŽNI PULT"
"*PANIRANA PEČENA SRDELA";"910177701";"NO BRAND";1;"KG";9.9;9.9;0;0;0;9.9;"";"DELIKATESA - GOTOVA JELA"
"*SIR GOUDA PAPRIKA I ZAČINI 130g";"910177901";"NO BRAND";0.13;"KG";3.19;24.54;2.49;19.15;3.19;3.19;"5902431274546";"DELIKATESA - SIREVI"
"*SIR MIJEŠANI KOZJI I OVČJI 130g";"910178001";"NO BRAND";0.13;"KG";3.99;30.69;0;0;0;3.99;"5902431274720";"DELIKATESA - SIREVI"
"*SIR SA ZELENIM PESTOM 130g";"910178101";"NO BRAND";0.13;"KG";3.69;28.38;2.99;23;3.69;3.69;"5902431274621";"DELIKATESA - SIREVI"
"*SIR OLD AMSTERDAM 130g";"910178201";"NO BRAND";0.13;"KG";3.99;30.69;0;0;0;3.99;"5902431277547";"DELIKATESA - SIREVI"
"GRAH TETOVAC BIJELI 1kg";"910178301";"DELIZIE DAL SOLE";1;"KG";2.99;2.99;0;0;0;2.99;"8017596108234";"POVRĆE KONZERVIRANO/SUHO"
"GRAH BORLOTTI ŠARENI 1kg";"910178401";"DELIZIE DAL SOLE";1;"KG";2.99;2.99;0;0;0;2.99;"8017596108227";"POVRĆE KONZERVIRANO/SUHO"
"KOLAČ BOHEM 400g";"910178501";"NO BRAND";0.42;"KG";5.49;13.07;0;0;0;5.49;"3858894681228";"KOLAČI"
"KOLAČ TIRAMISU 320g";"910178601";"NO BRAND";0.32;"KG";4.79;14.97;0;0;0;4.79;"3858894681242";"KOLAČI"
"KIFLICE S MARMELADOM 300g";"910178701";"NO BRAND";0.3;"KG";3.99;13.3;0;0;0;3.99;"3858894680566";"SLANI PEKARSKI PROIZVODI"
"ŠTAPIĆ S PILETINOM I POVRĆEM 90g";"910180901";"NO BRAND";0.09;"KG";1.09;12.11;0;0;0;1.09;"3858889893322";"KRUH - SAMOPOSLUŽNI PULT"
"CROISSANT S PISTACIJAMA 75g";"910181001";"NO BRAND";0.075;"KG";0.99;13.2;0;0;0;0.99;"";"KRUH - SAMOPOSLUŽNI PULT"
"PECIVO KRUNA CHEESECAKE JAGODA 90g";"910181101";"NO BRAND";0.09;"KG";0.99;11;0;0;0;0.99;"";"KRUH - SAMOPOSLUŽNI PULT"
"*SIR KAČKAVALJ 250g";"910181201";"NO BRAND";0.25;"KG";4.49;17.96;0;0;0;4.49;"4002566002852";"DELIKATESA - SIREVI"
"*KRUMPIR KRIŠKE S VRHNJEM";"910181401";"NO BRAND";1;"KG";5.9;5.9;0;0;0;5.9;"";"DELIKATESA - GOTOVA JELA"
"*PEČENI KRUMPIR S KOŽOM";"910181501";"NO BRAND";1;"KG";4.5;4.5;0;0;0;4.5;"";"DELIKATESA - GOTOVA JELA"
"VINO FRANKOVKA 750 ML";"910181801";"NO BRAND";0.75;"LT";4.39;5.85;0;0;0;4.39;"3859893667091";"VINA"
"VINO FRANKOVKA 750 ML";"910181801";"NO BRAND";0.75;"LT";4.39;5.85;0;0;0;4.39;"3859893667473";"VINA"
"*DIMLJENA KRAČICA";"910181901";"NO BRAND";1;"KG";5.79;5.79;4.9;4.9;5.79;5.79;"";"DELIKATESA - SALAME"
"*KOBASICA ZA KUHANJE S CRV.PAPRIKOM";"910182001";"NO BRAND";1;"KG";13.9;13.9;0;0;0;13.9;"";"DELIKATESA - SALAME"
"DOMAĆA MINI LEPINJA 110g";"910182201";"NO BRAND";0.11;"KG";0.49;4.45;0;0;0;0.49;"3856016907454";"KRUH - SAMOPOSLUŽNI PULT"
"KOKOS U TAM. ČOKOLADI 200G";"910182601";"NO BRAND";0.2;"KG";1.99;9.95;0;0;0;1.99;"4023800321485";"PROIZVODI BOŽIĆ/USKRS"
"ČOKOLADNI SNJEGOVIĆI S NUGATOM 100G";"910183001";"NO BRAND";0.1;"KG";2.39;23.9;1.99;19.9;2.39;2.39;"42135012";"PROIZVODI BOŽIĆ/USKRS"
"ČOKOLADNE SANTE S MARCIPANOM 100G";"910183101";"NO BRAND";0.1;"KG";2.39;23.9;1.99;19.9;2.39;2.39;"42134978";"PROIZVODI BOŽIĆ/USKRS"
"BIFIDUS DRINK 1% M.M. 1kg";"910183301";"LAND";1;"KG";1.49;1.49;0;0;0;1.49;"8017596133922";"JOGURTI I DESERTI"
"BIFIDUS DRINK 1% M.M. 330g";"910183401";"LAND";0.33;"KG";0.75;2.27;0.65;1.97;0.75;0.75;"8017596133939";"JOGURTI I DESERTI"
"COLA ZERO LIMENKA 4x330ml";"910183501";"BLUES";0.33;"LT";0.35;1.06;0;0;0;0.35;"8017596134578";"BEZALKOHOLNA PIĆA"
"COLA ZERO LIMENKA 4x330ml";"910183501";"BLUES";0.33;"LT";0.35;1.06;0;0;0;0.35;"8017596056375";"BEZALKOHOLNA PIĆA"
"PECIVO LIZIKA 180g";"910184401";"NO BRAND";0.18;"KG";0.69;3.83;0;0;0;0.69;"3859890733607";"KRUH - SAMOPOSLUŽNI PULT"
"*KRALJEVSKI SIR KOLUT";"910184501";"NO BRAND";1;"KG";17.9;17.9;0;0;0;17.9;"";"DELIKATESA - SIREVI"
"GRISSINI KUKURUZNI 200g";"910184601";"NO BRAND";0.2;"KG";3.49;17.45;0;0;0;3.49;"8032610380076";"SLANI PEKARSKI PROIZVODI"
"GRISSINI SA SEZAMOM 200g";"910184701";"NO BRAND";0.2;"KG";3.49;17.45;0;0;0;3.49;"8032610380045";"SLANI PEKARSKI PROIZVODI"
"GRISSINI LOW FAT 200g";"910184801";"NO BRAND";0.2;"KG";3.49;17.45;0;0;0;3.49;"8032610380052";"SLANI PEKARSKI PROIZVODI"
"GRISSINI S MASLINAMA 200g";"910184901";"NO BRAND";0.2;"KG";3.49;17.45;0;0;0;3.49;"8032610380038";"SLANI PEKARSKI PROIZVODI"
"GRISSINI INTEGRALNI 200g";"910185001";"NO BRAND";0.2;"KG";3.49;17.45;0;0;0;3.49;"8032610380137";"SLANI PEKARSKI PROIZVODI"
"VENTAGLI RUČNO RAĐENI 200g";"910185101";"NO BRAND";0.2;"KG";5.49;27.45;0;0;0;5.49;"8032610387884";"SLANI PEKARSKI PROIZVODI"
"TELEĆI BURGER (2x125g) 250g";"910185201";"NO BRAND";0.25;"KG";4.39;17.56;0;0;0;4.39;"8718767011314";"MESO TELEĆE"
"ČOK.LIZALICA SANTA 75G (5KOM)";"910185301";"NO BRAND";0.075;"KG";1.99;26.53;1.49;19.87;1.99;1.99;"5902808134688";"PROIZVODI BOŽIĆ/USKRS"
"*PLANINSKA KOBASICA ZA KUHANJE";"910185401";"NO BRAND";1;"KG";8.9;8.9;0;0;0;8.9;"";"DELIKATESA - SALAME"
"*KRANJSKA KOBASICA ZA KUHANJE";"910185501";"NO BRAND";1;"KG";6.4;6.4;0;0;0;6.4;"";"DELIKATESA - SALAME"
"DOMAĆI ZLATNI CRAFT KRUH 350g";"910185601";"NO BRAND";0.35;"KG";1.49;4.26;0;0;0;1.49;"3850135238765";"KRUH - SAMOPOSLUŽNI PULT"
"SUŠENI ATLAN.BAKALAR 400-600g VP";"910185701";"NO BRAND";1;"KG";57.9;57.9;0;0;0;57.9;"";"RIBA MORSKA SUŠENA"
"SUŠENI ATLAN.BAKALAR DJELOVI VP";"910185801";"NO BRAND";1;"KG";57.9;57.9;0;0;0;57.9;"";"RIBA MORSKA SUŠENA"
"TELEĆA JETRA";"910185901";"NO BRAND";1;"KG";14.52;14.52;0;0;0;14.52;"";"IZNUTRICE"
"SUSHI XL KOMPLET 367,5g";"910186001";"NO BRAND";0.367;"KG";9.99;27.22;0;0;0;9.99;"5906259710194";"RIBA SVJEŽA MIJEŠANA"
"SUSHI KOMPLET 199g";"910186101";"NO BRAND";0.199;"KG";5.99;30.1;0;0;0;5.99;"5906259710170";"RIBA SVJEŽA MIJEŠANA"
"*TRAJNA SUHA SALAMA";"910186201";"NO BRAND";1;"KG";17.9;17.9;0;0;0;17.9;"";"DELIKATESA - SALAME"
"ČOK. KUGLICE PUNJENE KREMOM 144g";"910186301";"NO BRAND";0.144;"KG";2.99;20.76;1.99;13.82;2.99;2.99;"8717677073184";"PROIZVODI BOŽIĆ/USKRS"
"MARGARIN 250G";"910186601";"NO BRAND";0.25;"KG";0.89;3.56;0;0;0;0.89;"8017596068378";"MLIJEČNI PROIZ. SVJEŽI - EGAL."
"MARGARIN 500G";"910186701";"NO BRAND";0.5;"KG";1.49;2.98;0.89;1.78;1.49;1.49;"8017596133090";"MLIJEČNI PROIZ. SVJEŽI - EGAL."
"*SIR DŽIUGAS KOLUT 12 MJESECI";"910187001";"NO BRAND";1;"KG";19.9;19.9;0;0;0;19.9;"";"DELIKATESA - SIREVI"
"*PASTIRSKI TVRDI KRAVLJI SIR KOLUT";"910187301";"NO BRAND";1;"KG";18.9;18.9;0;0;0;18.9;"";"DELIKATESA - SIREVI"
"*TLAČENICA";"910187401";"NO BRAND";1;"KG";7.9;7.9;0;0;0;7.9;"";"DELIKATESA - SALAME"
"RIBLJI NAMAZ S BAKALAROM 165 G";"910187801";"ATHENA";0.165;"KG";3.39;20.55;0;0;0;3.39;"8017596135148";"GOTOVA RIBLJA JELA"
"*SIR S ČILIJEM 130g";"910187901";"NO BRAND";0.13;"KG";3.49;26.85;2.59;19.92;3.49;3.49;"5902431277493";"DELIKATESA - SIREVI"
"*KOZJI SIR 130g";"910188001";"NO BRAND";0.13;"KG";3.99;30.69;0;0;0;3.99;"5902431274447";"DELIKATESA - SIREVI"
"*GOUDA SIR S TARTUFIMA 130g";"910188101";"NO BRAND";0.13;"KG";4.99;38.38;0;0;0;4.99;"5902431276809";"DELIKATESA - SIREVI"
"*KOZJI SIR SA ZAČINIMA 130g";"910188201";"NO BRAND";0.13;"KG";4.49;34.54;0;0;0;4.49;"5902431274522";"DELIKATESA - SIREVI"
"KORE ZA MAĐARICU 420G";"910188301";"NO BRAND";0.42;"KG";2.59;6.17;0;0;0;2.59;"5999885927135";"KAKAO/DOD. ZA KOLAČE/PREHRANU"
"KOŠARICE ZA PRINCES KRAFNE 130G";"910188401";"NO BRAND";0.13;"KG";2.59;19.92;0;0;0;2.59;"5999885927012";"KAKAO/DOD. ZA KOLAČE/PREHRANU"
"DJEČJI ŠAMP.LOL JABUKA 750ML";"910188601";"NO BRAND";0.75;"LT";2.39;3.19;0;0;0;2.39;"5998818566625";"BEZALKOHOLNA PIĆA"
".NAMAZ OD BAKALARA 600G";"910188701";"NO BRAND";0.6;"KG";6.29;10.48;0;0;0;6.29;"8017596135155";"GOTOVA RIBLJA JELA"
"*IBERICO SIR RUŽMARINOM 200g";"910188801";"NO BRAND";0.2;"KG";4.99;24.95;0;0;0;4.99;"8436585772797";"DELIKATESA - SIREVI"
"*SIR KRAVLJEG/OVČJEG MLIJEKA 150g";"910188901";"NO BRAND";0.15;"KG";3.99;26.6;0;0;0;3.99;"8445404002441";"DELIKATESA - SIREVI"
"*TVRDI PUNOMASNI KOZJI SIR 150g";"910189001";"NO BRAND";0.15;"KG";3.99;26.6;0;0;0;3.99;"8436585775736";"DELIKATESA - SIREVI"
"*TVRDI PUNOMASNI MIJEŠANI SIR 150g";"910189101";"NO BRAND";0.15;"KG";3.99;26.6;0;0;0;3.99;"8436585774142";"DELIKATESA - SIREVI"
"*TVRDI PUNOMASNI OVČJI SIR 150g";"910189201";"NO BRAND";0.15;"KG";3.99;26.6;0;0;0;3.99;"8436585778782";"DELIKATESA - SIREVI"
"CROISSANT CHOCO NOUGAT 75g";"910189301";"NO BRAND";0.075;"KG";0.69;9.2;0;0;0;0.69;"";"KRUH - SAMOPOSLUŽNI PULT"
"CROISSANT ŠUNKA-SIR 85g";"910189401";"NO BRAND";0.085;"KG";0.85;10;0;0;0;0.85;"";"KRUH - SAMOPOSLUŽNI PULT"
"CIMETOVE ZVJEZDICE S&G 300g";"910189501";"NO BRAND";0.3;"KG";2.89;9.63;0;0;0;2.89;"3830056445206";"SLANI PEKARSKI PROIZVODI"
"ORAH KIFLICE S&G 1000g";"910189601";"NO BRAND";1;"KG";5.49;5.49;0;0;0;5.49;"3830056445190";"SLANI PEKARSKI PROIZVODI"
"KOKOS KOCKE XXL S&G 900g";"910189701";"NO BRAND";0.9;"KG";7.89;8.77;0;0;0;7.89;"3830056445176";"KOLAČI"
"KOKOS ŠNITA S&G 800g";"910189801";"NO BRAND";0.8;"KG";6.19;7.74;0;0;0;6.19;"3830056444896";"KOLAČI"
"MILK ŠNITA S&G 700g";"910190101";"NO BRAND";0.7;"KG";5.99;8.56;0;0;0;5.99;"3830056444889";"KOLAČI"
"SIRUP LIMUN I NARANČA 1L";"910190201";"NO BRAND";1;"LT";2.89;2.89;0;0;0;2.89;"3858893550990";"SIRUPI"
"MUESLI SA GROŽĐ/ORAŠ.VOĆEM 1KG";"910190301";"TRE MULINI";1;"KG";3.39;3.39;0;0;0;3.39;"8017596134073";"DORUČAK - PAHULJICE/NAMAZI/MED"
"MUESLI SA SUHIM VOĆEM 1KG";"910190401";"TRE MULINI";1;"KG";3.39;3.39;0;0;0;3.39;"8017596134080";"DORUČAK - PAHULJICE/NAMAZI/MED"
"DOMAĆI CRAFT KRUH BIJELI KALUP 350g";"910190501";"NO BRAND";0.35;"KG";1.49;4.26;0.99;2.83;1.49;1.49;"3850135200038";"KRUH - SAMOPOSLUŽNI PULT"
"*MOZZAREL.POLUTVRDI SIR MONTEVERDI";"910190701";"NO BRAND";1;"KG";9.9;9.9;0;0;0;9.9;"";"DELIKATESA - SIREVI"
"*ŠUNKA ZA PIZZU";"910190801";"NO BRAND";1;"KG";6.9;6.9;0;0;0;6.9;"";"DELIKATESA - SALAME"
"PRASETINA";"910191101";"NO BRAND";1;"KG";9.99;9.99;0;0;0;9.99;"";"MESO SVINJSKO"
"*TIROLSKA KOBASICA";"910191201";"NO BRAND";1;"KG";8.9;8.9;0;0;0;8.9;"";"DELIKATESA - SALAME"
"*SENDVIČ SALAMA";"910191301";"NO BRAND";1;"KG";15.9;15.9;0;0;0;15.9;"";"DELIKATESA - SALAME"
"*RAVNI KULEN";"910191401";"NO BRAND";1;"KG";16.9;16.9;0;0;0;16.9;"";"DELIKATESA - SALAME"
"*SIR GOUDA AMMERLAND";"910191701";"NO BRAND";1;"KG";6.49;6.49;0;0;0;6.49;"";"DELIKATESA - SIREVI"
"*PIK PUREĆA DIMLJENA ŠUNKA";"910191801";"NO BRAND";1;"KG";17.9;17.9;0;0;0;17.9;"";"DELIKATESA - SALAME"
"*DIMLJENA VRATINA 1/2 VP";"910191901";"NO BRAND";1;"KG";8.9;8.9;0;0;0;12.5;"";"DELIKATESA - SALAME"
"*PEČENI HAMBURGER";"910192001";"NO BRAND";1;"KG";6.99;6.99;0;0;0;6.99;"";"DELIKATESA - SALAME"
"*ČAJNA KOBASICA GOLD";"910192101";"NO BRAND";1;"KG";18.9;18.9;0;0;0;18.9;"";"DELIKATESA - SALAME"
"TOALETNI PAPIR VLAŽNI 60kom";"910193401";"NO BRAND";1;"PZ";0.99;0.99;0;0;0;0.99;"3859890063971";"PAPIRNATI PROIZVODI"
"*ČAJNA KOBASICA";"910193501";"NO BRAND";1;"KG";15.9;15.9;11.9;11.9;15.9;15.9;"";"DELIKATESA - SALAME"
"Set za manikuru";"910193601";"NO BRAND";1;"PZ";2.99;2.99;0;0;0;2.99;"3859893903311";"SELF LIQUIDATING"
"Set za manikuru";"910193601";"NO BRAND";1;"PZ";2.99;2.99;0;0;0;2.99;"8719941045316";"SELF LIQUIDATING"
"MARCIPAN JAJE U ČOKOLADI 100G";"910193701";"NO BRAND";0.1;"KG";1.59;15.9;1.29;12.9;1.29;1.59;"4023800064108";"PROIZVODI BOŽIĆ/USKRS"
"ARANCIN KEKSI 350g";"910193801";"NO BRAND";0.35;"KG";4.79;13.69;0;0;0;4.79;"3830062492850";"SLANI PEKARSKI PROIZVODI"
"ČOKOLADNA JAJA S KOKOSOM 200G";"910193901";"NO BRAND";0.2;"KG";2.59;12.95;1.99;9.95;2.59;2.59;"4023800044643";"PROIZVODI BOŽIĆ/USKRS"
"MARCIPAN JAJA U TAM.ČOKO.200G";"910194001";"NO BRAND";0.2;"KG";2.99;14.95;2.49;12.45;2.49;2.99;"4023800044674";"PROIZVODI BOŽIĆ/USKRS"
"*PANCETA";"910194101";"NO BRAND";1;"KG";11.9;11.9;0;0;0;11.9;"";"DELIKATESA - SALAME"
"COLA ZERO LIMENKA 6x150ml";"910194201";"BLUES";0.9;"LT";1.99;2.21;1.39;1.54;1.59;1.99;"8017596133571";"BEZALKOHOLNA PIĆA"
"COLA LIMEN. 6x150ml";"910194301";"BLUES";0.9;"LT";2.19;2.43;0;0;0;2.19;"8017596133564";"BEZALKOHOLNA PIĆA"
"FILETI ATLANSKOG LOSOSA 500g";"910194401";"NO BRAND";0.5;"KG";10.99;21.98;0;0;0;10.99;"5906259713812";"RIBA SVJEŽA FILETI"
"PITA S KRUMPIROM 150g";"910194501";"NO BRAND";0.15;"KG";1.19;7.93;0;0;0;1.19;"";"KRUH - SAMOPOSLUŽNI PULT"
"*ČVARCI RFS";"910194801";"NO BRAND";1;"KG";19.9;19.9;0;0;0;19.9;"3859894364234";"DELIKATESA - SALAME"
"*ČVARCI PREMIUM 100g";"910194901";"NO BRAND";0.1;"KG";4.49;44.9;0;0;0;4.49;"3859892348588";"DELIKATESA - SALAME"
"*ČVARCI PREMIUM 100g";"910194901";"NO BRAND";0.1;"KG";4.49;44.9;0;0;0;4.49;"3859894364241";"DELIKATESA - SALAME"
"*PARIZER PILETINA PURETINA";"910195001";"NO BRAND";1;"KG";5.9;5.9;0;0;0;5.9;"";"DELIKATESA - SALAME"
"LED KONZUMNI 1kg";"910195101";"NO BRAND";1;"KG";1.69;1.69;0;0;0;1.69;"8717953068521";"SLADOLEDI I DESERTI"
"LED KONZUMNI 1kg";"910195101";"NO BRAND";1;"KG";1.69;1.69;0;0;0;1.69;"8717953068538";"SLADOLEDI I DESERTI"
"*POLUTVRDI SIR DOLINAR";"910195201";"NO BRAND";1;"KG";12.9;12.9;0;0;0;12.9;"";"DELIKATESA - SIREVI"
"*DIMLJENI POLUTVRDI SIR DIMAR";"910195301";"NO BRAND";1;"KG";16.9;16.9;11.5;11.5;12.9;16.9;"";"DELIKATESA - SIREVI"
"GAZIRANO PIČE OD SOKA NARANČE 1,5l";"910195401";"NO BRAND";1.5;"LT";0.69;0.46;0.55;0.37;0.69;0.69;"8009980895172";"BEZALKOHOLNA PIĆA"
".FARMER UHT MLIJEKO 2,8% 1l";"910195501";"NO BRAND";1;"LT";0.7;0.7;0;0;0;0.7;"5998200400179";"MLIJEČNI PROIZVODI UHT - JAJA"
"GAZIRANO PIČE ARANCIATA 4x330ml";"910195901";"BLUES";0.33;"LT";0.45;1.36;0;0;0;0.45;"8017596067210";"BEZALKOHOLNA PIĆA"
"VINO  GRAŠEVINA  BIB 5L";"910196101";"NO BRAND";5;"LT";10.99;2.2;0;0;0;10.99;"3859893667541";"VINA"
"SIR LIVANJSKI 300 G";"910196201";"LAND";0.3;"KG";5.89;19.63;0;0;0;5.89;"8017596135162";"MLIJEČNI PROIZ. SVJEŽI - EGAL."
"SIR LIVANJSKI DIMLJENI 300 G";"910196301";"LAND";0.3;"KG";5.89;19.63;0;0;0;5.89;"8017596135179";"MLIJEČNI PROIZ. SVJEŽI - EGAL."
"SIR TVRDI KOZJI KRAVLJI MIX 400G";"910196401";"LAND";0.4;"KG";8.99;22.48;0;0;0;8.99;"8017596135186";"MLIJEČNI PROIZ. SVJEŽI - EGAL."
"AJVAR LJUTI PREMUIM 290G";"910196601";"IL BRACIERE";0.29;"KG";3.39;11.69;0;0;0;3.39;"8017596135599";"RAJČICA/DODACI"
"AJVAR LJUTI PREMUIM 290G";"910196601";"IL BRACIERE";0.29;"KG";3.39;11.69;0;0;0;3.39;"8017596135605";"RAJČICA/DODACI"
"AJVAR BLAGI PREMIUM 290G";"910196701";"IL BRACIERE";0.29;"KG";3.39;11.69;0;0;0;3.39;"8017596135599";"RAJČICA/DODACI"
"SVJEŽE MLIJEKO ESL 3,2% M.M. 1l";"910196801";"PUTOVANJE KROZ OKUSE";1;"LT";0.99;0.99;0;0;0;0.99;"8017596136046";"MLIJEKO SVJEŽE VRHNJE"
"BURGER ANGUS 4 kom 600g";"910196901";"IL BRACIERE";0.6;"KG";10.99;18.32;0;0;0;10.99;"8017596046505";"ZAMRZNUTA POLUGOTOVA JELA"
"BURGER JUNEĆI 4kom 600G";"910197001";"IL BRACIERE";0.6;"KG";8.99;14.98;0;0;0;8.99;"8017596046512";"ZAMRZNUTA POLUGOTOVA JELA"
"FERRERO TORTA 800g";"910197201";"NO BRAND";0.8;"KG";15.9;19.88;0;0;0;15.9;"3858894681921";"KOLAČI"
"MONTE TORTA 950g";"910197301";"NO BRAND";0.95;"KG";15.9;16.74;0;0;0;15.9;"3858894681907";"KOLAČI"
"ŠTAPIĆI SEZAM 230g";"910197401";"NO BRAND";0.23;"KG";2.99;13;0;0;0;2.99;"3859889360333";"SLANI PEKARSKI PROIZVODI"
".DIMLJENA MINI KOBASICA 440g";"910197501";"IL BRACIERE";0.44;"KG";4.49;10.2;0;0;0;4.49;"8017596134851";"SALAME SVJEŽE - EGALIZIRANE"
".BIJELA MINI KOBASICA 440g";"910197601";"IL BRACIERE";0.44;"KG";4.49;10.2;0;0;0;4.49;"8017596134820";"SALAME SVJEŽE - EGALIZIRANE"
".DEBRECINKA KOBASICA 640g";"910197701";"IL BRACIERE";0.64;"KG";5.39;8.42;0;0;0;5.39;"8017596134837";"SALAME SVJEŽE - EGALIZIRANE"
".DEBRECINKA PIKANTNA KOBASICA 640g";"910197801";"IL BRACIERE";0.64;"KG";5.39;8.42;0;0;0;5.39;"8017596134844";"SALAME SVJEŽE - EGALIZIRANE"
"FLIPS JUMBO 30% KIKIRIKI 200g";"910197901";"MAMBO KIDS";0.2;"KG";0.99;4.95;0;0;0;0.99;"8017596135506";"KEKSI/VAFLI/SNACKS"
"CVJETNI MED 680g _ HRV";"910198001";"PUTOVANJE KROZ OKUSE";0.68;"KG";5.99;8.81;0;0;0;5.99;"8017596135575";"DORUČAK - PAHULJICE/NAMAZI/MED"
"BAGREMOV MED 450g_ HRV";"910198101";"PUTOVANJE KROZ OKUSE";0.45;"KG";5.99;13.31;0;0;0;5.99;"8017596135582";"DORUČAK - PAHULJICE/NAMAZI/MED"
"SOMUN 4kom 600g";"910198201";"IL BRACIERE";0.6;"KG";2.49;4.15;0;0;0;2.49;"8017596046499";"ZAMRZNUTA POLUGOTOVA JELA"
"MANTIJE SA SIROM 700g";"910198301";"EAT EASY AND TASTY";0.7;"KG";4.99;7.13;0;0;0;4.99;"8017596046475";"ZAMRZNUTA POLUGOTOVA JELA"
"MANTIJE SA SIROM I ŠPINATOM 700g";"910198401";"EAT EASY AND TASTY";0.7;"KG";4.99;7.13;0;0;0;4.99;"8017596046482";"ZAMRZNUTA POLUGOTOVA JELA"
"BUREK SIR ŠPINAT READY TO EAT 400g";"910198501";"EAT EASY AND TASTY";0.4;"KG";2.99;7.48;0;0;0;2.99;"8017596046468";"ZAMRZNUTA POLUGOTOVA JELA"
"TORTA BELGIJSKA 800g";"910198601";"DOLCIANDO";0.8;"KG";9.99;12.49;0;0;0;9.99;"8017596044846";"SLADOLEDI I DESERTI"
"TORTA RED VELVET 800g";"910198701";"DOLCIANDO";0.8;"KG";9.99;12.49;0;0;0;9.99;"8017596044877";"SLADOLEDI I DESERTI"
"TORTA MEDENA 800g";"910198801";"DOLCIANDO";0.8;"KG";9.99;12.49;0;0;0;9.99;"8017596044860";"SLADOLEDI I DESERTI"
"TORTA KREM BOROVNICA 800g";"910198901";"DOLCIANDO";0.8;"KG";9.99;12.49;0;0;0;9.99;"8017596044853";"SLADOLEDI I DESERTI"
"FRANCUSKA SALATA 500g";"910199401";"SUNNY NATURE";0.5;"KG";2.89;5.78;0;0;0;2.89;"8017596135766";"GOTOVA RIBLJA JELA"
"ČOKO KOCKE XXL S&G 660g";"910199501";"NO BRAND";0.66;"KG";5.99;9.08;0;0;0;5.99;"3830056444933";"KOLAČI"
"KARLA CRAFT KRUH 400g";"910199601";"NO BRAND";0.4;"KG";1.69;4.23;0;0;0;1.69;"3858894930302";"KRUH - SAMOPOSLUŽNI PULT"
"MEDITERANSKI CRAFT KRUH 400g";"910199701";"NO BRAND";0.4;"KG";1.79;4.48;0;0;0;1.79;"3858894930289";"KRUH - SAMOPOSLUŽNI PULT"
".FRANCUSKA SALATA 1kg";"910199801";"SUNNY NATURE";1;"KG";4.39;4.39;0;0;0;4.39;"8017596135759";"GOTOVA RIBLJA JELA"
"SLADOLED SANDWICH TRIO 130ml-70g";"910199901";"NO BRAND";0.07;"KG";0.79;11.29;0;0;0;0.79;"5310079004423";"SLADOLEDI I DESERTI"
"ŠTAPIĆ CREAM BANANA 72ml-48g";"910200001";"NO BRAND";0.048;"KG";0.49;10.21;0;0;0;0.49;"5310079000951";"SLADOLEDI I DESERTI"
"ŠTAPIĆ GOLD PEANUT BUTTER 105ml-72g";"910200101";"NO BRAND";0.072;"KG";1.09;15.14;0;0;0;1.09;"5310079004416";"SLADOLEDI I DESERTI"
"ŠTAPIĆ GOLD PANAMA 105ml-72g";"910200201";"NO BRAND";0.072;"KG";1.09;15.14;0;0;0;1.09;"5310079004409";"SLADOLEDI I DESERTI"
"PILEĆI FILE OD PRSA MAP 500g";"910200301";"NO BRAND";0.5;"KG";4.19;8.38;0;0;0;4.19;"5995664004264";"MESO PERADI"
"PILEĆI ZABATAK MAP 700g";"910200401";"NO BRAND";0.7;"KG";3.19;4.56;0;0;0;3.19;"5995664004134";"MESO PERADI"
"PILEĆI BATAK I ZABATAK MAP 700g";"910200501";"NO BRAND";0.7;"KG";3.09;4.41;0;0;0;3.09;"5995664004189";"MESO PERADI"
"PILEĆA KRILA BEZ VRŠKA MAP 700g";"910200601";"NO BRAND";0.7;"KG";3.39;4.84;0;0;0;3.39;"5995664004233";"MESO PERADI"
"PILEĆI BATAK MAP 700g";"910200701";"NO BRAND";0.7;"KG";3.19;4.56;0;0;0;3.19;"5995664004165";"MESO PERADI"
"FILE PIL. BATKA I ZABATKA MAP 500g";"910200801";"NO BRAND";0.5;"KG";3.59;7.18;0;0;0;3.59;"5995664004219";"MESO PERADI"
"ŠTAPIĆI PUNJENI S KIKIRIKIJEM 150g";"910200901";"MAMBO KIDS";0.15;"KG";0.89;5.93;0;0;0;0.89;"8017596135476";"KEKSI/VAFLI/SNACKS"
"ROLNICE S MAKOM 1kg";"910201401";"DOLCIANDO";1;"KG";2.99;2.99;0;0;0;2.99;"8017596044815";"ZAMRZNUTA POLUGOTOVA JELA"
"ROLNICE S MARELICOM 1kg";"910201501";"DOLCIANDO";1;"KG";2.99;2.99;0;0;0;2.99;"8017596044822";"ZAMRZNUTA POLUGOTOVA JELA"
"ROLNICE S VIŠNJAMA 1kg";"910201601";"DOLCIANDO";1;"KG";2.99;2.99;0;0;0;2.99;"8017596044839";"ZAMRZNUTA POLUGOTOVA JELA"
"CROISSANT KAKAO KREMA 1kg";"910201701";"DOLCIANDO";1;"KG";2.99;2.99;0;0;0;2.99;"8017596044808";"ZAMRZNUTA POLUGOTOVA JELA"
"MASLINOVO EKSTRADJEVIČANSKO ULJE 1l";"910201801";"NO BRAND";1;"LT";8.49;8.49;0;0;0;8.49;"8008460900566";"ULJE"
"SNACK OD KRUMPIRA OKUS CHICKEN 150g";"910201901";"MAMBO KIDS";0.15;"KG";1.59;10.6;0;0;0;1.59;"8017596135513";"KEKSI/VAFLI/SNACKS"
"ČOKOLADNI PRUTIĆ 35g";"910202001";"DOLCIANDO";0.35;"KG";0.49;1.4;0;0;0;0.49;"24103480";"ČOKOLADE"
"KEKSI S KOKOSOM 600g";"910202101";"NO BRAND";0.6;"KG";3.99;6.65;0;0;0;3.99;"4006529048130";"KEKSI/VAFLI/SNACKS"
"MEDENJACI MLIJEČNA ČOKOLADA 400g";"910202201";"DOLCIANDO";0.4;"KG";2.89;7.23;0;0;0;2.89;"8017596135469";"KEKSI/VAFLI/SNACKS"
"MEDENJACI SWEET TIME 700g";"910202301";"NO BRAND";0.7;"KG";5.99;8.56;0;0;0;5.99;"5900881737901";"KEKSI/VAFLI/SNACKS"
"MEDENJACI S VOČNIM PUNJENJEM 200g";"910202401";"DOLCIANDO";0.2;"KG";1.49;7.45;0;0;0;1.49;"8017596135452";"KEKSI/VAFLI/SNACKS"
"MIJEŠANI KEKSI 200g";"910202501";"DOLCIANDO";0.2;"KG";2.69;13.45;0;0;0;2.69;"8017596135445";"KEKSI/VAFLI/SNACKS"
"KRUH 5 ŽITARICA 500g";"910202601";"NO BRAND";0.5;"KG";1.49;2.98;0;0;0;1.49;"3858884920276";"KRUH - SAMOPOSLUŽNI PULT"
"KRUH BEZ KVASCA HELJDIN MIJEŠ.400g";"910202701";"NO BRAND";0.4;"KG";1.49;3.73;0;0;0;1.49;"";"KRUH - SAMOPOSLUŽNI PULT"
"KRAFNA MARELICA 60g";"910202801";"NO BRAND";0.06;"KG";0.55;9.17;0;0;0;0.55;"";"KRUH - SAMOPOSLUŽNI PULT"
"DONUT DUBAI DIVA 77g";"910202901";"NO BRAND";0.077;"KG";1.29;16.75;0;0;0;1.29;"8590325512293";"KRUH - SAMOPOSLUŽNI PULT"
