NAZIV PROIZVODA,ŠIFRA PROIZVODA,MARKA PROIZVODA,NETO KOLIČINA,JEDINICA MJERE,MALOPRODAJNA CIJENA,CIJENA ZA JEDINICU MJERE,MPC ZA VRIJEME POSEBNOG OBLIKA PRODAJE,NAJNIŽA CIJENA U POSLJEDNIH 30 DANA,SIDRENA CIJENA NA 2.5.2025,BARKOD,KATEGORIJA PROIZVODA
MLIJEKO ZAMJ APTAMIL KIND 2+ 800g,90486551,APTAMIL,0.80 kg,ko,19.99,24.99,,19.99,19.99,4056631003794,HRANA
BAGUETTE S BIJELIM LUKOM 160g MEGGLE,90553560,MEGGLE,0.16 kg,ko,1.59,9.94,,1.59,1.59,4034900032416,HRANA
SPECIAL DOG EX. SP ADULT MEDIUM 3kg,90572781,SPECIAL DOG EXCELLENCE,3.00 kg,ko,15.99,5.33,,11.19,15.99,8009470060028,PROIZVODI ZA KUĆANSTVO
OM VIOLETA SUMMER CHILL 4L,90572925,VIOLETA,4.00 l,ko,4.49,1.12,,4.49,4.49,3870128028593,SREDSTVA ZA ČIŠĆENJE
BLAZINICE JEAN CAROL BIO CARE 60/1,90599171,JEAN CAROL,60.02 ko,ko,1.45,0.02,,1.45,1.45,4000576391607,TOALETNE POTREPŠTINE
FLIPS POM BAR ORIGINAL 100g,90600055,POM BAR,0.10 kg,ko,1.85,18.5,,1.85,1.85,3856021305238,HRANA
PROTEIN PRO WHEY COOKIES&CREAM 908g,90623636,POLLEO,0.91 kg,ko,28.99,31.93,,28.99,28.99,3856026800868,HRANA
ČOKOLADA FINESSE MLIJEČNA 220g,90648591,FINESSE,0.22 kg,ko,3.39,15.41,,3.39,3.39,3838900807620,HRANA
ČOKOLADA ČOKSA CREAMY MILK 68g,90657774,ČOKSA,0.07 kg,ko,1.39,20.44,,1.39,1.39,3850102001613,HRANA
DET ARIEL COMPLETE 36 TAB,90662817,ARIEL,36.00 ko,ko,15,0.42,,15,15,8001090804228,SREDSTVA ZA ČIŠĆENJE
MLIJEKO U PRAHU MIN 26% 1kg DUKAT,90663064,DUKAT,1.00 kg,kg,8.49,8.49,,8.49,8.49,3850355001248,HRANA
ZP PAROD COMPL PROT HERBAL 75ML,90668820,PARODONTAX,0.08 l,ko,6.99,93.2,,6.99,6.99,5054563949127,KOZMETIKA
KREMA COREGA MAX HOLD FRESH 40G,90669058,COREGA,40.00 ko,ko,,0.16,6.53,7.69,7.69,5054563129390,KOZMETIKA
DET DR.BECKMANN LISTIĆI UNIVERSAL 20/1,90673036,BECKMANN,20.00 ko,ko,7.99,0.4,,4.99,7.99,4008455584713,SREDSTVA ZA ČIŠĆENJE
NAMAZ LINO LADA MILK 350g PODRAVKA,90674753,LINO LADA,0.35 kg,ko,3.99,11.4,,3.29,3.99,3850104267109,HRANA
FLIPS HRUSTY  PIZZA 30g,90692821,HRUSTY,0.03 kg,ko,0.35,11.67,,0.35,0.35,3850334009371,HRANA
ŠUM. TABL. MULTI VITAM. 80g ACTIVE ZONE,90698012,ACTIVE ZONE,0.08 kg,ko,1.15,14.38,,1.15,1.15,3850334036162,HRANA
MJEŠ ZAČ ZA PILETINU Q&E 40g KOTANYI,90698141,KOTANYI,0.04 kg,ko,0.98,24.5,,0.98,0.98,9001414237212,HRANA
PUREĆE MLJEVENO MESO 700g,90699043,VINDON,0.70 kg,ko,4.49,6.41,,4.49,4.49,3850339413081,HRANA
KUPKA FA MYSTIC MOMENTS 750ML,90699232,FA,0.75 l,ko,,5.32,3.99,3.99,3.99,5201143729024,KOZMETIKA
UMAK BBQ MED 345g,90703036,PODRAVKA,0.35 kg,ko,2.99,8.67,,1.99,2.99,3856020264413,HRANA
ROLL ON BIOBAZA BOTANIKA WILD M50ml,90704118,BIOBAZA,0.05 l,ko,,56.8,2.84,3.79,3.79,3856020912338,KOZMETIKA
PIVO OŽUJSKO 6PACK 0.33L LIM ,90705056,OŽUJSKO,1.98 l,ko,5.65,2.85,,5.65,5.65,3850131006061,PIĆE
SRED FROSCH UNIV MALINA OCAT 500ml,90706433,FROSCH,0.50 l,ko,3.05,6.1,,2.13,3.05,4009175953698,SREDSTVA ZA ČIŠĆENJE
KEKS BOOM BOX MINI KOKOS BAD ČOK  20g,90706584,BOOM BOX,0.02 kg,ko,0.49,24.5,,0.49,0.49,3856027800539,HRANA
KAŠICA HIPP BIO KRUŠ/ŠLJIV/ŽIT 160g,90706638,HIPP,0.16 kg,ko,1.75,10.94,,1.75,1.75,4062300441422,HRANA
KAŠA ZOB MALINA PROT 4X60g ACTIVE LIFE,90707220,ACTIVE LIFE,0.24 kg,ko,3.49,14.54,,3.49,3.49,3858891295053,HRANA
PLJUKANCI SVJEŽI 250g AURELIA,90707550,AURELIA,0.25 kg,ko,2.19,8.76,,2.12,2.19,3859893533341,HRANA
CIKLA PASTER KIS 520/670g TOMAŠEC,90731463,OPG TOMAŠEC,0.52 kg,ko,3.59,6.9,,3.59,3.59,3850334073877,HRANA
JOGURT VOĆNI K PLUS JAG VAN 1L,90731601,K PLUS,1.00 l,ko,2.05,2.05,,2.05,2.05,3850334071552,HRANA
OSVJ SHAKE ORMAR CEDAR&VANILLA 3/1,90732165,SHAKE,3.00 ko,ko,1.99,0.66,,1.49,1.49,3859890779384,SREDSTVA ZA ČIŠĆENJE
PAPRIČICE CRV PUNJ SIR 290/180g GURMANO,90732571,GURMANO,0.18 kg,ko,4.99,27.72,,4.99,4.99,5319991599574,HRANA
MLINCI BATAT PIR 200g KOVAČIĆ,90759795,OPG IVAN KOVAČIĆ,0.20 kg,ko,2.89,14.45,,2.89,2.89,3858893350064,HRANA
JOGURT GRČKI VILIKIS 900g VINDIJA,90759914,VILIKIS,0.90 kg,ko,3.79,4.21,,3.79,3.79,3850108039184,HRANA
KREMA DJ BECUTAN HIDRATANTNA 200 ml,90764671,BECUTAN,0.20 kg,ko,,20.55,4.11,5.15,5.15,5310001230944,KOZMETIKA
SARDINA U BILJNOM ULJU 95/67 g MIRELA ,90765260,MIRELA,0.07 kg,ko,1.39,20.75,,1.39,1.39,3856020267643,HRANA
PLATA SLAVONKA 1150 g PLATA DO VRATA,90774876,PLATA DO VRATA,1.15 kg,ko,32.5,28.26,,29.5,29.5,3859894230133,HRANA
REGENERATOR SYOSS INTEN PLEX 250 ml,90775211,SYOSS,0.25 l,ko,6.49,25.96,,6.49,6.49,9000101731545,KOZMETIKA
KREMA NIVEA REPAIR&CARE SENSI 400 ml,90775320,NIVEA,0.40 l,ko,,19.58,7.83,8.39,11.19,9005800380551,KOZMETIKA
VODA CEDEVITA VIT LIME-LIM.TRAVA 0.5 L,90779984,CEDEVITA,0.50 l,ko,1.15,2.3,,1.15,1.15,3850322016848,PIĆE
KREKER RIŽA JOGURT BIO ZONE 100 g,90779997,BIO ZONE,0.10 kg,ko,1.45,14.5,,1.45,1.45,3838900837474,HRANA
NAPITAK SHOT PRE WORKOUT TROP 0.80 ml,90789675,PROSERIES,0.80 l,ko,1.99,2.49,,1.99,1.99,3856026808260,HRANA
GAZ PIĆE SPEZI 0.33 L,90804828,SPEZI,0.33 l,ko,1.15,3.48,,1.15,1.15,3877000209972,PIĆE
PITA SA SIROM 550 g MINUTE,90810847,MINUTE,0.55 kg,ko,,4.75,2.61,3.49,3.49,3850334415059,HRANA
LAN MLJEVENI BIO ZONE 400 g,90824900,BIO ZONE,0.40 kg,ko,1.65,4.13,,1.29,1.65,3838900841044,HRANA
ČAJ KAMILICA LAVANDA 20/1 40g ETS,90824961,ENGLISH TEA SHOP,0.04 kg,ko,4.49,112.25,,4.49,4.49,0680275039419,HRANA
TJESTENINA LINGUINI 500 g FREE ZONE,90825451,FREE ZONE,0.50 kg,ko,,3.98,1.99,2.49,2.49,3838900841587,HRANA
CINK 15MG 90TAB NUTRIGOLD,90825834,NUTRIGOLD,90.01 ko,ko,8.49,0.09,,8.49,8.49,3858891976358,HRANA
GAZ PIĆE LEMON SODA MOJITO 0.33 L,90826334,CRODO,0.33 l,ko,1.29,3.91,,1.29,1.29,8000845065457,PIĆE
ZAKUSKA BLAGA 300 g GURMANO,90849986,GURMANO,0.30 kg,ko,5.99,19.97,,5.99,5.99,5319991599550,HRANA
DEO PLAYBOY W GOLDEN ERA 150 ml,90850944,PLAYBOY,0.15 l,ko,3.99,26.6,,3.99,3.99,5050456007486,KOZMETIKA
SIR SVJ POLUMASNI 500g Z'BREGOV,02390821,Z BREGOV,0.50 kg,ko,2.49,4.98,,2.49,2.49,3850108058352,HRANA
MLIJEČNI NAMAZ VAJKREM 150g BELJE,02390959,BELJE,0.15 kg,ko,1.85,12.33,,1.85,1.85,3856015328076,HRANA
SV VRAT BK  ,02400045,,1.00 kg,kg,5.49,5.49,,4.99,5.49,3850139523492,HRANA
SV BUT SK U KOŽI DAL OBR ,02400212,PIK VRBOVEC,1.00 kg,kg,6.05,6.05,,6.05,6.05,3850139523010,HRANA
PIL BATAK I ZABATAK OBIT PAK VINDIJA,02430045,CEKIN,1.00 kg,kg,5.49,5.49,,4.49,5.49,3850159110559,HRANA
PIL PRSA KOKA RFZ VINDIJA,02433963,CEKIN,1.00 kg,kg,5.99,5.99,,5.99,5.99,3850159110139,HRANA
PILEĆA KRILA POD  VINDIJA,02434195,CEKIN,1.00 kg,kg,6.29,6.29,,6.29,6.29,3850159110269,HRANA
RAKIJA VILJAMOVKA 0.5L PERKOVIĆ,03070083,MDM PERKOVIĆ,0.50 l,ko,17.05,34.1,,17.05,17.05,3859890376170,PIĆE
OCAT JABUČNI BARRIQUE 0.5L MAUTNER,03120050,MAUTNER MARK,0.50 l,ko,4.49,8.98,,4.49,4.49,9011900138343,HRANA
PIVO OŽUJSKO 0.33L LIM ZAG PIV,03130430,OŽUJSKO,0.33 l,ko,1.07,3.24,,1.07,1.07,3850131006047,PIĆE
KAŠICA HIPP ML LN BANANA 190g,03140043,HIPP,0.19 kg,ko,1.69,8.9,,1.69,1.69,9062300133025,HRANA
SOK BIOTTA MRKVA 500ML PRETTI,03150009,BIOTTA,0.50 l,ko,3.99,7.98,,3.99,3.99,7618500940134,PIĆE
GAZ PIĆE SCHWEPPES TONIC WAT 1.5L,03162958,SCHWEPPES,1.50 l,ko,2.25,1.5,,2.25,2.25,5449000044679,PIĆE
GAZ PIĆE SPRITE 2L,03167377,SPRITE,2.00 l,ko,2.29,1.15,,2.29,2.29,5449000335036,PIĆE
VODA IZVORSKA STUDENA 1.5L,03180006,STUDENA,1.50 l,ko,0.89,0.59,,0.89,0.89,3856022300157,PIĆE
CROISSANT 7DAYS MIDI KAKAO 60g,04027851,CHIPITA,0.06 kg,ko,0.86,14.33,,0.65,0.86,7622201388409,HRANA
TIJES BARILLA PENNE RIG INTEG 500g,04052280,BARILLA,0.50 kg,ko,3.09,6.18,,3.09,3.09,8076809529433,HRANA
RIŽA DUGO ZRNO 500g 4X125g KRESTO,04061012,KRESTO,0.50 kg,ko,1.99,3.98,,1.99,1.99,3858882290432,HRANA
KAVA GLORIA MLJEVENA 250g VR FRANCK,04070352,GLORIA,0.25 kg,ko,5.09,20.36,,4.09,5.09,3858881084872,HRANA
CAPP FR VAN CREAM 200g VR,04070430,FRANCK,0.20 kg,ko,3.29,16.45,,3.29,3.29,3858881084469,HRANA
ČAJ EARL GREY 20X2g AHMAD,04090594,AHMAD,0.04 kg,ko,3.45,86.25,,3.45,3.45,054881005517,HRANA
ANIS CIJELI  41G BOČ KOTANYI,04100641,KOTANYI,0.04 kg,ko,3.19,77.8,,2.95,3.19,9001414040010,HRANA
MED BAGREM HR 900g APIDAL,04133004,APIDAL,0.90 kg,ko,15.39,17.1,,15.39,15.39,3859889410090,HRANA
KAŠ INST ČOKOLEŠNIK 200g,04170569,ČOKOLEŠNIK,0.20 kg,ko,,10.95,2.19,2.59,2.59,3850104245053,HRANA
PUDING KOMADIĆI ČOKOL 54g DR OETKER,04181688,DR OETKER,0.05 kg,ko,0.99,18.33,,0.99,0.99,5997381345491,HRANA
ŠLAGFIX 8g PODRAVKA,04183392,DOLCELA,0.01 kg,ko,0.39,48.75,,0.39,0.39,3850104219481,HRANA
VRUĆA ČOKOLADA CIOBAR X5  125g,04211374,CIOBAR,0.13 kg,ko,3.09,24.72,,3.09,3.09,5997381334686,HRANA
NAMAZ NUTELLA T15 200g ČAŠA,04230999,NUTELLA,0.20 kg,ko,3.59,17.95,,3.39,3.39,80135463,HRANA
RUČNIK VIOLETA XXL 2/1 3SL,05081015,VIOLETA,2.00 ko,ko,,1.15,2.29,3.18,3.18,3859892288136,PROIZVODI ZA KUĆANSTVO
SPUŽVA PURACT ISPIR 2/1 3943,05350096,VILEDA,2.00 ko,ko,3.05,1.53,,3.05,3.05,4023103083943,PROIZVODI ZA KUĆANSTVO
ŠAMPON H&S 400ml PUNOĆA,06520522,HEAD&SHOULDE,0.40 l,ko,6.69,16.73,,3.29,6.69,4084500610668,KOZMETIKA
GEL TUŠ PALM COCO 250ml,06521320,PALMOLIVE,0.25 l,ko,2.99,11.96,,1.49,2.99,8714789732923,KOZMETIKA
GEL TUŠ ULJE NIVEA DIAMOND 250ml,06592653,NIVEA,0.25 l,ko,2.99,11.96,,1.89,2.99,9005800222868,KOZMETIKA
VL MARAMICE BECUTAN 72/1,06600292,BECUTAN,71.99 ko,ko,,0.02,1.57,2.25,2.25,5310001910730,TOALETNE POTREPŠTINE
CERESIT STOP VLAZI AP+TAB 450g,08030674,CERESIT,1.00 ko,ko,18.49,18.49,,18.49,18.49,5997272386954,SREDSTVA ZA ČIŠĆENJE
POSLAST MUNCHY MIX 50 KOM TRIXIE,90043010,TRIXIE,0.45 kg,ko,5.35,11.89,,5.35,5.35,4011905026091,PROIZVODI ZA KUĆANSTVO
KREMA EVELINE EXTRA SOFT OSJ KOŽA 200ML,90045031,EVELINE,0.20 l,ko,,12.15,2.43,3.25,3.25,5907609328748,KOZMETIKA
MASLINE CRNE OTKOŠ OLICOOP 450G,90051677,OLICOOP,0.23 kg,ko,3.99,17.58,,3.99,3.99,8410522004813,HRANA
PAHULJ LINO CRUNCH DUO VR PODR 500g,90059729,LINO,0.50 kg,ko,4.99,9.98,,4.99,4.99,3850104263514,HRANA
NEKTAR NARANČA YIPPY 0.33L PET,90060453,YIPPY,0.33 l,ko,1.39,4.21,,1.25,1.25,9008700141949,PIĆE
SARDINA BILJ ULJE S LIM AM 75.6G,90079243,ADRIA MARE,0.08 kg,ko,1.09,14.42,,1.09,1.09,3850334019486,HRANA
KAJMAK PRESIDENT 250g DUKAT,90083678,PRESIDENT,0.25 kg,ko,,13.96,3.49,3.49,3.99,8606002110895,HRANA
JEGER DOMAĆI E 300g VP MM MESNA IND,90091309,MEDVEN,0.30 kg,ko,3.49,11.63,,3.49,3.49,3859892811372,HRANA
SOK BOROVNICA 1L BRIK FRUCTAL    ,90104226,FRUCTAL,1.00 l,ko,2.49,2.49,,1.87,1.87,3838945509046,PIĆE
NAMAZ HUMMUS CLASSIC 100G SANA,90148353,SANA,0.10 kg,ko,1.59,15.9,,1.59,1.59,3859892873028,HRANA
KAJMAK PRESIDENT 100G DUKAT,90153021,PRESIDENT,0.10 kg,ko,2.59,25.9,,2.59,2.59,8606002112684,HRANA
KAŠ LINO  JAB BAN 190G,90184174,LINO,0.19 kg,ko,1.59,8.37,,1.59,1.59,3850104280092,HRANA
BOMB PJENASTI PINK&WHITE 60G BEBETO,90210652,BEBETO,0.06 kg,ko,0.89,14.83,,0.86,0.86,8690146101284,HRANA
SRED SANYTOL ČIŠĆ DEZ KUHINJE 500ML,90243630,SANYTOL,0.50 l,ko,3.45,6.9,,3.45,3.45,3045206392006,SREDSTVA ZA ČIŠĆENJE
PAPAR CRNI ZRNO VREĆICA VEGETA MAESTRO 15 g,90282181,VEGETA MAESTRO,0.02 kg,ko,1.49,99.33,,0.89,1.49,3850104294419,HRANA
VODA FUNKC JANA VIT LIMUN 1.5L,90286672,JANA,1.50 l,ko,1.79,1.19,,1.59,1.59,3858890873085,PIĆE
ANANAS KOCKA EUROCOMPANY 150g,90286928,EUROCOMPANY,0.15 kg,ko,2.59,17.26,,2.59,2.59,3872084010896,HRANA
LIKER NARANČA PAŠKO 0.5L,90298177,PAŠKO LIKERI,0.50 l,ko,12.05,24.1,,12.05,12.05,3859891911431,PIĆE
KEKS SPEKULAS 200g KOESTLIN,90138643,SPEKULAS,0.20 kg,ko,2.19,10.95,,2.19,2.19,3856014117022,HRANA
TIJESTO REZANCI HELJDA ZP 400g,90156733,ZLATO POLJE,0.40 kg,ko,2.69,6.73,,1.59,1.59,3838700014655,HRANA
CAPP GLORIA CLASSIC 200g,90205343,GLORIA,0.20 kg,ko,2.79,13.95,,2.29,2.29,3858881087804,HRANA
GOURMET GOLD MM RIBA ŠPINAT 85g,01641890,GOURMET,0.09 kg,ko,0.89,10.47,,0.69,0.89,7613036365284,PROIZVODI ZA KUĆANSTVO
BUDDY MP DIVLJAČ 1250g,01645050,BUDDY,1.25 kg,ko,1.89,1.51,,1.49,1.89,3850334018090,PROIZVODI ZA KUĆANSTVO
HRENOVKE WUDY KLASIK 1000g AIA,02044205,WUDY,1.00 kg,ko,2.69,2.69,,2.69,2.69,8008110037369,HRANA
SIR POLUTV GOUDA 250g ZDENKA,02055620,ZDENKA,0.25 kg,ko,4.19,16.76,,4.19,4.19,3858888590512,HRANA
ZUBATAC SVJEŽI  FIORITAL,02191488,,1.00 kg,kg,33.55,33.55,,20.12,33.55,93856024301711,HRANA
JOGURT 3.2% 180g ČAŠA DUKAT,02334069,DUKAT,0.18 kg,ko,0.44,2.44,,0.44,0.44,3850354001133,HRANA
POMMES FRITES 1000g LEDO,02360042,LEDO,1.00 kg,ko,3.99,3.99,,3.39,3.99,3850116677477,HRANA
PIVO TOMISLAV 0.5L POV AMB ZG PIV,03130375,TOMISLAV,0.50 l,ko,1.29,2.58,,1.29,1.29,38501715,PIĆE
PIVO PAN MEGA 2L PET,03130643,PAN,2.00 l,ko,3.45,1.73,,3.45,3.45,3858887580415,PIĆE
VODA MINERAL JANA 0.75L STAKLO,03185114,JANA,0.75 l,ko,1.39,1.85,,1.39,1.39,3858884601373,PIĆE
ULJE MASLINOVO EXTRA DJ 0.5L MONIN,03210062,MONINI,0.50 l,ko,7.99,15.98,,7.99,7.99,80053828,HRANA
SVJ TIJESTO ZA PIZZU MINUTE 400g,04020475,MINUTE,0.40 kg,ko,1.55,3.88,,1.55,1.55,3850334279484,HRANA
CAPP ANAMARIA VAN 200g VR,04072024,ANAMARIA,0.20 kg,ko,2.49,12.45,,2.19,2.49,3858881770669,HRANA
ŠEĆER SMEĐI DARK MUSCOV 500g BILLING,04120034,BILLINGTON,0.50 kg,ko,3.29,6.58,,3.29,3.29,5010651001313,HRANA
MUESLI VITALIS HRS MED 600g DR OETKE,04172525,VITALIS,0.60 kg,ko,5.89,9.82,,5.89,5.89,4000521661304,HRANA
KAŠ INST GRISOLINO 200g,04174522,LINO,0.20 kg,ko,2.59,12.95,,1.99,1.99,3850104230035,HRANA
BOMBONJERA BAJADERA 200g KRAŠ,04251156,BAJADERA,0.20 kg,ko,7.99,39.95,,5.99,7.99,3850102230044,HRANA
DESERT RAFFAELO 150g T15,04270548,FERRERO,0.15 kg,ko,3.99,26.6,,3.99,3.99,8000500023976,HRANA
SJAJILO FINISH S&D REGULAR 400ML,08011905,FINISH ADW,0.40 l,ko,4.11,10.28,,4.11,4.11,5999109581938,SREDSTVA ZA ČIŠĆENJE
KAŠ HIPP OBROK ŠPAG BOLOG 250g,90036609,HIPP,0.25 kg,ko,2.79,11.16,,2.79,2.79,4062300255050,HRANA
INSTANT NES CL LIM NESTLE 200g,90036869,NESCAFE,0.20 kg,ko,9.99,49.95,,6.49,9.99,7891000255025,HRANA
PJENA BRIJ MAN MAX SENSITIVE 300ml,90051026,MAN MAX,0.30 l,ko,1.59,5.3,,1.59,1.59,3850334333605,KOZMETIKA
MLIJEKO ZAMJ HIPP 2 BIO 600g,90054342,HIPP,0.60 kg,ko,11.99,19.98,,11.99,11.99,4062300355422,HRANA
DN ULOŠCI CAREFREE FRESH 76/1,90057887,CAREFREE,75.99 ko,ko,,0.04,2.99,3.79,3.79,3574660464429,TOALETNE POTREPŠTINE
SOL SOLJENKA 450g PVC SOLANA PAG,90068784,SOLANA PAG,0.45 kg,ko,1.45,3.22,,1.45,1.45,3859888155831,HRANA
KEKS BREAKFAST CER/CRANBERRY 160g,90080750,BREAKFAST,0.16 kg,ko,,9.31,1.49,1.49,1.89,3856014113604,HRANA
BLAZINICE LOLETE 120/1,90083991,LOLETE,120.05 ko,ko,2.25,0.02,,2.25,2.25,3858881101036,TOALETNE POTREPŠTINE
PRŠUT DALMATIKO 80g NAR,90087584,DALMATIKO,0.08 kg,ko,2.99,37.38,,2.99,2.99,3858889493331,HRANA
SV VRAT SK U MEDITERANSKOJ MARINADI KONZUM,90097239,KONZUM,1.00 ko,ko,7.83,7.83,,5.48,7.83,,HRANA
BRIJAČ WILKINSON BEAUTY DUPLO VREČICA 5/1,90128151,WILKINSON,5.00 ko,ko,2.69,0.54,,2.69,2.69,4027800518838,KOZMETIKA
RIŽA K PLUS INTEGRALNA 1kg KUT,90141477,K PLUS,1.00 kg,ko,2.65,2.65,,2.65,2.65,3850334406897,HRANA
SIR NAM ABC 100g KULEN,90146696,ABC,0.10 kg,ko,1.35,13.5,,1.05,1.05,3856015324214,HRANA
POSLASTICA CAT YUMS JETRA 40g VK,90146905,VITAKRAFT,0.04 kg,ko,2.65,66.25,,2.65,2.65,4008239588982,PROIZVODI ZA KUĆANSTVO
PRELJEV CRVENI DOLCELA 3X13G,90168396,DOLCELA,0.04 kg,ko,2.25,57.69,,2.25,2.25,3850104275692,HRANA
MASLINE MIJEŠ ODKOŠT BOSILJAK I LIMUN 150g,90187369,GAEA,0.15 kg,ko,4.59,30.6,,4.59,4.59,5201671802480,HRANA
SET DENIM DUOPACK GOLD GEL+DEO,90189734,DENIM BRAND,1.00 ko,ko,5,5,,5,5,8008970040363,KOZMETIKA
KREMA NIVEA CARE HRANJIVA 200ML,90213320,NIVEA,0.20 l,ko,8.39,41.95,,6.29,8.39,42269830,KOZMETIKA
SIR K PLUS POLUTV TILZIT 300G,90219558,K PLUS,0.30 kg,ko,3.58,11.93,,3.58,3.58,3850334571052,HRANA
MARIN SVINJSKA REBRA(VAKM),90222299,PIK VRBOVEC,1.00 kg,kg,,6.29,6.29,5.52,5.52,3850139437942,HRANA
KAŠA HELJDA 500g BIO ZONE,90225661,BIO ZONE,0.50 kg,ko,2.99,5.98,,2.99,2.99,3838900841174,HRANA
ŠKARPINA KONZUM,90298419,,1.00 kg,kg,28.49,28.49,,17.08,28.49,,HRANA
INDIJSKI ORAH SLANI 100g NATURA,90301929,NATURA,0.10 kg,ko,3.39,33.9,,2.37,3.39,3859892798802,HRANA
JUN SL I LEĐA SK BB MARTINJAK  MHF,90308784,,1.00 kg,kg,10.99,10.99,,10.99,10.99,3859893702402,HRANA
LEDENI ČAJ BRESKVA 1.5L FUZETEA,90311883,FUZETEA,1.50 l,ko,1.75,1.17,,1.75,1.75,5449000239280,PIĆE
JAKOBOVA KAPICA CIJELA,90356695,MEDUZA,1.00 kg,kg,17.59,17.59,,10.55,17.59,,HRANA
SRDELA SVJ ŽUVELA,90360211,,1.00 kg,kg,2.39,2.39,,1.43,2.39,,HRANA
MLIJEKO OLEA SPF15 200ml,90360460,OLEA,0.20 l,ko,5.19,25.95,,5.19,5.19,3850334153722,KOZMETIKA
ZP COLG TOTAL ORIGINAL 100ml,90363679,COLGATE,0.10 l,ko,3.79,37.9,,2.65,3.79,8718951210394,KOZMETIKA
SIR TRAPIST U KORI 400g,90365079,ZDENKA,0.40 kg,ko,6.69,16.73,,6.69,6.69,3858888597559,HRANA
PROTEIN MIX VEDRINI 150g,90377897,VEDRINI,0.15 kg,ko,2.49,16.58,,2.29,2.29,3858889332296,HRANA
VANILIJA BOURBON 1 ŠTAPIĆ KOTANYI,90377913,KOTANYI,0.00 kg,ko,5.97,2985,,3.58,5.97,9001414030004,HRANA
FLIPS BOBI RINGS VRHNJE I LUK 70g,90422815,BOBI,0.07 kg,ko,0.95,13.57,,0.95,0.95,3858891590721,HRANA
VINO REFOŠK KOPER 0.75l,90425178,VINA KOPER,0.75 l,ko,8.29,11.05,,8.29,8.29,3830000700146,PIĆE
ARF WC LEMON POWER 700ml,90468157,ARF,0.70 l,ko,2.69,3.84,,1.99,2.69,3850105175045,SREDSTVA ZA ČIŠĆENJE
BOSILJAK SVJEŽI ZB BIO,90035600,KORA,0.13 kg,ko,,9.52,1.19,1.09,1.69,3856028677741,HRANA
DESERT TWIX 50g,90063465,MARS,0.05 kg,ko,1.09,21.8,,0.87,1.09,5900951313592,HRANA
BAKALAR SUSENI VAKUMIRANI 600-800g NOTO,90076032,NOTO,1.00 kg,kg,50.99,50.99,,42.99,50.99,,HRANA
KREMA LOREAL REVIT LASER NOĆ 50ML,90082980,LOREAL,0.05 l,ko,20.49,409.8,,19.99,20.49,3600523550708,KOZMETIKA
LUK LJUTIKA 250 grama,90083047,KORA,0.25 kg,ko,1.29,5.16,,1.29,1.29,3856028687887,HRANA
DEO KREMA LIDERA 50ml     ,90104959,LEK,0.05 l,ko,2,40,,2,2,3838980810121,KOZMETIKA
NEKTAR FRUC PREM CRNI RIB BRIK 0.20l,90129832,FRUCTAL,0.20 l,ko,0.89,4.45,,0.69,0.89,3838945028622,PIĆE
UMAK SOJA KIKKOMAN 0.5L,90155296,KIKKOMAN,0.50 l,ko,,8.42,4.21,6.49,6.49,8715035110502,HRANA
DŽEM TREŠNJA PRIMA FRUTTA 240G,90157650,MENZ&GASSER,0.24 kg,ko,3.32,13.83,,3.32,3.32,8008660095024,HRANA
LESKOVAČKI ĆEVAPČIĆI 480G PANVITA,90160729,AVE,0.48 kg,ko,6.49,13.52,,4.54,6.49,3831020345966,HRANA
TJEST.RIBANA KAŠA MRKVA KPLUS 400G,90166209,K PLUS,0.35 kg,ko,1.33,3.8,,1.19,1.33,3850334410511,HRANA
KEKS CHOC &CHOC MILKA 150G,90179554,MILKA,0.15 kg,ko,3.39,22.6,,2.37,3.39,7622210413147,HRANA
ŠUNKA PUREĆA DELIKATES 3800G,90204985,GAVRILOVIĆ,1.00 kg,kg,11.49,11.49,,11.49,11.49,3858890205855,HRANA
ČOKOL MERCI KAVA I VRHNJE 100G,90229162,MERCI,0.10 kg,ko,2.79,27.9,,2.79,2.79,4014400914269,HRANA
KEKS CHOCO COOKIES ORIGINAL 200G,90240490,KOESTLIN,0.20 kg,ko,2.55,12.75,,2.55,2.55,3856014120084,HRANA
JOGURT ČVRSTI 3.2% MM 180G VERONIKA,90267798,VERONIKA,0.18 kg,ko,0.44,2.44,,0.44,0.44,3859889622042,HRANA
REKORD MAGIČNA KRPA 4/1,90268609,REKORD TIM,4.00 ko,ko,3.75,0.94,,3.75,3.75,3858882681391,PROIZVODI ZA KUĆANSTVO
DEO DOVE W GO FRESH PEAR&ALOE VERA 150ml,90281856,DOVE,0.15 l,ko,3,20,,3,3,8720181291760,KOZMETIKA
DESERT MARS 51g,90297802,MARS,0.05 kg,ko,1.09,21.37,,0.87,1.09,5900951311321,HRANA
ČOKOLADA MILKA TRIOLADE 280g,90298223,MILKA,0.28 kg,ko,6.79,24.25,,3.99,3.99,7622210702623,HRANA
ODRESCI POVRĆE ŽITO ZAM 400g,90299197,ŽITO,0.40 kg,ko,3.39,8.48,,3.39,3.39,3856020262020,HRANA
VINO BIJELO TOKAJI FURMINT 0.75L,90302900,CORVUS,0.75 l,ko,5.75,7.67,,5.75,5.75,5999880514446,PIĆE
DEO DOVE INVISIBLE CARE 150ml,90310913,DOVE,0.15 l,ko,,26.73,4.01,5.35,5.35,8720181291562,KOZMETIKA
ŠUNKA MANDOLINA 340g,90326067,GAVRILOVIĆ,0.34 kg,ko,6.39,18.79,,6.39,6.39,3858890209679,HRANA
ČAJ BAKIN MIJEŠANI 50g  PODRAVKA,90339354,PODRAVKA,0.05 kg,ko,2.49,49.8,,2.49,2.49,3856020220655,HRANA
TOLSTOLOBIK FILET PP ORAHOVICA,90342626,,1.00 kg,kg,9.29,9.29,,3.59,9.29,3858889830679,HRANA
WC NET CRYSTAL PINK FLOWERS 750ml,90354338,WC NET,0.75 l,ko,3.45,4.6,,1.59,3.45,8003650011954,SREDSTVA ZA ČIŠĆENJE
JUNEĆI OBRESCI ZA OTPIS,90360426,,1.00 kg,kg,0.02,0.02,,0.02,0.02,,HRANA
MIX NES CL 2U1 8g,90364103,NESCAFE,0.01 kg,ko,0.35,43.75,,0.35,0.35,59945345,HRANA
ŠUNKA U OVITKU 350g GAVRILOVIĆ,90408339,GAVRILOVIĆ,0.35 kg,ko,4.79,13.69,,4.79,4.79,3858892721292,HRANA
BADEM PRŽENI 125g VREĆ NUTLINE,90423477,NUTLINE,0.13 kg,ko,3.19,25.52,,3.19,3.19,5941445676212,HRANA
SIR I VRHNJE K PLUS 1kg,90453956,K PLUS,1.00 kg,kg,4.91,4.91,,4.91,4.91,3850334342065,HRANA
VINO TAYBERRY 0.75L GROŠEK,90468423,GROŠEK,0.75 l,ko,,8.79,6.59,8.09,8.09,3859893708114,PIĆE
PIĆE NEG HAPPY DAY FAMILY JAGODA 1L,90484563,HAPPY DAY,1.00 l,ko,2.29,2.29,,2.29,2.29,9008700181785,PIĆE
GEL TUŠ L'ANGELICA NEUTRAL 500ml,90486450,L ANGELICA,0.50 l,ko,3.25,6.5,,1.99,3.25,8017331077450,KOZMETIKA
SIR MEKI BRIE REZ 150g ILE DE FRANCE,90487110,ILE DE FRANCE,0.15 kg,ko,3.79,25.27,,3.79,3.79,3090291119373,HRANA
KAVA MUST LUNGO NS 10/1 50g,90494633,MUST,0.05 kg,ko,3.15,63,,3.15,3.15,8056370761050,HRANA
KEKS FINESSE CHOCO COOKIES 250g,90553350,FINESSE,0.25 kg,ko,1.59,6.36,,1.59,1.59,3850334393784,HRANA
ČAJ DETOX ORGANIC 30.6g YOGI TEA,90568284,YOGI TEA,0.03 kg,ko,3.69,120.59,,3.69,3.69,4012824402492,HRANA
ŠUNKA PUR PEČ PIK 100g NAR MA,90570277,PIK,0.10 kg,ko,2.59,25.9,,1.89,2.59,3850139522150,HRANA
RIŽA PER RISOTTI 1kg RISO GALLO,90571846,RISO GALLO,1.00 kg,ko,4.79,4.79,,3.83,4.79,8001420001716,HRANA
DŽEM ŠIPAK 670g PODRAVKA,90572860,PODRAVKA,0.67 kg,ko,3.99,5.96,,2.89,3.99,3856020252243,HRANA
FELIX FANTASTIC GIJ RIBA 12X85g,90582750,FELIX,1.02 kg,ko,6.79,6.66,,6.79,6.79,7613287495419,PROIZVODI ZA KUĆANSTVO
DEO OLD SPICE NIGHT PANTHER 150ml,90598674,OLD SPICE,0.15 l,ko,,24.93,3.74,4.99,4.99,8006540377321,KOZMETIKA
ZAČIN ZA KRUMPIR WEST. STY 80g KOTANYI,90599445,KOTANYI,0.08 kg,ko,2.69,33.63,,1.34,2.69,9001414206898,HRANA
ČIPS OD LEĆE CHIO SOUR CREAM 65g,90600041,CHIO,0.07 kg,ko,1.99,30.62,,1.99,1.99,3856021305290,HRANA
FLIPS KROKI KROKET TROKI KETC 110g,90600052,KROKI KROKET,0.11 kg,ko,1.49,13.55,,1.49,1.49,3856021305252,HRANA
SPREJ NIV SUN PR&DRY TOU F30 200ml,90607865,NIVEA,0.20 l,ko,18.39,91.95,,18.39,18.39,4005900695802,KOZMETIKA
PROLJETNE ROLADE S POVRĆEM 900g,90617781,TSINGTAO,0.90 kg,ko,6.63,7.37,,6.63,6.63,8717677864249,HRANA
KOMPOT BRESKVA POL 235g DEL MONTE,90623149,DEL MONTE,0.24 kg,ko,1.99,8.47,,1.59,1.99,024000181521,HRANA
ČOKO CIJELI LJEŠNJ KANDIT 220g FLOW PACK,90642979,KANDIT,0.22 kg,ko,4.89,22.23,,4.89,4.89,3856024803946,HRANA
PIVO 5TH ELEMENT LELA 0.5L LIM ,90667922,5TH ELEMENT,0.50 l,ko,2.05,4.1,,1.45,2.05,3859893750342,PIĆE
NAPITAK ACTIVE+ VIT C LIMUN 0.33L LIM,90607829,ACTIVE+,0.33 l,ko,1.45,4.39,,1.45,1.45,5304000311995,PIĆE
RIŽA DUGO ZRNO 900g RISO GALLO,90670110,RISO GALLO,0.90 kg,ko,3.79,4.21,,3.03,3.79,8001420011401,HRANA
TOMI MM 400G TELETINA,90673255,TOMI,0.40 kg,ko,1.75,4.38,,1.75,1.75,4003024157084,PROIZVODI ZA KUĆANSTVO
KITTY SM GOVEDINA 2KG,90674233,KITTY,2.00 kg,ko,3.45,1.73,,2.49,3.45,3850334010919,PROIZVODI ZA KUĆANSTVO
VL MARAMICE PAMPERS SENS 5X52,90674544,PAMPERS,260.42 ko,ko,7.85,0.03,,7.85,7.85,8001841062792,TOALETNE POTREPŠTINE
LOSOS TOPLO DIMLJ 100g FWY,90674729,FOOD WITH YOU,0.10 kg,ko,5.31,53.1,,5.31,5.31,5711865709872,HRANA
DET WEISSER RIESE COL TRIOCAPS 18TAB,90687720,WEISSER RIESE,18.00 ko,ko,10.99,0.61,,10.99,10.99,4015200032443,SREDSTVA ZA ČIŠĆENJE
KEKS KETO KOK IND ORAŠ BG 50g FRANK&OLI,90674917,FRANK&OLI,0.05 kg,ko,,23.8,1.19,1.59,1.59,5900316552239,HRANA
OM LENOR DIAMOND LF 925ml,90703507,LENOR,0.93 l,ko,3,3.24,,3,3,8006540909379,SREDSTVA ZA ČIŠĆENJE
SERUM LOREAL REVI CLIN UV FLUID 50ml,90703642,LOREAL,0.05 l,ko,10,200,,10,10,3600524104719,KOZMETIKA
SLAD OREO KORNET BALL TOP 100ml,90703688,OREO,0.10 l,ko,2,20,,2,2,8606018616138,HRANA
PIVO ESTRELLA GALICIA ESP 0.33L NB,90703964,ESTRELLA,0.33 l,ko,1.55,4.7,,1.55,1.55,8412598005831,PIĆE
CEDEVITA ANANAS I MANGO 200g,90706428,CEDEVITA,0.20 kg,ko,2.09,10.45,,2.09,2.09,3850322016244,PIĆE
KAVA LEDENA STARBUCKS SKINNY 220ml,90707304,STARBUCKS,0.22 l,ko,2.59,11.78,,1.99,2.59,5711953100345,HRANA
TUBA VOĆ HIPPIS BIO SM BR/J/B 120g,90707924,HIPP,0.12 kg,ko,1.75,14.58,,1.39,1.75,4062300437036,HRANA
KAŠA ZOB KVIN/LJEŠ/ČOK 65g ROW SPIRIT,90707888,ROW SPIRIT,0.07 kg,ko,1.19,18.31,,1.19,1.19,3859894094117,HRANA
MLIJEKO SVJ 1.5% M.M. 1L KRAVICA,90713387,KRAVICA KRALJICA,1.00 l,ko,1.35,1.35,,1.35,1.35,3856015328908,HRANA
MUESLI CRUNCH RISE&SMILE  ČOKO 350g,90725324,RISE&SMILE,0.35 kg,ko,2.79,7.97,,2.79,2.79,3850334045225,HRANA
JAJA BIO 6/1 VITA-E,90713114,OPG CVETIĆ,6.00 ko,ko,2.65,0.44,,2.65,2.65,3857500131508,HRANA
BOM EUCALYPTUS MENT TVRDI 200g ROSHEN,90729990,ROSHEN,0.20 kg,ko,1.69,8.45,,1.69,1.69,4823077612695,HRANA
SOL S POV I ZAČ ZA RIBU 200g SOLANA,90731126,PAŠKA SOL,0.20 kg,ko,1.59,7.95,,1.59,1.59,3859888155596,HRANA
TURŠIJA 460/980g TOMAŠEC,90731466,OPG TOMAŠEC,0.46 kg,ko,5.09,11.07,,5.09,5.09,3850334073891,HRANA
NEKTAR VINDI DISNEY JAB+CA+VIT 0.2L,90731582,VINDI,0.20 l,ko,0.65,3.25,,0.65,0.65,3850108078183,PIĆE
SET DOVE W DEEPLY DEO+SG,90732399,DOVE,1.00 ko,ko,7,7,,7,7,8720182660527,KOZMETIKA
FLIPS POM BAR ORIGINAL 20g,90733244,POM BAR,0.02 kg,ko,0.49,24.5,,0.49,0.49,3856021305740,HRANA
ČAJ BRONHO 20/1 24G PODRAVKA,90733258,PODRAVKA,0.02 kg,ko,2.85,118.75,,2.85,2.85,3856020252960,HRANA
MUESLI CRUNCHY FOREST FRUIT 300g,90739716,DOBRA,0.30 kg,ko,3.99,13.3,,3.99,3.99,8595054907969,HRANA
INSTANT KAVA RITUAL CLASSIC 200 g,90749852,RITUAL,0.20 kg,ko,,27.95,5.59,6.99,6.99,3850334083050,HRANA
KREMA ZA RUKE GARNIER REPAIR 75 ml,90749877,GARNIER,0.08 l,ko,3.09,41.2,,3.09,3.09,3600542561440,KOZMETIKA
CORNFLAKES KAKAO 375 g NATUREL,90750383,NATUREL,0.38 kg,ko,3.99,10.64,,3.99,3.99,3858889366734,HRANA
KAVA CLAS ESP NS 30/1 171g LAVAZZA,90750513,LAVAZZA,0.17 kg,ko,15.79,92.34,,15.79,15.79,8000070053861,HRANA
TP DAISY 180L 2SL 8/1,90754754,DAISY,8.00 ko,ko,1.99,0.25,,1.99,1.99,3850334104175,TOALETNE POTREPŠTINE
LEDENI ČAJ JANA LIMUN 1.5L ,90755061,JANA,1.50 l,ko,,0.97,1.45,1.45,1.69,3856028500223,PIĆE
KREMA NIVEA BABY SOFT 200 ml,90759670,NIVEA,0.20 l,ko,,20.7,4.14,5.19,5.19,9005800369495,KOZMETIKA
ČIPS LAY'S ORIGANO 130g,90765355,PEPSICO,0.13 kg,ko,2.19,16.85,,1.89,1.89,8606017378594,HRANA
ZAGORSKI ŠTRUKLJI 540 g MINUTE,90770507,MINUTE,0.54 kg,ko,4.99,9.23,,4.99,4.99,3850334019509,HRANA
DESERT LEO MILKA 48 g,90770600,MILKA,0.05 kg,ko,1.29,26.87,,1.29,1.29,7622202041495,HRANA
ŠAMPON H&S CLASSIC CLEAN 500 ml,90771201,HEAD&SHOULDE,0.50 l,ko,8.29,16.58,,8.29,8.29,8700216157933,KOZMETIKA
GEL TUŠ NIVEA FRUITY DELIGHT 250 ml,90775371,NIVEA,0.25 l,ko,2.99,11.96,,1.89,2.99,9005800378824,KOZMETIKA
BRIJAČ JEDNOK EDGEMAX M 5/1,90775610,EDGEMAX,5.00 ko,ko,1.99,0.4,,1.99,1.99,6976876400005,KOZMETIKA
MUESLI GRANOLA RISE&SMILE CHOCO 300 g,90775613,RISE&SMILE,0.30 kg,ko,1.89,6.3,,1.59,1.89,3850334110176,HRANA
KAŠ INST ČOKOLINO 600 g,90779733,LINO,0.60 kg,ko,3.99,6.65,,3.99,3.99,3850104263453,HRANA
DET VESH COLOR 42/1,90784978,VESH,42.02 ko,ko,,0.24,9.99,9.99,17.89,3870128037359,SREDSTVA ZA ČIŠĆENJE
DET VIO EXTRA STRONG LEMON 84/1,90784991,VIO,84.03 ko,ko,24.99,0.3,,24.99,24.99,3870128036918,SREDSTVA ZA ČIŠĆENJE
OM ORNEL ALLURE 800 ml,90785331,ORNEL,0.80 l,ko,2.95,3.69,,1.99,2.95,3850105186553,SREDSTVA ZA ČIŠĆENJE
ODST NEUGOD MIRISA DR BECKM 500ml,90785404,BECKMANN,0.50 l,ko,3,6,,3,3,4008455605814,SREDSTVA ZA ČIŠĆENJE
GAZ PIĆE ORANGE SODA 0.33 L LIM,90780000,CRODO,0.33 l,ko,1.29,3.91,,1.29,1.29,80145424,PIĆE
SLAD MAGNUM BIJELA ČOK KOKOS 4X90 ml,90795240,MAGNUM,0.36 l,ko,6.99,19.43,,6.99,6.99,8711327540293,HRANA
SALV PALOMA BOŽIĆ FOX 33X33 20/1,90800091,PALOMA,20.00 ko,ko,2.29,0.11,,2.29,2.29,3838952035521,PROIZVODI ZA KUĆANSTVO
BOMBONI TIC TAC NARANČA 54g,90800647,FERRERO,0.05 kg,ko,2.15,39.81,,2.15,2.15,8000500164976,HRANA
PIVO O'HARA HAZY IPA 0.44 L,90810106,O'HARA,0.44 l,ko,3.75,8.52,,3.75,3.75,5391500602500,PIĆE
SLAD LEDO PLAZMA CHEESECAKE 100 ml,90764895,LEDO,0.10 l,ko,2,20,,2,2,3850116064260,HRANA
DESERT CORNY SLANA KARAMELA 40g,90764972,SCHWARTAU,0.04 kg,ko,1.19,29.75,,1.19,1.19,4011800587314,HRANA
LIKER TERANINO BOGATI 0.7L,90769677,BOGATI,0.70 l,ko,20.05,28.64,,20.05,20.05,3859889132503,PIĆE
KIS VRH BEZ LAKT 18% 180g FREE ZONE,90770070,FREE ZONE,0.18 kg,ko,0.69,3.83,,0.69,0.69,3850334101464,HRANA
SIR TVRDI OVČJI 230g ŠPIN,90770460,ŠPIN,0.23 kg,ko,9.99,43.43,,9.99,9.99,3858881196520,HRANA
VODICA MICELAR MIXA NIACIN 400 ml,90771326,MIXA,0.40 l,ko,5,12.5,,5,5,3600551111551,KOZMETIKA
GEL TUŠ DOVE W ANT STRESS XXL 400 ml,90775072,DOVE,0.40 l,ko,5,12.5,,5,5,8720181459979,KOZMETIKA
BOJA CAMELEO 10.1 SREBR PLAVA 40 ml,90775464,CAMELEO,0.04 l,ko,1.35,33.75,,1.35,1.35,5906750890203,KOZMETIKA
BRIJAČ WILKINSON ESSEN 3 HYBRID 4/1,90775547,WILKINSON,1.00 ko,ko,7.09,7.09,,7.09,7.09,4027800513505,KOZMETIKA
SOK JAB CRVENO VOĆE 100% MINUTE 1L,90775624,MINUTE,1.00 l,ko,2.99,2.99,,2.99,2.99,3838900836132,PIĆE
MLIJEKO L'ANGELICA SPF50 200 ml,90784754,L ANGELICA,0.20 l,ko,12.99,64.95,,12.99,12.99,8017331098059,KOZMETIKA
LOPATICA PRODUŽENA DRŠKA CS,90799919,CLEAN SMART,1.00 ko,ko,3.49,3.49,,2.44,3.49,3859893097355,PROIZVODI ZA KUĆANSTVO
SALV PALOMA BOŽIĆ DEERS 33X33 20/1,90800087,PALOMA,20.00 ko,ko,2.29,0.11,,2.29,2.29,3838952035576,PROIZVODI ZA KUĆANSTVO
SALV PALOMA BOŽIĆ RED GREEN 33X33 20/1,90800094,PALOMA,20.00 ko,ko,2.29,0.11,,2.29,2.29,3838952035613,PROIZVODI ZA KUĆANSTVO
PAŠTETA TUNA JUNIOR 100g GAVRILOVIĆ,90810790,GAVRILOVIĆ,0.10 kg,ko,1.99,19.9,,1.99,1.99,3858892726440,HRANA
RAKIJA MAJSTORSKA TRAVA RICA 1 L,90824779,NIMCO,1.00 l,ko,15.05,15.05,,15.05,15.05,4000152003689,PIĆE
GUARANA BIO 200 g NUTRIGOLD,90825138,NUTRIGOLD,0.20 kg,ko,13.99,69.95,,13.99,13.99,3858891970660,HRANA
PRŠUT DRNIŠKI NAR 80 g DIM MES,90825810,DIM MES,0.08 kg,ko,3.15,39.38,,3.15,3.15,3859894303394,HRANA
DET FAKS GEL COLOR SC 2.7 L=54PR,90825987,FAKS,2.70 l,ko,16.99,6.29,,16.99,16.99,3850105187482,SREDSTVA ZA ČIŠĆENJE
BOMBON GUM BRESKVA 80 g SOUR PATCH,90835024,SOUR PATCH,0.18 kg,ko,1.09,6.06,,0.79,1.09,7622202207143,HRANA
LOSION TIJ NIVEA KOKOS 400 ml,90850386,NIVEA,0.40 l,ko,,17.8,7.12,10.19,10.19,9005800378626,KOZMETIKA
KANJAC SVJ RZ KOMIŽA,90850897,KORALJ,1.00 kg,kg,5.99,5.99,,3.59,5.99,,HRANA
TUNJ SLOVA KOMADIĆI S ULJ 145g/104 g,90869916,SLOVA,0.11 kg,ko,1.39,12.41,,1.39,1.39,3850334171092,HRANA
MLIJEČNI NAPITAK JAG 500 ml ZOTT,90879809,ZOTT,1.00 ko,ko,4.99,4.99,,4.99,4.99,4014500521121,HRANA
GEL TUŠ L'ANG NUTRI 500 ml,90885498,L ANGELICA,0.50 l,ko,3.25,6.5,,3.25,3.25,8017331102824,KOZMETIKA
REG SYOSS DEEP CARE 250 ml,90885530,SYOSS,0.25 l,ko,6.49,25.96,,6.49,6.49,9000101743784,KOZMETIKA
ČIPS DORITOS SWEET CHILLI 160 g,90886999,DORITOS,0.16 kg,ko,2.75,17.19,,2.75,2.75,8606033741365,HRANA
DESERT PLAZMA STIKSI ČOKOLADA 30 g,90887174,BAMBI,0.03 kg,ko,0.79,26.33,,0.79,0.79,8600043038903,HRANA
LOSION ZORINA MAST SPF50 200 ml,90887231,ZORINA MAST,0.20 l,ko,17.99,89.95,,17.99,17.99,3859894008961,KOZMETIKA
SRED SANYTOL VIŠENA 500ml+KUPA 500ml,90889696,SANYTOL,1.00 l,ko,4.99,4.99,,4.99,4.99,8411660333001,SREDSTVA ZA ČIŠĆENJE
PAHULJICE ZOB SITNE 500g BOOM BOX,90720162,BOOM BOX,0.50 kg,ko,1.99,3.98,,1.99,1.99,3856027800201,HRANA
ČETKICA EL ORAL B IO3 BLACK,90729740,ORAL B,1.00 ko,ko,,89.99,89.99,119.99,119.99,8006540731277,KOZMETIKA
SIRUP VIŠNJA 470ml KAPRONCA,90730891,KAPRONCA,0.47 l,ko,6.89,14.66,,6.89,6.89,3859892896379,PIĆE
BOMBON HARIBO STARMIX 100g,90731293,HARIBO,0.10 kg,ko,1.59,15.9,,1.19,1.59,9002975726481,HRANA
MILKSHAKE JAGODA MINUTE 230ml,90731513,MINUTE,0.23 l,ko,1.49,6.48,,1.49,1.49,3838900829356,HRANA
CHEESEBURGER PERAD 300g ABBELEN,90734803,ABBELEN,0.30 kg,ko,2.89,9.63,,2.89,2.89,4132500003192,HRANA
CAPP ANAMARIA CLASSIC BEZ LAKTOZE 200 g,90734927,ANAMARIA,0.20 kg,ko,3.29,16.45,,3.29,3.29,3858881776029,HRANA
NAMAZ NUTELLA 750 g,90750092,NUTELLA,0.75 kg,ko,7.89,10.52,,5.79,7.39,80176800,HRANA
PANIRANI FILET ZABATKA 700 g CEKIN,90764862,CEKIN,0.70 kg,ko,6.49,9.28,,6.49,6.49,3850159141195,HRANA
SLAD GELATISSIMO MINI ČOKO 12x28 ml,90765021,GELATISSIMO,0.23 l,ko,3.99,17.52,,3.99,3.99,3850334106506,HRANA
SLAD GELATISSIMO VANILIJA 4x110 ml,90765062,GELATISSIMO,0.28 l,ko,2.99,10.67,,2.99,2.99,3850334112408,HRANA
PAŠTETA TUNA PREMIUM 95 g DELAMARIS,90765363,DELAMARIS,0.10 kg,ko,2.19,23.05,,2.19,2.19,3838929551030,HRANA
MLIJEKO UHT BEZ LAKT 1.5% 1L FREE Z,90770092,FREE ZONE,1.00 l,ko,1.39,1.39,,1.39,1.39,3850334111111,HRANA
VAFL LOACKER TORTINA ORGINAL 126 g,90770222,LOACKER,0.13 kg,ko,4.39,34.84,,4.39,4.39,8000380106028,HRANA
SERUM TIJ NIVEA LUMINOUS 100 ml,90775304,NIVEA,0.10 l,ko,,136.3,13.63,19.49,19.49,5900017091006,KOZMETIKA
LOSION L'ANGELICA PAMUK/MOŠUS 250 ml,90775400,L ANGELICA,0.25 l,ko,4.25,17,,4.25,4.25,8017331082966,KOZMETIKA
ULJE OLIVAL SPF50 200 ml,90785098,OLIVAL,0.20 l,ko,15.99,79.95,,15.99,15.99,3858892695012,KOZMETIKA
TARTUFI CRNI SJECKANI 40 g ZIGANTE,90795081,ZIGANTE,0.04 kg,ko,15.99,399.75,,15.99,15.99,3858891983158,HRANA
ZP PLIDENTA SUPERFR 125 ml+ ČETKICA,90795175,PLIDENTA,1.00 ko,ko,2.69,2.69,,2.69,2.69,3856007912054,KOZMETIKA
MIX NES CL 3U1 10+2 GRATIS 186g,90804804,NESCAFE,0.16 kg,ko,2.99,19.29,,2.29,2.99,8445291261143,HRANA
ĐUMBIR BIO 20 g KOTANYI,90825581,KOTANYI,0.02 kg,ko,1.49,74.5,,1.49,1.49,9001414019122,HRANA
SET AFR DEO150+SG250,90826236,AXE,1.00 ko,ko,6,6,,6,6,8720182854902,KOZMETIKA
ČVARCI 200 g PIVAC,90819846,PIVAC,0.20 kg,ko,4.75,23.75,,3.56,3.56,3858881615809,HRANA
MUESLI GRAN FUN&FIT ČOKO/BANANA 250g,90819920,FUN&FIT,0.25 kg,ko,2.99,11.96,,2.99,2.99,8606015858555,HRANA
SALATA MIJEŠANA 650G/360 g VITAMINKA,90850230,VITAMINKA,0.36 kg,ko,3.19,8.86,,3.19,3.19,3870545000431,HRANA
HRENOVKA TELEĆA K PLUS 280 g,90864763,K PLUS,0.28 kg,ko,4.49,16.04,,2.99,4.49,3850334433152,HRANA
RAKIJA TRAVARICA MARASKA 1 L,90874930,MARASKA,1.00 l,ko,12.49,12.49,,12.49,12.49,3850158302108,PIĆE
JOG YOSHAKE LEMON CHEES 300 g DUKAT,90879848,DUKAT,1.00 ko,ko,1.69,1.69,,1.69,1.69,3850354019084,HRANA
CHOCO CHIPS SPEC M SALT CARAMEL 100g,90879994,SPECIAL MOMENTS,0.10 kg,ko,2.99,29.9,,2.09,2.99,3850334434265,HRANA
ČOKOLADA TAMNA 70% 100 g VALOR,90880106,VALOR,0.10 kg,ko,2.99,29.9,,1.99,2.99,8410109050509,HRANA
ZP PARODONT GUM MINT 75 ml,90885016,PARODONTAX,0.08 l,ko,6.99,93.2,,6.99,6.99,5054563206299,KOZMETIKA
STICK DOVE Ž PEAR ALOE 50 ml,90885183,DOVE,0.05 l,ko,,80.2,4.01,5.35,5.35,59099628,KOZMETIKA
GEL TUŠ PALM NAT MACAD 500 ml,90885378,PALMOLIVE,0.50 l,ko,5.09,10.18,,5.09,5.09,8714789939797,KOZMETIKA
DEO BOROTALCO UNIQUE 150 ml,90885476,BOROTALCO,0.15 l,ko,3.99,26.6,,1.99,3.99,8002410043570,KOZMETIKA
MOZZARELLA PERLINE 150 g GALBANI,90885871,GALBANI,0.15 kg,ko,2.79,18.6,,2.79,2.79,8595021608363,HRANA
ROLL ON MELEM SPEEDMASTER 50 ml,90886067,MELEM,0.05 l,ko,3.99,79.8,,3.19,3.99,3856007912429,KOZMETIKA
FLIPS CLIPSY SIR/KEC/CHILI PAP 150 g,90887012,PEPSICO,0.15 kg,ko,,10.6,1.59,1.99,1.99,8606033741464,HRANA
NAPITAK POWERADE M. BLAST ZERO 0.5L,90887084,POWERADE,0.50 l,ko,1.65,3.3,,1.45,1.45,5449000158987,PIĆE
FLIPS POM BAR ORIGINAL XXL 150 g,90887156,POM BAR,0.15 kg,ko,1.99,13.27,,1.99,1.99,3856021307584,HRANA
SKUŠA SALATA BALANCE 170 g DELAMARIS,90889709,DELAMARIS,0.17 kg,ko,4.29,25.24,,4.29,4.29,3838929620057,HRANA
NEKTAR JABUKA TO 2 L,90890085,TO,2.00 l,ko,2.39,1.2,,2.09,2.39,3858890973839,PIĆE
UMAK HOLANDEZ 250 ml THOMY,90890347,THOMY,0.25 l,ko,2.75,11,,2.75,2.75,40056265,HRANA
DRESSING ITALIAN 350 ml THOMY,90890364,THOMY,0.35 l,ko,3.99,11.4,,3.99,3.99,8445291872080,HRANA
ULJE MASL EX DJEV IT 0.25 L FARCHION,90890400,FARCHIONI,0.25 l,ko,5.99,23.96,,5.99,5.99,8007153007223,HRANA
FISH NUGGETS KIDS 240 g,90890538,PANONA MARE,0.24 kg,ko,3.49,14.54,,3.49,3.49,3858889834479,HRANA
DATULJA EUROCOMPANY DEGLET NOUR 200g,01310151,EUROCOMPANY,0.20 kg,ko,1.05,5.25,,1.05,1.05,8009750222771,HRANA
CELER GLAVA,01402649,,1.00 kg,kg,1.29,1.29,,1.29,1.39,3850334173355,HRANA
JABUKA GRANNY SMITH,01411119,,1.00 kg,kg,,1.29,1.29,1.89,1.89,3850334173621,HRANA
UMAK CHILLI 250ML KUHNE,01490174,KUHNE,0.25 l,ko,2.49,9.96,,2.49,2.49,40804835,HRANA
TABASCO ZELENI 60ML NIKAS,01490318,TABASCO,0.06 l,ko,4.64,77.33,,4.64,4.64,0011210009530,HRANA
DŽEM VIŠNJA 420g DOORA,01500028,DOORA,0.42 kg,ko,2.49,5.93,,2.49,2.49,3858894541263,HRANA
SENF ESTRAGON ST 700g PODRAVKA,01530249,PODRAVKA,0.70 kg,ko,3.99,5.7,,3.99,3.99,3850104023415,HRANA
KUKURUZ ŠEĆERAC 285g ZVIJEZDA,01550503,ZVIJEZDA,0.29 kg,ko,1.79,6.28,,1.39,1.79,3858882217071,HRANA
GOURMET GOLD MM PILETINA 85g,01647049,GOURMET,0.09 kg,ko,0.89,10.47,,0.69,0.89,7613032816537,PROIZVODI ZA KUĆANSTVO
ČAJNA KOBASICA GAVRILOVIĆ,02023932,GAVRILOVIĆ,1.00 kg,kg,20.49,20.49,,20.49,20.49,3858881220812,HRANA
SIR TOP TROK SPECIJAL 140g ZDENKA,02103201,ZDENKA,0.14 kg,ko,2.25,16.07,,1.79,2.25,3858888590147,HRANA
SKUŠA FILET U SJ ULJU 125g 3319 DEL,02190182,DELAMARIS,0.13 kg,ko,3.19,25.52,,3.19,3.19,3838929567444,HRANA
TRLJA III SVJ MEDUZA,02195275,,1.00 kg,kg,2.45,2.45,,1.47,2.45,,HRANA
KOZICA SVJEŽA PAK KONZUM,02197318,,1.00 kg,kg,11.29,11.29,,6.29,11.29,,HRANA
SALPA SVJ MEDUZA,02197427,,1.00 kg,kg,5.05,5.05,,3.03,5.05,,HRANA
PAGAR 800/1000 SVJ UV MEDUZA,02197631,,1.00 kg,kg,17.39,17.39,,10.43,17.39,,HRANA
ORADA II SVJ CROMARIS,02197671,CROMARIS,1.00 kg,kg,6.99,6.99,,4.19,6.99,3859891926589,HRANA
JOGURT TEKUĆI K PLUS 2.8% 1kg PET,02324221,K PLUS,1.00 kg,ko,,1.19,1.19,1.19,1.65,3850334112880,HRANA
DESERT DUKAT ČOKO LJEŠ 4X62.5g DUK,02334225,DUKATINO,0.25 kg,ko,1.99,7.96,,1.99,1.99,3850354003854,HRANA
SV MLJEV MESO 850g MA PIK VRBOVEC,02404334,PIK VRBOVEC,0.85 kg,ko,3.49,4.11,,2.44,3.49,3850139435139,HRANA
VINO POSTUP 0.75L VRH VIN MADIR,03020552,MADIRAZZA,0.75 l,ko,16.19,21.59,,16.19,16.19,3859889833028,PIĆE
VINO PLAVAC MALI BARIQUE 0.75L VRH,03020929,MADIRAZZA,0.75 l,ko,15.39,20.52,,15.39,15.39,3859889833325,PIĆE
VINO TRAMINAC PRINCIPOVAC 0.75L ILOČ,03022167,ILOČKI PODRUMI,0.75 l,ko,27.55,36.73,,27.55,27.55,3859892149079,PIĆE
RAKIJA TRAVARICA 0.1L VINOPLOD,03061172,VINOPLOD,0.10 l,ko,1.79,17.9,,1.79,1.79,3859890650119,PIĆE
BARUN 35% 0.7L ZVEČEVO,03070008,ZVEČEVO,0.70 l,ko,14.05,20.07,,14.05,14.05,3858894171798,PIĆE
RAKIJA WILLIAMS RONER 0.7L,03082204,RONER,0.70 l,ko,28.99,41.41,,28.05,28.05,8002345007203,PIĆE
NEG PIĆE MULTI A+C+E VINDI 2L,03140896,VINDI,2.00 l,ko,,1,1.99,1.99,2.49,3850108073379,PIĆE
GAZ PIĆE FANTA NARANČ 1L,03160838,FANTA,1.00 l,ko,1.49,1.49,,1.29,1.49,5449000322180,PIĆE
GAZ PIĆE SCHWEPPES BITT LEM 0.5L,03162916,SCHWEPPES,0.50 l,ko,1.35,2.7,,1.35,1.35,54490130,PIĆE
MLINCI KLARA 250g KLARA,04010177,KLARA,0.25 kg,ko,1.79,7.16,,1.79,1.79,3858881323025,HRANA
KRUH PAN CARRE 430g BARILLA,04016531,BARILLA,0.43 kg,ko,2.29,5.33,,2.29,2.29,8076809582162,HRANA
PAN CARE TOAST KRUH 285g AWT,04024336,MULINO BIANCO,0.29 kg,ko,1.59,5.58,,1.59,1.59,8076809582452,HRANA
TIJESTO ŠIROKE LAZANJE 500g KLARA M,04050510,KLARA M,0.50 kg,ko,4.39,8.78,,3.09,4.39,3859888499027,HRANA
TIJES MAXX LUM RIG 053 625G,04051336,PASTA ZARA,0.63 kg,ko,,1.9,1.19,1.59,1.59,8004350001870,HRANA
ČAJ UVIN TRAG.PRIR.30g OM FRANCK,04092226,FRANCK,0.03 kg,ko,2.49,83,,2.49,2.49,3850291049786,HRANA
VEGETA 75g VREĆICA PODRAVKA,04163367,VEGETA,0.08 kg,ko,1.09,14.53,,1.09,1.09,3850104008054,HRANA
VEGETA 500g VREĆICA PODRAVKA,04163451,VEGETA,0.50 kg,ko,3.99,7.98,,3.99,3.99,3850104008443,HRANA
PAHULJ LINO PILLOWS 250g PODRAVKA,04170926,LINO,0.25 kg,ko,3.49,13.96,,2.49,3.49,3850104258978,HRANA
BOMBON SUPER MINT 350g LIKING,04194474,LIKING,0.35 kg,ko,3.09,8.83,,3.09,3.09,8002415500023,HRANA
ČOKOL LINDT EXCELL DARK 99% 50g,04219607,LINDT,0.05 kg,ko,4.59,91.8,,4.59,4.59,3046920028721,HRANA
BOMBON HARIBO ZLATNI MEDO 100g,04340708,HARIBO,0.10 kg,ko,1.59,15.9,,1.19,1.59,9002975301558,HRANA
BOJA PALETTE DELUXE 880  2394,06542972,PALETTE DELU,1.00 ko,ko,,4.79,4.79,4.79,4.79,3838824177052,KOZMETIKA
LOS POS BRIJ DENIM MUSK 100ml,06562059,DENIM BRAND,0.10 l,ko,,48.5,4.85,6.09,6.09,8008970004068,KOZMETIKA
KREMA AFR BAD MULTI HRANJ 50 0967,06590365,AFRODITA,0.05 l,ko,9.99,199.8,,9.99,9.99,3831070659938,KOZMETIKA
TRAKE ČUP DEP TIJ 16KOM 5029,06594893,ČUPKO,16.00 ko,ko,,0.18,2.85,3.59,3.59,3859888495029,KOZMETIKA
TUNJ OCEAN KOMADI MASL ULJE 112g,90036186,OCEAN,0.11 kg,ko,2.59,23.12,,2.59,2.59,3850334350329,HRANA
JOGURT JAGODA 150g DUKATOS,90059151,DUKATOS,0.15 kg,ko,0.99,6.6,,0.89,0.99,3850354009788,HRANA
KOZICA REP SVJ LIBURNIJA,90077188,,1.00 kg,kg,11.99,11.99,,7.19,11.99,,HRANA
UGOR I SVJ LIBURNIJA,90079129,,1.00 kg,kg,5.29,5.29,,3.17,5.29,,HRANA
PIVO LOWENBRAU 0.5 LIM,90092395,LOWENBRAU,0.50 l,ko,1.05,2.1,,1.05,1.05,3850131004715,PIĆE
ČETKICA OB ADV 3D WH 40MED 2KOM,90147002,ORAL B,2.00 ko,ko,2,1,,2,2,3014260111762,KOZMETIKA
SIR K PLUS EDAMER 300G,90148333,K PLUS,0.30 kg,ko,3.29,10.97,,2.79,2.79,3850334406354,HRANA
BOJA EXCELLENCE 7,90154963,LOREAL EXCELLANCE,1.00 ko,ko,,6.69,6.69,8.59,8.99,3600523724888,KOZMETIKA
LISNATI ŠTAPIĆI 125G GECCHELE,90158092,GECCHELE,0.13 kg,ko,1.59,12.72,,1.59,1.59,8015854121025,HRANA
ČAJ MATIČNJAK EKO 40g DARVITALIS,90203122,DARVITALIS,0.04 kg,ko,3.95,98.75,,3.95,3.95,3858890830392,HRANA
KRUH DOMAĆI KUKURUZNI 400g DON DON,90228019,DON DON,0.40 kg,ko,2.35,5.88,,1.85,1.85,3830043040339,HRANA
PITAJA KOM,01415075,,0.40 kg,ko,3.99,9.98,,3.99,3.99,3856028688754,HRANA
UMAK MASLINE 400g BARILLA,01490241,BARILLA,0.40 kg,ko,3.85,9.63,,3.85,3.85,8076809513715,HRANA
PAPRIKA K PLUS FILET 350g,01519013,K PLUS,0.35 kg,ko,2.49,7.11,,2.49,2.49,3850334150141,HRANA
KULEN BARANJSKI CCA 1kg MA BELJE,02019508,BELJE,1.00 kg,kg,29.99,29.99,,24.99,29.99,3850257051501,HRANA
MASLAC SA ZAČINSKIM BILJEM 125g MEGL,02180067,MEGGLE,0.13 kg,ko,3.49,27.92,,3.49,3.49,40349251,HRANA
BRANCIN SVJ XL 800-1000 FIORITAL,02195412,,1.00 kg,kg,20.79,20.79,,12.47,20.79,,HRANA
LIST-ŠVOJA I  SVJ MEDUZA,02197374,,1.00 kg,kg,29.15,29.15,,17.48,29.15,,HRANA
VRHNJE KISELO 12% 180g ČAŠA MEGGLE,02331046,MEGGLE,0.18 kg,ko,0.89,4.94,,0.89,0.89,3870085020753,HRANA
DANONINO DRINK JAGODA 4X100g,02334322,DANONINO,0.40 kg,ko,2.65,6.63,,2.65,2.65,5941209010849,HRANA
ULJE MASL EX DJ 1L BRACHIA,03210372,BRACHIA,1.00 l,ko,21.99,21.99,,21.99,21.99,3859891526086,HRANA
INSTANT JACOBS CRONAT GOLD VR 75g,04071865,JACOBS,0.08 kg,ko,4.99,66.53,,4.99,4.99,8711000532751,HRANA
PAPAR + SOL GRATIS KOTANYI,04101194,KOTANYI,0.05 kg,ko,3.99,79.8,,3.45,3.99,9001414130148,HRANA
MUESLI CRUNCH NATU GRAN CHOCO 350g,04172622,NATUREL,0.35 kg,ko,,7.4,2.59,2.59,3.59,3858887245055,HRANA
PAHULJICE KRAŠ BRUNDO KAKAO 300g,04175087,BOBI BRUNDO,0.30 kg,ko,2.39,7.97,,2.39,2.39,3850102523146,HRANA
KAŠ INST VANILINO 200g,04178119,LINO,0.20 kg,ko,2.59,12.95,,1.99,1.99,3850104251917,HRANA
PUDING VANILIJA GALETA 76g DR OETKER,04180045,DR OETKER,0.08 kg,ko,1.09,14.34,,1.09,1.09,5997381372725,HRANA
ZP PARODONT FLUORID 75ml,06537553,PARODONTAX,0.08 l,ko,5.55,74,,2.99,5.55,5054563110350,KOZMETIKA
DEO GARNIER EXTREM M 150ml,06550532,GARNIER,0.15 l,ko,,24.6,3.69,4.49,4.99,3600540889584,KOZMETIKA
SPREJ NIV SUN F30 200ml,06591727,NIVEA,0.20 l,ko,,61.15,12.23,17.49,17.49,5025970022840,KOZMETIKA
SANITAR ORIGINAL 750ml 2620,08030338,SANITAR,0.75 l,ko,2.45,3.27,,1.79,2.25,3850111502620,SREDSTVA ZA ČIŠĆENJE
NAMAZ EUROCREM 500g,90036901,EUROCREM,0.50 kg,ko,4.79,9.58,,4.79,4.79,8601900503411,HRANA
PRŠUT RUŽA BK 1/2 VAK PISINIUM,90057318,PISINIUM,1.00 kg,kg,29.99,29.99,,20.99,29.99,,HRANA
DESERT KINDER CHOCO FRESH T5,90063250,FERRERO,0.11 kg,ko,2.69,25.62,,2.69,2.69,8000500309469,HRANA
SIR MEKI BRIE FRANC 200g EUROS,90083566,FRENCHI,0.20 kg,ko,3.39,16.95,,3.39,3.39,5902431270166,HRANA
NAPOLITANKA VOĆNE KOCKE 370g,90089094,KOESTLIN,0.37 kg,ko,2.79,7.54,,1.79,1.79,3856014114595,HRANA
LOSION AFRODITA MEN 120ML,90090314,AFRODITA,0.10 l,ko,3.49,34.9,,3.49,3.49,3831070650379,KOZMETIKA
JUHA KREM BROKULA I CVJETAČA 66g,90091508,PODRAVKA,0.07 kg,ko,1.39,21.06,,1.39,1.39,3850104271564,HRANA
KITTY SM JUNIOR 400GR,90138610,KITTY,0.40 kg,ko,1.35,3.38,,1.09,1.35,3850334400062,PROIZVODI ZA KUĆANSTVO
SAVIJAČA TAMNA ČOK VIŠNJA 500g LEDO,90157510,LEDO,0.50 kg,ko,3.99,7.98,,3.19,3.99,3850116103068,HRANA
LAK ZA KOSU INTESA EXTRA STRONG HOLD 500ML,90169692,INTESA,0.50 l,ko,4.29,8.58,,4.29,4.29,8003510020560,KOZMETIKA
TUNA DOMAĆA BLUE FINE,90268204,,1.00 kg,kg,15.79,15.79,,9.47,15.79,,HRANA
CILLIT BANG UKLANJANJE PLIJES 750ML,90268273,CILLIT,0.75 l,ko,6.69,8.92,,6.69,6.69,5900627067309,SREDSTVA ZA ČIŠĆENJE
SALAMA CLASSIC NAR 100G K PLUS MA,90276305,K PLUS,0.10 kg,ko,1.69,16.9,,1.69,1.69,3850334610072,HRANA
UGOR SVJEŽI,90280273,,1.00 kg,kg,6.99,6.99,,4.19,6.99,,HRANA
BEČKA SLJEME NAR 80g MA,90298680,SLJEME,0.08 kg,ko,1.85,23.13,,1.85,1.85,3850139012385,HRANA
KREMA NIVEA PROT BORA 55+ NOĆ 50ml,90299085,NIVEA,0.05 l,ko,,143.8,7.19,10.29,10.29,9005800371337,KOZMETIKA
LIP BALM MELEM RUŽA 4.5g,90324489,MELEM,1.00 ko,ko,,3.09,3.09,3.03,3.79,3856007905773,KOZMETIKA
SENDVIČ PAGNOTTO L'ITALIANO 160g,90341114,IL PAGNOTTO,0.16 kg,ko,3.79,23.69,,3.79,3.79,8056459021228,HRANA
KREMA COREGA MAX SEAL 40g,90341563,COREGA,0.04 kg,ko,,163.25,6.53,7.69,7.69,5054563039033,KOZMETIKA
PAČJI BATAK CCA 180-330g HUNENT,90360231,HUNENT,1.00 kg,kg,8.99,8.99,,8.99,8.99,,HRANA
PEDIGREE MP PIL JANJ 4X100g,90362631,PEDIGREE,0.40 kg,ko,,5.73,2.29,2.5,2.5,5900951293849,PROIZVODI ZA KUĆANSTVO
LOKARDA SVJ ŽUVELA,90370023,ŽUVELA,1.00 kg,kg,2.79,2.79,,1.67,2.79,,HRANA
PIZZA FELICIANA 4 SIRA 325g,90380030,DR OETKER,0.33 kg,ko,4.29,13.21,,4.29,4.29,5900437007137,HRANA
MLIJEKO TRAJNO 2.8% 6X1L VINDIJA,90405484,Z BREGOV,6.00 l,ko,6.12,1.02,,5.34,5.34,3850108020922,HRANA
KREKER CLASSIC BG 150g ŽITO,90406248,ŽITO,0.15 kg,ko,4.59,30.6,,4.59,4.59,3838700270808,HRANA
KESTEN PIRE 100% 250g SANA,90423096,SANA,0.25 kg,ko,4.29,17.16,,4.29,4.29,3858892321119,HRANA
ŠAMPON SYOSS REPAIR TH 440ml,90424986,SYOSS,0.44 l,ko,,10.2,4.49,4.49,4.49,9000101276879,KOZMETIKA
KOBASICA OD DIVLJE SVINJE 200g HISTRIS,90463047,HISTRIS,0.20 kg,ko,7.59,37.95,,7.59,7.59,3859893167492,HRANA
SOK JABUKA 3L BIB MOJ DAN,90478361,MOJ DAN,3.00 l,ko,5.49,1.83,,3.99,5.49,3850334045850,PIĆE
ZAČIN GRILL MARIN. CLAS. 75g VEGETA,90484170,VEGETA,0.08 kg,ko,1.29,17.2,,0.99,1.29,3856020246471,HRANA
PLODOVI MORA ZA RIŽOTO OCEAN 300g,90488123,OCEAN,0.30 kg,ko,2.79,9.3,,2.79,2.79,3850334411631,HRANA
MUESLI GRA BOOM BOX Š VOĆ/KOK/BAD 60g,90493487,BOOM BOX,0.06 kg,ko,0.99,16.5,,0.99,0.99,3858890477405,HRANA
MLIJEKO ZA KAVU MARESI 250g,90518149,MARESI,0.25 kg,ko,1.75,7,,1.65,1.65,90026027,HRANA
TORTA LEDOLINA 650g LEDO,90568762,LEDO,0.65 kg,ko,11.49,17.68,,11.49,11.49,3850116042596,HRANA
KEKS BOOM BOX ZOBENI KOKOS 200g,90568786,BOOM BOX,0.20 kg,ko,2.99,14.95,,2.99,2.99,3858890478037,HRANA
ODSTR MRLJA DR.BECK ROLL ON 75ml,90570008,BECKMANN,0.08 l,ko,2,26.67,,2,2,4008455342214,SREDSTVA ZA ČIŠĆENJE
MLIJEKO TIJ LACTOV LACT-OIL 400ml,90572412,LACTOVIT,0.40 l,ko,,10.23,4.09,5.49,5.49,8411135354807,KOZMETIKA
VODICA MICEL MIN GARN SENS 100ml,90572523,GARNIER,0.10 l,ko,,25.3,2.53,3.39,3.39,3600542399258,KOZMETIKA
OM VIOLETA DELICATE TOUCH 4L,90572923,VIOLETA,4.00 l,ko,4.49,1.12,,4.49,4.49,3870128028623,SREDSTVA ZA ČIŠĆENJE
KOLAČ RUŽICE 320g KLAS,90574008,KLAS,0.32 kg,ko,3.71,11.59,,3.71,3.71,3870004030795,HRANA
BRANCIN L TOTAL FISH,90587739,TOTAL,1.00 kg,kg,10.79,10.79,,6.47,10.79,,HRANA
SLAD LEDO M6 MACHO MIXBOX 450ml,90598873,LEDO,0.45 l,ko,7.99,17.76,,7.99,7.99,3850116042350,HRANA
SLAD LEDO M6 PLAZMA MIXBOX 678ml ,90598911,LEDO,0.68 l,ko,7.99,11.78,,7.99,7.99,3850116059204,HRANA
SET ANNYER SG 300ml+MLIJ 300ml KOKOS,90599189,ANNYER,1.00 ko,ko,3,3,,3,3,3850177211009,KOZMETIKA
MASLAC MOTTE 250g PRESIDENT,90602841,PRESIDENT,0.25 kg,ko,4.29,17.16,,4.29,4.29,3228022020050,HRANA
PROTEIN PRO WHEY WHITE CHOCOLATE 908g,90623652,POLLEO,0.91 kg,ko,28.99,31.93,,28.99,28.99,3856026801643,HRANA
COCKTAIL RTD MALIBU & COLA 0.25L,90623770,MALIBU,0.25 l,ko,2.75,11,,2.75,2.75,5012461002566,PIĆE
NADJEV OD VIŠANJA 620g PODRAVKA,90627716,PODRAVKA,0.62 kg,ko,5.09,8.21,,5.09,5.09,3856020257330,HRANA
VREĆA ZA ODVAJANJE OTPADA 40L 10/1 ZG,90657844,ZG VREĆICE,10.00 ko,ko,10.62,1.06,,10.62,10.62,3858886760528,PROIZVODI ZA KUĆANSTVO
ROLL ON NIVEA M DERM DRY CON 50ml,90669225,NIVEA,0.05 l,ko,,90.8,4.54,4.85,6.49,9005800357768,KOZMETIKA
GRISSINI TORINESI SLANI 100g VALLEDORO,90670043,VALLEDORO,0.10 kg,ko,1.46,14.6,,1.46,1.46,8009280002164,HRANA
 RIŽA BASMATI BIJELA DUGOGA ZRNA 1kg RIO-PAK,90670309,RIO PAK,1.00 kg,ko,3.79,3.79,,3.79,3.79,3859888279155,HRANA
PROTEIN 1ST WHEY 454g CHOCO BANANA,90674548,POLLEO,0.45 kg,ko,21.99,48.44,,21.99,21.99,3856026803708,HRANA
GRAH GARDEN GOOD SMEĐI 240g,90682787,GARDEN GOOD,0.24 kg,ko,0.79,3.29,,0.79,0.79,3850334028648,HRANA
STICK OLD SPICE OASIS 50ml,90699358,OLD SPICE,0.05 l,ko,,74.8,3.74,4.99,4.99,8006540839362,KOZMETIKA
TORTELLONI PRŠUT 250g CA PRICCI,90702767,CA PRICCI,0.25 kg,ko,1.69,6.76,,1.69,1.69,8003427012153,HRANA
JUHA KREM GLJIVE 500ml PODRAVKA,90702993,PODRAVKA,0.50 l,ko,2.49,4.98,,2.49,2.49,3856020264697,HRANA
KUPKA FA PINK JASMIN 750ml,90703155,FA,0.75 l,ko,,5.32,3.99,3.99,3.99,9000101010336,KOZMETIKA
BRIJAČ JEDNOK GILL BLUE2 PLUS 5/1,90703238,GILLETTE,5.00 ko,ko,,0.83,4.15,4.15,5.19,3014260283254,KOZMETIKA
LIKER ROSSI AMARO 0.5L,90703365,ROSSI,0.50 l,ko,19.65,39.3,,19.65,19.65,3859891585571,PIĆE
LIKER JAGERMEISTER 0.5L,90703403,JAGERMEISTER,0.50 l,ko,12.49,24.98,,12.49,12.49,4067700014566,PIĆE
NEG PIĆE FUN ALARM CAPRI SUN 0.2L,90705874,CAPRI SONNE,0.20 l,ko,0.53,2.65,,0.53,0.53,4000177019276,PIĆE
ČIPS LAY'S  REBRASTI PAPRIKA 130g,90705974,PEPSICO,0.13 kg,ko,2.19,16.85,,1.89,1.89,8606017378617,HRANA
MEKSIČKI MIX GARDEN GOOD 150/130g,90707341,GARDEN GOOD,0.13 kg,ko,0.95,7.31,,0.95,0.95,8605028600021,HRANA
VREĆA ZA ODVAJANJE OTPADA 20L 10/1 ZG,90657842,ZG VREĆICE,10.00 ko,ko,5.31,0.53,,5.31,5.31,3858886760429,PROIZVODI ZA KUĆANSTVO
PAŠTETA JETRENA 4X100g GAVRILOVIĆ,90668867,GAVRILOVIĆ,0.40 kg,ko,4.99,12.48,,4.99,4.99,3858892723784,HRANA
TEL KOLJENICA SK MARTINJAK DOMAĆA,90669294,MARTINJAK,1.00 kg,kg,9.49,9.49,,9.49,9.49,3859893702525,HRANA
SET AFROD RED GRAPE SG+MLIJ TIJ,90673195,AFRODITA,1.00 ko,ko,7,7,,7,7,3831070659327,KOZMETIKA
ŠUNKA WEIN SCHWARZWALD cca 2.5kg,90673822,WEIN,1.00 kg,kg,15.93,15.93,,11.99,15.93,,HRANA
ZP ELMEX CARIES COMPL CARE 75ML,90675597,ELMEX,0.08 l,ko,,63.87,4.79,4.49,5.99,8718951516014,KOZMETIKA
VJEŠALICA PUNJ SIR I ŠUNK RAW ŠTILJ 400g MAP,90677932,RAW ŠTILJ,0.40 kg,ko,4.19,10.48,,2.51,4.19,3859893373893,HRANA
WHISKAS MM PD RIBA 4X85G,90678118,WHISKAS,0.34 kg,ko,2.75,8.09,,2.19,2.75,5900951303166,PROIZVODI ZA KUĆANSTVO
KIKIRIKI HRUSTY U TIJES LUK/VRHNJE 150g,90692847,HRUSTY,0.15 kg,ko,1.29,8.6,,1.29,1.29,3850334035455,HRANA
 JUHA POVR NOODLES 75g INDOMIE,90697946,INDOMIE,0.08 kg,ko,0.66,8.8,,0.66,0.66,089686170313,HRANA
DET WEISSER RIE GEL COLOR 2.25L 50pr,90698971,WEISSER RIESE,2.25 l,ko,16.99,7.55,,10.99,16.99,9000101564334,SREDSTVA ZA ČIŠĆENJE
DET WEISSER RIE GEL BALI 2.25L 50pr,90698976,WEISSER RIESE,2.25 l,ko,16.99,7.55,,10.99,16.99,9000101563603,SREDSTVA ZA ČIŠĆENJE
VANILIN ŠEĆER 8g 5+1 GRATIS DOLCELA,90703056,DOLCELA,0.04 kg,ko,1,25,,0.5,0.5,3856020258726,HRANA
VINO CHARDONNAY DIKA 0.75L,90703334,DIKA,0.75 l,ko,6.35,8.47,,6.35,6.35,3859892201210,PIĆE
KEČAP BLAGI 500g K PLUS,90704273,K PLUS,0.50 kg,ko,1.59,3.18,,1.59,1.59,3850334020802,HRANA
SLAD BARATTOLINO AMARENA 800ml,90704357,SAMMONTANA,0.80 l,ko,5.99,7.49,,5.99,5.99,8005840096659,HRANA
DET DASH REGULAR 3.2kg=64PR,90705817,DASH,3.20 kg,ko,25.59,8,,25.59,25.59,8006540920824,SREDSTVA ZA ČIŠĆENJE
DES KINDER BUENO WHITE T5.97.5g,90705920,FERRERO,0.10 kg,ko,2.49,25.54,,2.49,2.49,8000500394694,HRANA
FROSCH KREMA ČIŠ LAVANDA 500ml,90706029,FROSCH,0.50 l,ko,2.19,4.38,,1.53,2.19,4009175186782,SREDSTVA ZA ČIŠĆENJE
MEKSIČKI MIX GARDEN GOOD 300/265g,90707337,GARDEN GOOD,0.27 kg,ko,1.85,6.98,,1.85,1.85,8605028600014,HRANA
DET VESH WHITE GEL 3L= 60PRANJA,90714266,VESH,3.00 l,ko,,3.33,9.99,9.99,17.89,3870128033948,SREDSTVA ZA ČIŠĆENJE
JASTOG ŽIVI ŽUVELA,90714333,,1.00 kg,kg,94.99,94.99,,56.96,94.99,,HRANA
PROTEIN NAPITAK VANILIJA 250ml ZOTT,90724907,ZOTT,0.25 kg,ko,1.29,5.16,,1.19,1.29,4014500520049,HRANA
KAVA LUNGO ESP NS 10/1 56g LAVAZZA,90725308,LAVAZZA,0.06 kg,ko,5.59,99.82,,5.59,5.59,8000070053571,HRANA
MLIJEKO TR LAG JUTRO 1.5% 0.5L DUKAT HDPE,90725552,DUKAT,0.50 l,ko,1.39,2.78,,1.39,1.39,3850354006855,HRANA
ZP ORAL B PROEXPERT PROTECT 75ml,90729766,ORAL B,0.08 l,ko,4.39,58.53,,4.39,4.39,8700216106863,KOZMETIKA
BOJA COLOR SENS S11 ULTRA S BLOND,90729876,GARNIER COL SENSATION,1.00 ko,ko,,3.99,3.99,4.99,5.29,3600542259101,KOZMETIKA
KEKS DIGESTIVE CLASSIC 250g GULLON,90729953,GULLON,0.25 kg,ko,1.99,7.96,,1.99,1.99,8410376051124,HRANA
KRUH RAŽENI FITNESS 500g ACTIVE ZONE,90731246,ACTIVE ZONE,0.50 kg,ko,1.49,2.98,,1.29,1.49,3850334053787,HRANA
SPECIAL DOG EX. MP SVJ PILETINA 150g,90732328,SPECIAL DOG EXCELLENCE,0.15 kg,ko,1.59,10.6,,1.11,1.59,8009470008662,PROIZVODI ZA KUĆANSTVO
MUFFIN CLASSIC 310g SWEET CHEF,90734721,SWEET CHEF,0.31 kg,ko,2.49,8.03,,2.49,2.49,3850334055354,HRANA
ČAJ BRUSNICA NAR 20X2.3 g NATURAVITA,90749956,NATURAVITA,0.05 kg,ko,1.99,43.26,,1.99,1.99,3858884090566,HRANA
ULJE LANA HLAD PREŠ 250ml GRANA,90750957,LETIFICO,0.25 kg,ko,3.99,15.96,,3.99,3.99,3859893457050,HRANA
USKRS MIX MILKA SLATKIŠA+ZEKO RAJF 149 g,90754749,MILKA,0.15 kg,ko,4,26.85,,4,5,7622201749101,HRANA
PECIVO ČAJNO KOKOS BŠ 175g DELICIA,90754812,DELICIA,0.18 kg,ko,3.15,18,,3.15,3.15,3859889106221,HRANA
VINO MERLOT BLATO KV 0.75L ,90754830,BLATO 1902,0.75 l,ko,5.69,7.59,,5.69,5.69,3859888154810,PIĆE
LEDENI ČAJ JANA LIMUN 0.5L,90755063,JANA,0.50 l,ko,1.19,2.38,,1.19,1.19,3856028500254,PIĆE
KREMA NIVEA BABY PRVA 75 ml,90759667,NIVEA,0.08 l,ko,,31.87,2.39,2.99,2.99,9005800371290,KOZMETIKA
ŠTAPIĆI BIORAZG SEPTONA BABY 50/1,90765160,SEPTONA,50.00 ko,ko,0.99,0.02,,0.99,0.99,5201410665024,TOALETNE POTREPŠTINE
SHEBA MM IZBOR RIBE U UMAKU 4X85 g,90765276,SHEBA,0.34 kg,ko,3.29,9.68,,2.59,2.59,4770608255725,PROIZVODI ZA KUĆANSTVO
UMAK PAD THAI 65g MAGGI,90769815,MAGGI,0.07 kg,ko,1.79,27.54,,1.79,1.79,8445291189409,HRANA
RAJČICA PASIRANA 680 g ZVIJEZDA,90770101,ZVIJEZDA,0.68 kg,ko,2.29,3.37,,2.29,2.29,3856015330468,HRANA
ORAH MUŠKATNI 38 g VEGETA MAESTRO,90770314,VEGETA MAESTRO,0.04 kg,ko,3.29,86.58,,3.29,3.29,3850104294860,HRANA
SIR TVRDI KOLO 300g MIH,90770472,SIRANA MIH,0.30 kg,ko,8.49,28.3,,5.99,8.49,3859891700929,HRANA
PAPAR ŠARENI ZRNO 50 g SPICE CHEF,90770550,SPICE CHEF,0.05 kg,ko,1.19,23.8,,0.83,0.83,3850334100979,HRANA
FLIPS HRUSTY PEANUT RINGS 72 g,90770806,HRUSTY,0.07 kg,ko,0.59,8.19,,0.59,0.59,3850334113672,HRANA
REGEN PANTENE MIRAC VOLUME 160 ml,90771240,PANTENE,0.16 l,ko,5.99,37.44,,4.49,4.49,8700216191654,KOZMETIKA
REGEN HERBAL ESSENCES ROSE 250 ml,90771268,HERBAL ESSENCES,0.25 l,ko,6.19,24.76,,6.19,6.19,8700216211024,KOZMETIKA
LOS POS BRIJ DENIM SENSITIVE 100 ml,90774968,DENIM BRAND,0.10 l,ko,,55.9,5.59,6.99,6.99,8008970054278,KOZMETIKA
GEL INT NJEGA JAJOPER SPORTSM 100 ml,90775489,BIOBAZA,0.10 l,ko,,29.9,2.99,3.99,3.99,3856020913397,KOZMETIKA
ZP PHYTODENT REPAIR&RESTORE 75 ml,90775605,PLIDENTA,0.08 l,ko,3.59,47.87,,2.49,3.59,3856007911804,KOZMETIKA
PRŠUT DALMAT NAR 80g PREMIUM,90732213,PIVAC,0.08 kg,ko,3.19,39.88,,3.19,3.19,3858884998350,HRANA
PAUK I TOTAL FISH,90733414,TOTAL FISH,1.00 kg,kg,9.79,9.79,,5.87,9.79,,HRANA
REGENER OLEA OŠTEĆENA KOSA 300ml,90735088,OLEA,0.30 l,ko,1.29,4.3,,1.29,1.29,3850334073730,KOZMETIKA
PEL VIOLETA MAXI GIANT 120/1,90745252,VIOLETA,120.05 ko,ko,22.99,0.19,,22.99,22.99,3870128032965,TOALETNE POTREPŠTINE
TUBA NAT GERBER KRUŠKA ŠLJIVA 90 g,90759685,GERBER,0.09 kg,ko,1.39,15.44,,1.11,1.39,8445290359865,HRANA
TUBA NAT GERBER JAB BOR BAN 90 g,90759690,GERBER,0.09 kg,ko,1.39,15.44,,1.11,1.39,8445290308238,HRANA
VINO GRAŠEVINA CRNA SVINJA 0.75L,90759909,MARKOTA,0.75 l,ko,6.05,8.07,,6.05,6.05,3859893430329,PIĆE
AJVAR DOMAĆI BLAGI 550g DOORA,90765134,DOORA,0.55 kg,ko,8.59,15.62,,8.59,8.59,3858894540334,HRANA
ČOKOLADA DORINA PETIT BEURRE 240 g,90765234,DORINA,0.24 kg,ko,4.99,20.79,,3.79,4.99,3850102010004,HRANA
UMAK SWEET CHILI 191ml MAGGI,90769806,MAGGI,0.19 kg,ko,,15.65,2.99,3.99,3.99,8445291156678,HRANA
JELO U ČAŠI TERIYAKI 90 g NISSIN,90770843,NISSIN,0.09 kg,ko,2.99,33.22,,2.99,2.99,5997523313159,HRANA
ŠAMPON AFRODITA MASNA KOSA 320 ml,90771122,AFRODITA,0.32 l,ko,,16.22,5.19,6.49,6.49,3831070661887,KOZMETIKA
REGEN PANTENE MIRAC HYDRAT 160 ml,90771238,PANTENE,0.16 l,ko,5.99,37.44,,4.49,4.49,8700216191609,KOZMETIKA
GEL ČIŠĆ GARNIER PURE HYDRA 250 ml,90774649,GARNIER,0.25 l,ko,6.99,27.96,,6.99,6.99,3600542488099,KOZMETIKA
ZP COLGATE ADVANCED WHITE 2X75 ml,90775310,COLGATE,0.15 l,ko,5.09,33.93,,4.29,5.09,8718951630031,KOZMETIKA
ROLL ON BIOBAZA SPORTSMEN 50 ml,90775479,BIOBAZA,0.05 l,ko,,57.8,2.89,3.85,3.85,3856020913410,KOZMETIKA
SMOOTHIE BETT'R MALINA KOKOS 250 ml,90775709,BETT R,0.25 l,ko,3.09,12.36,,3.09,3.09,3800233782400,PIĆE
NEKTAR NARANČA VINDI 2L,90785369,VINDI,2.00 l,ko,2.49,1.25,,2.49,2.49,3850108078398,PIĆE
PAGAR 2000-3000,90794726,ŽUVELA,1.00 kg,kg,38.99,38.99,,23.38,38.99,,HRANA
PAGAR 5+,90794729,ŽUVELA,1.00 kg,kg,34.99,34.99,,20.98,34.99,,HRANA
SALV PALOMA BOŽIĆ MIDGES 33X33 20/1,90800095,PALOMA,20.00 ko,ko,2.29,0.11,,2.29,2.29,3838952035637,PROIZVODI ZA KUĆANSTVO
MIX NES CL 3U1 15.5 g,90800121,NESCAFE,0.02 kg,ko,0.35,22.58,,0.35,0.35,8445291259331,HRANA
BATAT 500 g BIO ZONE,90810456,BIO ZONE,0.50 kg,ko,2.29,4.58,,2.29,2.29,3856028689294,HRANA
ČAJ RELAX 20/1 36g PODRAVKA ,90824934,PODRAVKA,0.04 kg,ko,2.85,79.17,,2.85,2.85,3838700379242,HRANA
PAN RIBLJI OBLICI MORSKO BLAGO 352 g,90825021,LEDO,0.35 kg,ko,4.99,14.17,,3.99,4.99,3850116066004,HRANA
BADEM BIO SNACK 100 g NUTRIGOLD,90825244,NUTRIGOLD,0.10 kg,ko,2.29,22.9,,2.29,2.29,3858894431298,HRANA
MSM PRAH 300 g NUTRIGOLD,90825832,NUTRIGOLD,0.30 kg,ko,7.29,24.3,,7.29,7.29,3858891970509,HRANA
KOLAGEN RIBLJI HIDROL 90TAB NUTRIGOLD,90825851,NUTRIGOLD,90.01 ko,ko,13.99,0.16,,13.99,13.99,3858891976488,HRANA
LIKVI SUPREME AIO 67TAB,90825982,LIKVI,66.98 ko,ko,26.99,0.4,,12.99,26.99,3850105187130,SREDSTVA ZA ČIŠĆENJE
ČOKOLADA MILKA JOGURT 100g,90829850,MILKA,0.10 kg,ko,2.49,24.9,,1.39,2.49,7622202226885,HRANA
ZP SIGNAL KIDS 0-6 GOD 75 ml,90850095,SIGNAL,0.08 l,ko,3.49,46.53,,2.44,2.44,8720181501838,KOZMETIKA
ROLL ON MELEM VITAMIN 50 ml,90850559,MELEM,0.05 l,ko,3.99,79.8,,3.19,3.99,3856007912146,KOZMETIKA
FELIX MM JUHA MESO 6X48 g,90864721,FELIX,0.29 kg,ko,2.99,10.38,,2.39,2.99,8445291612358,PROIZVODI ZA KUĆANSTVO
PAHULJICE LINO PILLOWS WHITE 250 g,90869779,LINO,0.25 kg,ko,3.49,13.96,,2.49,3.49,3856020278656,HRANA
CAPPUCCINO NESCAFE CLASSIC 8/1 108 g,90869933,NESCAFE,0.11 kg,ko,3.99,36.94,,2.99,2.99,8445291531581,HRANA
PJENUŠAC PIENA ROSE 0.75 L,90874715,PIENA,0.75 l,ko,19.99,26.65,,19.99,19.99,3857500082510,PIĆE
PAP ZA PEČ LIST 30/1 ROUND 36CM ALUF,90875147,ALUFIX,1.00 ko,ko,4.49,4.49,,4.49,4.49,4823071665727,PROIZVODI ZA KUĆANSTVO
DRAGEE SPEC MOMENTS VOĆNI MIX 125 g,90880154,SPECIAL MOMENTS,0.13 kg,ko,5.99,47.92,,4.19,5.99,3850334437211,HRANA
DEO BOROTALCO MUSKY 150 ml,90885465,BOROTALCO,0.15 l,ko,3.99,26.6,,1.99,3.99,8002410042818,KOZMETIKA
SERUM HERBAL ESS SHINE 145 ml,90885605,HERBAL ESSENCES,0.15 l,ko,10.79,74.41,,10.79,10.79,8700216631914,KOZMETIKA
PILING VENUS SATIN CARE 177 ml,90885685,VENUS,0.18 l,ko,,48.08,8.51,13.29,13.29,8700216026581,KOZMETIKA
KOKICE CARAMEL FRUIT MIX 170 g BOOMZ,90887163,BOOMZA,0.17 kg,ko,2.49,14.65,,2.49,2.49,4820196732044,HRANA
BOMBON HARIBO ZLATNI MEDO KIS 100 g,90887172,HARIBO,0.10 kg,ko,1.59,15.9,,1.59,1.59,9002975002066,HRANA
BRUSCHETTE CHEDDAR/VRHNJE 140g MARET,90887348,MARETTI,0.14 kg,ko,1.59,11.36,,1.59,1.59,3800237480586,HRANA
VAFL LOACKER CHOCOLA MILK CHO 118 g,90887400,LOACKER,0.12 kg,ko,2.19,18.56,,2.19,2.19,8000380214907,HRANA
SALATA VEGGIE MIX MEX 160 g NJAMI,90889680,NJAMI,0.16 kg,ko,3.99,24.94,,3.99,3.99,3838929620088,HRANA
VAFLI 250 g GECCHELE,90889760,GECCHELE,0.25 kg,ko,3.79,15.16,,2.65,3.79,8015854123333,HRANA
BRIJAČ JEDNOK Ž BIC TWIN LADY 5+1,90725062,BIC,6.00 ko,ko,,0.42,2.54,3.39,3.39,3086126608969,KOZMETIKA
CORNFLAKES RISE&SMILE VR 500g,90730682,RISE&SMILE,0.50 kg,ko,1.99,3.98,,1.99,1.99,3850334070609,HRANA
LECHAT EX. MM STERIL PATKA ZEC 4X100g,90732321,LECHAT EXCELLENCE,0.40 kg,ko,3.29,8.23,,2.3,3.29,8009470008037,PROIZVODI ZA KUĆANSTVO
TUNJ FILETI MASL ULJE ST 170g/119g CALL,90733301,CALLIPO,0.12 kg,ko,5,42.02,,5,5,80747871,HRANA
DET PERSIL GEL COLOR 1.98L=44PR,90744905,PERSIL,1.98 l,ko,,5.05,9.99,9.99,9.99,9000101568363,SREDSTVA ZA ČIŠĆENJE
DET WEISSER RIESE UNIV 2.475kg=45PR,90744993,WEISSER RIESE,2.48 kg,ko,16.99,6.86,,10.99,16.99,9000101807493,SREDSTVA ZA ČIŠĆENJE
SUNCOKRET PRŽ SL LJUSKA 150g MOGYI,90493382,MOGYI,0.15 kg,ko,1.05,7,,0.79,1.05,5997347542711,HRANA
PAUK I RZ KOMIŽA,90494670,RZ KOMIŽA,1.00 kg,kg,10.99,10.99,,6.59,10.99,,HRANA
VREĆICA TREGER LD MALA KONZUM,90553419,K PLUS,1.00 ko,ko,0.13,0.13,,0.13,0.13,3850334524287,PROIZVODI ZA KUĆANSTVO
 KRUMPIR PEKARSKI 750g LEDO,90568826,LEDO,0.75 kg,ko,4.29,5.72,,3.39,4.29,3850116006741,HRANA
DET ORNEL CALMING 2.34kg=36WL,90577750,ORNEL,2.34 kg,ko,11.95,5.11,,11.95,11.95,3850105180094,SREDSTVA ZA ČIŠĆENJE
RUMBAC SVJ PELAGOS,90598109,PELAGOS,1.00 kg,kg,3.79,3.79,,2.27,3.79,,HRANA
PERECI CHIO 80g,90600076,CHIO,0.08 kg,ko,1.39,17.38,,1.39,1.39,4000522060311,HRANA
TIJESTO ISTARSKE LAZANJE No.10 250g KLARA MARIĆ,90603049,KLARA M,0.25 kg,ko,2.25,9,,2.25,2.25,3859888499843,HRANA
MUESLI GRANOLA ORAŠ PLOD MED 300g SANTE,90623193,SANTE,0.30 kg,ko,3.99,13.3,,3.99,3.99,5900617037152,HRANA
PUDER MIRISNI FELCE KUTIJA 200G,90649192,FELCE AZZURA,1.00 ko,ko,2.99,2.99,,2.99,2.99,8001280026225,KOZMETIKA
KOLAČIĆI SITNI 500g AMELIE,90675383,AMELIE,0.50 kg,ko,15.59,31.18,,15.59,15.59,3850334011503,HRANA
CEKIN PRSA BEZ KOŽE OB PAK,90692886,CEKIN,1.00 kg,kg,5.79,5.79,,5.79,5.79,3850159110962,HRANA
SLANINA BEZ KOŽE DOBRO cca 350g,90706708,DOBRO,1.00 kg,kg,22.29,22.29,,22.29,22.29,3850133815296,HRANA
SOK FRUVITA JABUKA MARELICA 0.75L ,90720144,FRUVITA,0.75 l,ko,2.39,3.18,,2.39,2.39,8606030050507,PIĆE
SOK FRUVITA JABUKA ĐUMBIR 0.75L ,90720146,FRUVITA,0.75 l,ko,2.59,3.44,,2.59,2.59,8606030050583,PIĆE
JUN BIFTEK MARTINJAK,90729681,,1.00 kg,kg,38.09,38.09,,38.09,38.09,3859893702600,HRANA
ŠAMPON BIOBAZA BLAGI 250ML,90730432,BIOBAZA,0.25 l,ko,4,16,,4,4,3856020901233,KOZMETIKA
PECIVO ČAJNO KAKAO BŠ 200g DELICIA,90754818,DELICIA,0.20 kg,ko,3.29,16.45,,3.15,3.15,3859889106214,HRANA
GEL TUŠ OLD SPICE CAPTAIN 1 l,90775126,OLD SPICE,1.00 l,ko,12.49,12.49,,12.49,12.49,8006540818824,KOZMETIKA
SLANUTAK GARDEN GOOD 410/250 g,90854701,GARDEN GOOD,0.25 kg,ko,0.79,3.16,,0.79,0.79,3838900842843,HRANA
TJEST SIMPLY PASTA GRAMIGNONE 500 g,90875097,SIMPLY PASTA,0.50 kg,ko,1.29,2.58,,0.89,1.29,3850334134028,HRANA
SIR DIMLJ VINOGR CCA 400 g VERONIKA,90875143,VERONIKA,1.00 kg,kg,13.49,13.49,,13.49,13.49,,HRANA
VAFL JAJA SPECIAL M LIMETA JOG 200 g,90879832,SPECIAL MOMENTS,0.20 kg,ko,1,5,,1,1.5,3850334436917,HRANA
ŠAMPON OGX BRAZ KER 385 ml,90885665,OGX,0.39 l,ko,,17.38,6.69,8.45,8.45,0022796976017,KOZMETIKA
LIP BALM MELEM ILLUSIONIST 4.5 g,90885752,MELEM,1.00 ko,ko,3.99,3.99,,3.19,3.99,3856007912436,KOZMETIKA
ČETKICA ORAL B JUNIOR 4 35,90885831,ORAL B,1.00 ko,ko,,2.59,2.59,3.49,3.49,8700216749466,KOZMETIKA
PIZZA MOZZARELLA LEDO 325 g,90887021,LEDO,0.33 kg,ko,3.99,12.28,,2.99,3.99,3850116067957,HRANA
MLIJEKO AMBR SOL SPF30 175 ml,90887218,GARNIER AMBRE SOLAIR,0.08 l,ko,,169.73,12.73,16.99,16.99,3600542624916,KOZMETIKA
NAPOLITANKE CHOCO MILK 420 g LASTA,90889863,LASTA,0.42 kg,ko,3.39,8.07,,3.39,3.39,3870128039629,HRANA
NEKTAR CRNI RIBIZ JUICY 1 L,90890071,JUICY,1.00 ko,ko,2.49,2.49,,1.69,2.49,3858890970302,PIĆE
GRISSINI DULCETTI SEZAM 170 g,90890117,DULCETTI,0.17 kg,ko,,5.82,0.99,1.29,1.29,3838900843482,HRANA
DESERT GIOTTO STROOPWAFEL 154.8 g,90890157,FERRERO,0.16 kg,ko,5.49,35.47,,5.49,5.49,8000500400821,HRANA
TORTELLINI RICO ŠPI 250 g PASTIFICIO,90890606,PASTIFICIO BOLOGNESE,0.25 kg,ko,1.99,7.96,,1.99,1.99,8058951350233,HRANA
DET JAR ALL IN 1 LEMON 100 TAB,90895422,JAR ADW,100.00 ko,ko,39.99,0.4,,39.99,39.99,8006540750100,SREDSTVA ZA ČIŠĆENJE
DET VESH COLO GEL 1L+ OM ORIGIN 0.9L,90899712,VESH,1.00 ko,ko,5.99,5.99,,5.99,5.99,3870128040618,SREDSTVA ZA ČIŠĆENJE
SRED SUPER JON IQ REFILL STAKLO 3TAB,90899901,SUPER JON,1.00 ko,ko,3.45,3.45,,3.45,3.45,3850111505829,SREDSTVA ZA ČIŠĆENJE
ZELENJE ZA JUHU 500 grama,01402048,KORA,0.50 kg,ko,1.29,2.58,,1.29,1.29,3850334005281,HRANA
FEFERON K PLUS BLAGI 160g,01560305,K PLUS,0.16 kg,ko,1.69,10.56,,1.69,1.69,3850334411792,HRANA
RAJČICA KONCENTRAT TUBA 120g PODRAVK,01570131,PODRAVKA,0.12 kg,ko,1.75,14.58,,1.75,1.75,3850104053214,HRANA
HRANA HP ZA ZAMORCE 500g S VIT,01640122,HOBBY,0.50 kg,ko,1.89,3.78,,1.89,1.89,3838964055609,PROIZVODI ZA KUĆANSTVO
KREKER VK ZA MAL PAPIGE S MEDOM,01642108,VITAKRAFT,0.06 kg,ko,1.99,33.17,,1.99,1.99,4008239212382,PROIZVODI ZA KUĆANSTVO
MREŽICA 18 OKA 5M CROMA,02032093,CROMA,1.00 ko,ko,1.69,1.69,,1.69,1.69,3859890197485,HRANA
GULAŠ GOVEĐI 300g PODRAVKA,02160317,PODRAVKA,0.30 kg,ko,3.69,12.3,,2.99,3.69,3850104020032,HRANA
PAŠTETA OD TRI JETRE 116g,02166197,JEAN HENAFF,0.12 kg,ko,3.79,32.67,,3.79,3.79,3537580702668,HRANA
NAMAZ TARTUF 2X50g VEGETARIANA,02169586,VEGETARIANA,0.10 kg,ko,3.5,35,,3.5,3.5,3859892560324,HRANA
KOZICE 80/100 SVJ FIORITAL,02190358,,1.00 kg,kg,9.99,9.99,,5.99,9.99,93856024300769,HRANA
HOBOTNICA I SVJEŽA,02197518,,1.00 kg,kg,15.49,15.49,,10.97,18.29,93856024300493,HRANA
LIGNJA 200/500 SVJ MEDUZA,02199549,MEDUZA,1.00 kg,kg,18.19,18.19,,10.91,18.19,,HRANA
SALATA FRANCUSKA 500g ZVIJEZDA,02202141,ZVIJEZDA,0.50 kg,ko,4.49,8.98,,4.49,4.49,3856015300331,HRANA
JOGURT Z BREGOV 2.8% 200g VINDIJA,02330053,Z BREGOV,0.20 kg,ko,0.49,2.45,,0.49,0.49,3850108030020,HRANA
RAVIOLI ISTARSKI TARTUFI 250g NAŠE K,02373842,AURELIA,0.25 kg,ko,3.29,13.16,,3.18,3.29,3859890561309,HRANA
RIŽOTO S PILET I POVRĆEM 600g LEDO,02434779,LEDO,0.60 kg,ko,4.99,8.32,,4.99,4.99,3850116813912,HRANA
VINO PLAVAC 0.75L TOMIĆ,03021425,ANDRO TOMIĆ,0.75 l,ko,12.65,16.87,,12.65,12.65,3859889164252,PIĆE
DEO BIOBAZA GREEN TEA SENS 50ml,90299494,BIOBAZA,0.05 l,ko,,56.8,2.84,3.79,3.79,3856020901783,KOZMETIKA
PIVO SAN SERVOLO IPA 0.33L NB,90300326,SAN SERVOLO,0.33 l,ko,2.69,8.15,,2.69,2.69,3859893049170,PIĆE
KEKS SHARKIES 250g GULLON,90302236,GULLON,0.25 kg,ko,,8.12,2.03,3.39,3.39,8410376044959,HRANA
BOJA PALETTE PNC 9-1,90310586,PALETTE PNC,1.00 ko,ko,4.49,4.49,,4.49,4.49,9000101206630,KOZMETIKA
VINO VENUS 1L,90311362,VIZBA VALANDOVO,1.00 l,ko,,3.35,3.35,4.75,4.75,3859892866884,PIĆE
VODICA MICEL NIVEA PROF 400mL,90311625,NIVEA,0.40 l,ko,9.29,23.23,,9.29,9.29,9005800297606,KOZMETIKA
PIVO KOZEL DARK 0.5L PB,90316054,ASAHI,0.50 l,ko,1.25,2.5,,1.25,1.25,8594404001418,PIĆE
KAVA JUBIL INTEN VAK MLJ 250g FRANCK,90317326,JUBILARNA,0.25 kg,ko,,17.56,4.39,4.49,5.39,3858881088641,HRANA
WHISKEY JIM BEAM  & Cola 0.33 L,90319735,JIM BEAM,0.33 l,ko,2.79,8.45,,2.79,2.79,5060045581280,PIĆE
MIN VODA ROMERQUELLE GAZ 1.5L PET,90319381,ROMERQUELLE,1.50 l,ko,1.05,0.7,,1.05,1.05,9031100003128,PIĆE
KREKER RIŽA.BASMATI.CRNA.CRV 100g SCOTTI,90325520,RISO SCOTTI,0.10 kg,ko,,16.9,1.69,2.52,2.52,8001860247729,HRANA
KVASAC SVJ PEKAR DIGO 42g,90325900,DIGO,0.04 kg,ko,0.75,17.86,,0.59,0.59,3858887683444,HRANA
LENOR MIRISNE PERLICE FRESH 210g,90334949,LENOR,0.21 kg,ko,4,19.05,,4,4,8001090867070,SREDSTVA ZA ČIŠĆENJE
SUŠENA POSLASTICA - KONJ PLUĆA VON BARF 70g,90335095,VON BARF,0.07 kg,ko,4.99,71.29,,3.99,4.99,3859893426148,PROIZVODI ZA KUĆANSTVO
OSLIĆ 700-1000 MEDUZA,90339872,,1.00 kg,kg,7.59,7.59,,4.55,7.59,,HRANA
PRAŠAK HYDRO MUSCLE WHEY 908g CHOCOLATE,90345178,POLLEO,0.91 kg,ko,44.99,49.55,,44.99,44.99,3858892293645,HRANA
KIRNJA FILET MEDUZA,90356716,MEDUZA,1.00 kg,kg,24.99,24.99,,14.98,24.99,,HRANA
CIPAL 500/1000 SVJ UV MEDUZA,90356748,MEDUZA,1.00 kg,kg,4.79,4.79,,2.87,4.79,,HRANA
ČOKOLADA MLIJEČNA S BADEMIMA.BŠ 80g KANDIT,90360994,NO GUILT,0.08 kg,ko,3.49,43.63,,3.49,3.49,3858889868948,HRANA
PUDER J&J BABY 100g,90361046,J&J,0.10 kg,ko,3.89,38.9,,3.89,3.89,3574661728513,KOZMETIKA
FLIPS BOBI KUKURUZNI 80g,90361165,BOBI,0.08 kg,ko,0.89,11.13,,0.89,0.89,3858891590981,HRANA
DEO REXONA M MARINE 150ml,90361861,REXONA,0.15 l,ko,,23.67,3.55,3.49,4.75,8710847864919,KOZMETIKA
BADEM JEZGRA GARDEN GOOD 500g,90363744,GARDEN GOOD,0.50 kg,ko,,7.98,3.99,4,4,3838900957042,HRANA
PAPAR CRVENI ZRNO ST 25g KOTANYI,90363956,KOTANYI,0.03 kg,ko,3.59,143.6,,3.09,3.59,9001414240830,HRANA
UMAK ORIGINAL 148ml FRANK’S,90364241,FRANK'S REDHOT,0.15 l,ko,3.89,26.28,,3.89,3.89,0041500888125,HRANA
KAVA DG  AU LAIT 16/1 3PACK 480g,90373528,DOLCE GUSTO,0.48 kg,ko,12.99,27.06,,12.99,12.99,7613287337030,HRANA
PEL LUMPI PREMIUM MIDI 3 (4-9kg) 50/1,90380401,LUMPI,50.00 ko,ko,6.63,0.13,,5.97,5.97,3850334154323,TOALETNE POTREPŠTINE
VINO ORAHOVICA CHARDONNAY  KV 0.75L,90380618,PP ORAHOVICA,0.75 l,ko,5.55,7.4,,5.55,5.55,3859888114098,PIĆE
JOGURT FORTIA JAG GRO BOR 330g VINDIJA,90382176,FORTIA,0.33 kg,ko,1.49,4.52,,1.27,1.49,3850108032680,HRANA
PIĆE GAZIRANO SKY COLA ZERO 0.5L,90382312,SKY,0.50 l,ko,0.95,1.9,,0.95,0.95,3875000181625,PIĆE
MLIJEKO ZAMJ BEBIMIL 2 600g,90389161,BEBIMIL,0.60 kg,ko,11.29,18.82,,11.29,11.29,9007253104906,HRANA
TORTELLINI RICCOTA ŠPINAT 250g NAŠE K,90400510,AURELIA,0.25 kg,ko,2.89,11.56,,2.79,2.89,3859892780692,HRANA
KOLAČI MIJEŠANI 500g MLINAR,90400680,MLINAR,0.50 kg,ko,10.09,20.18,,6.99,10.09,3858889892509,HRANA
NAPITAK RIŽA BADEM 1L BIO ZONE,90402149,BIO ZONE,1.00 l,ko,2.39,2.39,,1.79,2.39,3850334129413,HRANA
BOJA PALETTE DELUXE LED SREB,90402595,PALETTE DELU,1.00 ko,ko,,4.79,4.79,4.79,4.79,9000101267303,KOZMETIKA
KREMA NIVEA MEN SENSITIVE 50ml,90402731,NIVEA,0.05 l,ko,14.19,283.8,,10.59,14.19,4005900735782,KOZMETIKA
ČETKICA CURAKID 4260 SUPERSOFT,90404574,CURAPROX,1.00 ko,ko,5.99,5.99,,5.99,5.99,7612412428100,KOZMETIKA
ULJE KOKOSOVO BEZ MIRISA 300ml BIOZONE,90406941,BIO ZONE,0.30 l,ko,2.09,6.97,,2.09,2.09,3838900841167,HRANA
ČOKOL MILKA ALMOND TRUFFLE 300g,90409316,MILKA,0.30 kg,ko,6.79,22.63,,3.99,3.99,7622201125813,HRANA
REGEN PANTENE REP&PROT 200ml,90410252,PANTENE,0.20 l,ko,2,10,,2,2,8001841740362,KOZMETIKA
ŠTRUDLA FINESSE MIJEŠANO VOĆE 252g,90410777,FINESSE,0.25 kg,ko,1.09,4.33,,1.09,1.09,3850334229588,HRANA
KEKS FINESSE INTEGRALNI NARANČA 210g,90410980,FINESSE,0.21 kg,ko,1.69,8.06,,1.69,1.69,3850334134684,HRANA
PLEĆKA ISTAR SUHA NAR MAP 80g PISINIUM,90411388,PISINIUM,0.08 kg,ko,3.19,39.88,,3.09,3.09,3858884937922,HRANA
SENDVIČ MINUTE KULEN TROKUT 150g,90412515,MINUTE,0.15 kg,ko,2.49,16.61,,2.49,2.49,3850334232069,HRANA
ROLL ON MEN EXP INV SPORT 50ml,90423414,MEN EXPERT,0.05 l,ko,5.19,103.8,,4.79,5.19,3600523908677,KOZMETIKA
ŠAMPON SYOSS FULL H 440ml,90424976,SYOSS,0.44 l,ko,,10.2,4.49,4.49,4.49,9000101276992,KOZMETIKA
PRŠUT K PLUS 100 g NAR,90428198,K PLUS,0.10 kg,ko,2.89,28.9,,2.29,2.69,3850334235930,HRANA
FILETI SL INĆUNA U SUNC ULJU 320g PELAGOS ,90432917,PELAGOS,0.32 kg,ko,12.99,40.59,,12.99,12.99,3859893545528,HRANA
HLAP ŽIVI ŽUVELA ,90457805,,1.00 kg,kg,69.69,69.69,,41.79,69.69,,HRANA
PELINKOVAC GORKI PLJOSKA 0.2/12 BAD,90462918,BADEL 1862,0.20 l,ko,3.79,18.95,,3.79,3.79,3850112111654,PIĆE
TEL BUT DOMAĆI SK ,90453822,MARTINJAK,1.00 kg,kg,10.11,10.11,,10.11,10.11,3859893702730,HRANA
GEL TUŠ NIVEA CARE&ROSES 750ml,90478502,NIVEA,0.75 l,ko,,5.53,4.15,4.99,8.29,5900017062419,KOZMETIKA
ŠAMPON SCHAUMA GREEN APPLE&NETT 400ml,90478922,SCHAUMA,0.40 l,ko,,7.48,2.99,2.99,4.19,9000101627633,KOZMETIKA
PROTEIN PUDING ČOKOLADA 200 g ALPRO,90880068,ALPRO,0.20 kg,ko,2.59,12.95,,2.59,2.59,5411188137764,HRANA
SUPER KEFIR LIMUN ĐUMB 330 ml VIND,90880079,Z BREGOV,0.33 kg,ko,1.59,4.82,,1.59,1.59,3850108036978,HRANA
PROTEIN NAP SLANA KARAM 250 ml ZOTT,90880086,ZOTT,1.00 ko,ko,1.29,1.29,,1.29,1.29,4014500520766,HRANA
SPREJ FRUCTIS SOS KERATIN 150 ml,90885234,FRUCTIS,0.15 l,ko,,25.6,3.84,5.49,5.49,3600542553025,KOZMETIKA
ŠAMPON OGX KERATIN 385 ml,90885696,OGX,0.39 l,ko,,17.38,6.69,8.45,8.45,0022796977519,KOZMETIKA
OM LENOR CHERRY 987 ml,90886186,LENOR,0.99 l,ko,,3.54,3.49,6.39,6.39,8700216724197,SREDSTVA ZA ČIŠĆENJE
KEKS MOUNTAIN BROWNIE 150 g GRIESSON,90887317,GRIESSON,0.15 kg,ko,2.35,15.67,,2.35,2.35,4001518117019,HRANA
KREMA LICE AFRODITA GROŽĐE HRANJ 50ml,90729665,AFRODITA,0.05 l,ko,10.99,219.8,,10.99,10.99,3831070659600,KOZMETIKA
PILEĆI POH ODREZAK 300g ABBELEN,90734808,ABBELEN,0.30 kg,ko,3.89,12.97,,3.89,3.89,4132500003239,HRANA
SIR SVJ POSNI PROT ACTIVE ZONE 500g,90734914,ACTIVE ZONE,0.50 kg,ko,1.85,3.7,,1.39,1.85,3850334340276,HRANA
KAKAO LUMPI VREĆICA 350g,90739658,LUMPI,0.35 kg,ko,2.19,6.26,,2.19,2.19,3850334072450,HRANA
ČIPS RIŽA CHEDDAR I CHUTNEY 60g B YOND,90739840,B YOND,0.06 kg,ko,1.29,21.5,,1.29,1.29,3800233091168,HRANA
KAŠA ZOB BOOM BOX BRUSNICA CHIA 60 g,90750226,BOOM BOX,0.06 kg,ko,0.99,16.5,,0.99,0.99,3856027801123,HRANA
DŽEM EXTRA MALINA BAKINA TAJNA 375 g,90750314,BAKINA TAJNA,0.38 kg,ko,6.09,16.24,,6.09,6.09,8606011031228,HRANA
KEKS NOBLICE KAKAO 4/1 222 g BANINI,90754713,BANINI,0.22 kg,ko,1.49,6.71,,1.49,1.49,8600462042536,HRANA
MLIJEKO ČOKOLADNO JUNIOR 0.2L DUKAT,90759878,DUKAT JUNIOR,0.20 l,ko,1.09,5.45,,1.09,1.09,3850354018124,HRANA
SIR MEKI KRAVLJI 400 g DIVAN GARDEN,90765204,DIVAN GARDEN,0.40 kg,ko,4.69,11.73,,4.69,4.69,3858894600199,HRANA
PARTY TRIK MIX PIZZA 300 g,90769668,TRIK,0.30 kg,ko,,3.97,1.19,1.29,1.79,8600462042406,HRANA
TIJESTO LASAGNE 500 g DE CECCO,90770152,DE CECCO,0.50 kg,ko,4.29,8.58,,4.29,4.29,8001250001757,HRANA
PRŽENI LUK 100 g GO-TAN,90770590,GO-TAN,0.10 kg,ko,2.49,24.9,,2.49,2.49,8710605030938,HRANA
TORTA PANGELATO NOUGAT 1150 g,90775190,CALIPPO,0.85 kg,ko,19.99,23.59,,19.99,19.99,8033706190227,HRANA
SOK 100% HRVATSKA JABUKA VINDI 1 L,90785360,VINDI,1.00 l,ko,2.29,2.29,,2.29,2.29,3850108078664,PIĆE
SIRUP ZA KAVU VANILIJA 0.25l MONIN,90804732,MONIN,0.25 l,ko,7.99,31.96,,7.99,7.99,3052910013776,HRANA
REGENER ELSEVE BOND REPAIR 150 ml,90805021,LOREAL ELSEVE,1.00 ko,ko,,6.36,6.36,8.49,8.49,3600524074906,KOZMETIKA
LIZALICA CHUPA CHUPS MEL COLA 15 g,90814826,CHUPA CHUPS,0.02 kg,ko,0.59,39.33,,0.59,0.59,6921211119807,HRANA
KAVA MACC BADEM BJ ČOKO DG 10/1 140g BARCAFFE,90824846,BARCAFFE,0.14 kg,ko,3.98,28.43,,3.98,3.98,3838471055017,HRANA
MATCHA PRAH PREMIUM BIO 20 g NUTRIGOLD,90825056,NUTRIGOLD,0.02 kg,ko,5.69,284.5,,5.69,5.69,3858891978024,HRANA
MEDENJACI FINESSE ČOKO MARELICA 150g,90825501,FINESSE,0.15 kg,ko,1.19,7.93,,1.19,1.19,3850334420381,HRANA
PLOČICA MALINA BEZ DOD ŠEĆ 30 g NEOH,90825946,NEOH,0.03 kg,ko,1.99,66.33,,1.99,1.99,9120085630020,HRANA
SNACK TAHI MED NAR KAK 50 g LOV BITES,90826230,LOV BITES,0.05 kg,ko,1.49,29.8,,1.49,1.49,5201044011273,HRANA
SIR CHEDDAR MATURE RED 200 g SPEC MOM,90829778,SPECIAL MOMENTS,0.20 kg,ko,3.79,18.95,,2.99,3.79,3850334429179,HRANA
KOBASICA ISTAR SUHA S TARTUF 135 g SPEC MOM,90834726,SPECIAL MOMENTS,0.14 kg,ko,4.99,36.96,,4.99,4.99,3850334431141,HRANA
GEL TUŠ DOVE W FRUIT NOUR XXL 450 ml,90850070,DOVE,0.45 l,ko,5.99,13.31,,5.99,5.99,8720181468407,KOZMETIKA
ORAH IND SUHOPRŽ SLANI VEDRINI 200 g,90850456,VEDRINI,0.20 kg,ko,3.89,19.45,,3.89,3.89,3858889333637,HRANA
RAŽA OGULJENA KOMIŽA,90870004,RZ KOMIŽA,1.00 kg,kg,9.99,9.99,,5.99,9.99,,HRANA
KUGLICE DAT LJEŠ KAK KI 100 g FITFIT,90884838,FIT&FIT,0.10 kg,ko,3.99,39.9,,3.99,3.99,8683923381689,HRANA
MAST GROŽĐANA  MELEM KIKI 10 ml,90885729,MELEM,0.01 l,ko,,279,2.79,2.63,3.29,3856007912740,KOZMETIKA
DET ARIEL MOUNTAIN SPRING 44TAB,90886261,ARIEL,44.01 ko,ko,25.49,0.58,,25.49,25.49,8700216764667,SREDSTVA ZA ČIŠĆENJE
ŠUNKA DOMAĆA FIT&FINA 100g NAR,90889737,PODRAVKA,0.10 kg,ko,2.19,21.9,,2.19,2.19,3856020279981,HRANA
SV VRAT SK ODR cca 600 g K PLUS,90890221,K PLUS,1.00 kg,kg,,5.49,5.49,6.19,6.19,3850139286304,HRANA
FINISH ULTIMATE GEL LEMON 1 L,90899663,FINISH ADW,1.00 l,ko,21.99,21.99,,21.99,21.99,5999109583727,SREDSTVA ZA ČIŠĆENJE
ČOKOLADA PUNJ KIKIRIKI  60 g NELINO,90899986,NELINO,0.06 kg,ko,1.99,33.17,,1.99,1.99,8606018945320,HRANA
MAHUNA ZELENA 500 grama,01400198,,0.50 kg,ko,2.29,4.58,,2.29,2.29,3850334071149,HRANA
PERŠIN KORIJEN 250 grama,01407833,KORA,0.25 kg,ko,1.39,5.56,,1.39,1.49,3850334357090,HRANA
UMAK MEXICO 250ML KUHNE,01490175,KUHNE,0.25 l,ko,2.79,11.16,,2.79,2.79,40804934,HRANA
GRAH CRV KUK MEKS UMAK 200g BONDU,01550386,BONDUELLE,0.20 kg,ko,2.09,10.45,,1.49,2.09,3083680495882,HRANA
ČAJNA KOB NAR 100g MA PIK VRBOVEC,02024388,PIK VRBOVEC,0.10 kg,ko,2.79,27.9,,2.19,2.19,3850139010435,HRANA
TIROLSKA KOB 400g PIK VRBOVEC,02036542,PIK VRBOVEC,0.40 kg,ko,4.49,11.23,,4.49,4.49,3850139171235,HRANA
HRENOVKE PIL SIR BEZ OV 300g CEKIN,02048161,CEKIN,0.30 kg,ko,2.15,7.17,,2.15,2.15,3850159120817,HRANA
SIR TVRDI EMENTALER KOLUT 80kg BAYER,02053534,BAYREUTH,1.00 kg,kg,16.99,16.99,,16.99,16.99,4002174003005,HRANA
ŠKAMP 31/40 SVJ FIORITAL,02195263,,1.00 kg,kg,18.29,18.29,,10.97,18.29,,HRANA
IGLA SVJ MEDUZA,02195507,,1.00 kg,kg,7.19,7.19,,4.31,7.19,,HRANA
MUZGAVAC CRNI,02197505,,1.00 kg,kg,6.99,6.99,,4.19,6.99,93856024300943,HRANA
MAJONEZA VREĆICA S ČEPOM 263G THOMY,90298303,THOMY,0.26 kg,ko,3.15,11.98,,3.15,3.15,3858890178678,HRANA
KOZICA 30/40 SVJ KONZUM,90298460,FIORITAL,1.00 kg,kg,18.19,18.19,,10.91,18.19,,HRANA
KREKER CROCO SIR 400g,90298550,CROCO,0.40 kg,ko,3.09,7.73,,3.05,3.05,5941194000085,HRANA
SKUŠA FILET U MASL ULJU 105g AQ,90299725,ADRIATIC QUEEN,0.07 kg,ko,3.29,44.76,,3.29,3.29,3850160110074,HRANA
VINO FRANKOVKA 0.75L VRH VINA BELJE,90311463,BELJE,0.75 l,ko,10,13.33,,10,10,3850257020606,PIĆE
VINO FRANKOVKA 0.75L VINA BELJE,90311485,BELJE,0.75 l,ko,,8.03,6.02,5.79,7.05,3850257020514,PIĆE
PLOČICA VOĆNA DATULJA BADEM 40g ROOKIES,90320167,ROOKIES,0.04 kg,ko,1.33,33.25,,1.33,1.33,3800232736237,HRANA
HRANA PSI VON BARF CLASS 5X500g,90320209,VON BARF,2.50 kg,ko,19.49,7.8,,15.58,19.49,3859893426025,PROIZVODI ZA KUĆANSTVO
RUKAVICE VILEDA MULTI LATEX 10/1 M/L,90325485,VILEDA,1.00 ko,ko,4.45,4.45,,3.11,4.45,4023103093089,PROIZVODI ZA KUĆANSTVO
GEL TUŠ L'ANGELICA ALOA VERA 500ml,90341634,L ANGELICA,0.50 l,ko,3.25,6.5,,1.99,3.25,8017331076798,KOZMETIKA
MVITA VITAMIN C 250mg 80g,90346370,MULTIVITA,0.08 kg,ko,2.19,27.38,,2.19,2.19,8606013060547,HRANA
JELEN GULAŠ 450g NIMROD,90350674,NIMROD,0.45 kg,ko,7.3,16.22,,7.3,7.3,3830034366080,HRANA
SIRUTKA 1L DUKAT,90354063,DUKAT,1.00 l,ko,1.29,1.29,,1.29,1.29,3850354014478,HRANA
DIVLJA ORADA -300 MEDUZA,90356786,MEDUZA,1.00 kg,kg,8.39,8.39,,5.03,8.39,,HRANA
DEO OLD SPICE BEARGLOVE 150ml,90359983,OLD SPICE,0.15 l,ko,,24.93,3.74,4.99,4.99,4015600860332,KOZMETIKA
ROŠTILJ KOBASICA 420g (MA) PIK VRBOVEC,90360401,PIK VRBOVEC,0.42 kg,ko,3.59,8.55,,2.51,3.59,3850139443592,HRANA
DET LIKVI ECO ACT NAT 450ml,90362447,LIKVI,0.45 l,ko,1.39,3.09,,1.19,1.39,3850105169822,SREDSTVA ZA ČIŠĆENJE
GAZ PIĆE COCKTA FREE 1.5L,90362860,COCKTA,1.50 l,ko,1.75,1.17,,1.45,1.45,3838471037037,PIĆE
SENDVIČ KOBASICA NAR 100g MA PIK,90370528,PIK VRBOVEC,0.10 kg,ko,1.79,17.9,,1.79,1.79,3850139181227,HRANA
GULAŠ GOVEĐI 300g GAVRILOVIĆ,90377511,GAVRILOVIĆ,0.30 kg,ko,4.45,14.83,,4.45,4.45,3858892720912,HRANA
GEL OLIVAL KURKUMA 250ml,90380272,OLIVAL,0.25 l,ko,3.29,13.16,,3.29,3.29,3859893186080,KOZMETIKA
OM DAX SUMMER 2L,90389182,DAX,2.00 l,ko,2.79,1.4,,2.29,2.79,3838900962404,SREDSTVA ZA ČIŠĆENJE
GORSKI SIR CHILLI 340g CASEUS,90404013,OPG CASEUS,0.34 kg,ko,5.79,17.03,,5.79,5.79,3857500021281,HRANA
TRAVARICA 0.75L HARMUND,90404148,HARMUND,0.75 l,ko,20.99,27.99,,18.69,20.99,3859893459108,PIĆE
RUM DIPLOMATICO RESERVA EX 12Y 0.7L,90404612,DIPLOMATICO,0.70 l,ko,46.49,66.41,,46.49,46.49,7594003620059,PIĆE
PANCETA ISTARSKA CCA 300g HISTRIS,90405218,HISTRIS,1.00 kg,kg,26.99,26.99,,26.99,26.99,,HRANA
KOBASICA DOM SA CRV PAPRIKOM MAP,90406668,MM,1.00 kg,kg,18.59,18.59,,18.59,18.59,3859893326622,HRANA
LEDENI DESERT BOUR VANILI 82g DR.OETKER,90408362,DR OETKER,0.08 kg,ko,1.39,16.95,,1.39,1.39,5997381365918,HRANA
HIG UL VIOLETA AIR FIT SUPER 20/1,90409478,VIOLETA,20.00 ko,ko,,0.1,1.99,1.99,2.65,3870128023451,TOALETNE POTREPŠTINE
UMAK NAPOLETANA 190g POLLI,90424671,POLLI,0.19 kg,ko,2.65,13.95,,2.65,2.65,8001310959226,HRANA
VISKI J WALKER BLACK 0.5L,90424872,JOHNNIE WALKER,0.50 l,ko,24.29,48.58,,24.29,24.29,5000267024400,PIĆE
PAS OGULJENI RZ KOMIŽA,90428181,RZ KOMIŽA,1.00 kg,kg,9.79,9.79,,5.87,9.79,,HRANA
MEDENE KUGLICE 235g MARLENKA,90438003,MARLENKA,0.24 kg,ko,6.99,29.74,,6.99,6.99,8594071650292,HRANA
TJESTENINA  CALAMARATA 500g RUMMO ,90447813,RUMMO,0.50 kg,ko,3.69,7.38,,3.69,3.69,8008343201414,HRANA
LUC ODREZAK,90457832,KORALJ,1.00 kg,kg,5.39,5.39,,3.23,5.39,,HRANA
INSTANT KAVA GOLD 200g BOČICA FRANC,90473017,FRANCK,0.20 kg,ko,9.79,48.95,,9.79,9.79,3850291055237,HRANA
JUHA OD RAJČICE S TJESTENINOM 62g MAGGI,90483183,MAGGI,0.06 kg,ko,1.09,17.58,,1.09,1.09,7613287259608,HRANA
JOGURT TEK 2.8% M.M. 1kg KRAVICA,90485369,KRAVICA KRALJICA,1.00 kg,ko,1.99,1.99,,1.89,1.99,3856015324306,HRANA
FUET SA TARTUFIMA 150g ELPOZO,90486163,ELPOZO,0.15 kg,ko,3.99,26.6,,3.99,3.99,8410843127376,HRANA
SIR TVRDI PAŠKI 300g MIH,90486866,SIRANA MIH,0.30 kg,ko,16.99,56.63,,12.99,16.99,3859891700608,HRANA
JABUKA CRIMSON SNOW,90875364,,1.00 kg,kg,1.99,1.99,,1.39,1.99,3856028689898,HRANA
DESERT MOUSSE NOUGA 165 g STAY STRON,90879855,STAY STRONG,1.00 ko,ko,1.59,1.59,,1.59,1.59,3850354019206,HRANA
ŠAMPON HERBA KOPRIVA 1 l,90885028,HERBA,1.00 l,ko,2.69,2.69,,2.69,2.69,5310001138585,KOZMETIKA
MIJEŠANO MLJEVENO MESO 750 g  K PLUS,90890228,K PLUS,0.75 kg,ko,5.29,7.05,,3.69,5.29,3850139280371,HRANA
CMOKI OKRUGLICE OD KRUHA 1 kg ZP,90890439,ZLATO POLJE,1.00 kg,ko,6.99,6.99,,6.99,6.99,3838700369175,HRANA
NAMAZ LINO LADA MILK MANIA 350 g,90900042,LINO LADA,0.35 kg,ko,3.99,11.4,,3.99,3.99,3856020280581,HRANA
MAJONEZA THOMY 165g TUBA,02200920,THOMY,0.17 kg,ko,2.49,15.09,,2.49,2.49,7613287084606,HRANA
PJENUŠAC HENKELL TROCKEN 0.75L,03030035,HENKELL TROC,0.75 l,ko,10.99,14.65,,10.55,10.55,4003310011625,PIĆE
DET PUR TOTAL LEMON 450ml,08013856,PUR,0.45 l,ko,1.99,4.42,,1.99,1.99,90005596,SREDSTVA ZA ČIŠĆENJE
GEL DAX ODČEP ODVODA 1L,08031846,DAX,1.00 l,ko,1.49,1.49,,1.29,1.49,3838900949795,SREDSTVA ZA ČIŠĆENJE
DESERT MONTE 150g ZOTT,90039873,MONTE,0.15 kg,ko,1.19,7.93,,1.19,1.19,40338248,HRANA
HIG UL ALWAYS UL SE NIGHT DUO 14/1,90058834,ALWAYS P&G,14.00 ko,ko,2,0.14,,2,2,4015400552154,TOALETNE POTREPŠTINE
POSLASTICA FILET ZEC 80g VK,90069989,VITAKRAFT,0.08 kg,ko,3.59,44.88,,3.59,3.59,4008239585769,PROIZVODI ZA KUĆANSTVO
KIKIRIKI U TIJESTU SIR 60g MOGYI,90381876,MOGYI,0.06 kg,ko,0.8,13.33,,0.6,0.8,5997347541295,HRANA
FRISKIES MM PIL. GOV. JANJ. PAČ 12X85g,90381996,FRISKIES,1.02 kg,ko,6.09,5.97,,6.09,6.09,7613036974301,PROIZVODI ZA KUĆANSTVO
PRAŠAK ME FIRST STORM LEMON LIME 20g,90400472,POLLEO,0.02 kg,ko,1.99,99.5,,1.99,1.99,3858892294024,HRANA
TIJESTO FUSILLI N. 78 500g AGNESI,90403775,AGNESI,0.50 kg,ko,1,2,,1,1,8001200025505,HRANA
SKUŠA SALATA S MASLINAMA MEDITERANA 125g DELAMARIS,90406823,DELAMARIS,0.13 kg,ko,2.35,18.8,,2.35,2.35,3838929568588,HRANA
TABINJA ŽUVELA,90408880,ŽUVELA,1.00 kg,kg,3.49,3.49,,2.09,3.49,,HRANA
ČOK TAMNA 71% SA NARA 85g RAJSKA PTICA,90412504,RAJSKA PTICA,0.09 kg,ko,6.59,77.53,,6.59,6.59,3830042990062,HRANA
RAKIJA TRAVARICA JEDNA 0.5L,90432803,JEDNA,0.50 l,ko,21.29,42.58,,21.29,21.29,0745125703305,PIĆE
TEL LOPATICA DOMAĆA SK ,90453826,MARTINJAK,1.00 kg,kg,8.89,8.89,,8.89,8.89,,HRANA
ĆEVAPČIĆI SA SIROM 540G (MA),90230894,PIK VRBOVEC,0.54 kg,ko,,7.39,3.99,3.49,4.99,3850139435641,HRANA
PAPAJA KOCKA EUROCOMPANY 150g,90286930,EUROCOMPANY,0.15 kg,ko,2.69,17.93,,2.69,2.69,3872084010902,HRANA
DN UL ALWAYS DEO RPW 20/1,90300072,ALWAYS P&G,20.00 ko,ko,1.86,0.09,,1.49,1.49,8001090361998,TOALETNE POTREPŠTINE
TP VIOLETA KAMILICA 16/1 3SL,90308094,VIOLETA,16.00 ko,ko,4.99,0.31,,3.89,4.99,3859892288686,TOALETNE POTREPŠTINE
SIR TVRDI GRANA PADANO 200g ZANETTI,90308122,ZANETTI,0.20 kg,ko,5.79,28.95,,5.79,5.79,8002710412007,HRANA
SIR TVRDI TARTUFIN MIH SIRANA,90308503,SIRANA MIH,1.00 kg,kg,44.99,44.99,,44.99,44.99,3859891700332,HRANA
SAPUN TEK PALM LHS DOYP MILK&HONEY 1L,90311122,PALMOLIVE,1.00 l,ko,,3.49,3.49,4.99,4.99,8714789992013,KOZMETIKA
HUMMUS DUO MIX SWEET ONION 200g RIBELLA,90311322,RIBELLA,0.20 kg,ko,2.25,11.25,,1.99,2.25,8606011898968,HRANA
ZIMSKA 80g NAR PODRAVKA,90319775,PODRAVKA,0.08 kg,ko,2.09,26.13,,2.09,2.09,3856020213183,HRANA
MIX FR 3U1 STRONG 180g VR,90320562,FRANCK,0.18 kg,ko,2.29,12.72,,2.29,2.29,3858881084681,HRANA
TUNJ SALATA DALMATINA 160g EVA,90320977,EVA,0.16 kg,ko,4.29,26.81,,1.99,4.29,3856020217617,HRANA
ALU PLADANJ 10/1,90325603,,10.00 ko,ko,17.25,1.73,,17.25,17.25,3858890050622,PROIZVODI ZA KUĆANSTVO
BOLERO CLASSIC ŠUMSKO VOĆE 9g,90325866,BOLERO,0.01 kg,ko,0.89,98.89,,0.89,0.89,3800048200229,PIĆE
KREMA ZA RUKE AFRODITA ARGAN 100ml,90341846,AFRODITA,0.10 l,ko,3.69,36.9,,3.69,3.69,3831070655718,KOZMETIKA
PROTEIN BCAA 2:1:1 250g,90345162,POLLEO,0.25 kg,ko,24.99,99.96,,24.99,24.99,3858892293546,HRANA
MJEŠ ZAČ ŠPAGETI BOLOGN 50g MAGGI,90348981,MAGGI,0.05 kg,ko,1.49,29.8,,1.49,1.49,7613287110251,HRANA
KOLAČIĆ SREĆE 6.5 g,90349127,KOLAČIĆ SREĆE,0.01 kg,ko,0.29,44.62,,0.29,0.29,8607000098512,HRANA
KOLAČI DOMAĆI 500g SUNDAY,90350401,SUNDAY,0.50 kg,ko,5.97,11.94,,5.97,5.97,5319991696198,HRANA
BJELANJAK TEKUĆI 1kg BALTICOVO,90350647,BALTICOVO,1.00 kg,ko,3.18,3.18,,3.18,3.18,4750456003846,HRANA
TOLSTOLOBIK ODR SVJ KONČANICA SEDLIĆ,90351781,,1.00 kg,kg,3.6,3.6,,2.16,3.6,,HRANA
SIR SVJ KRAVLJA SKUTA 250g DALMAT SIR,90354883,DALMATINSKI SIREVI,0.25 kg,ko,3.09,12.36,,3.09,3.09,3859893220067,HRANA
VANISH  LIQ WHITE 2L,90362929,VANISH,2.00 l,ko,13.99,7,,11.19,13.99,5999109562555,SREDSTVA ZA ČIŠĆENJE
KAVA FRANCK COFFEE&GO ORIG 9g,90363398,FRANCK,0.01 kg,ko,0.39,43.33,,0.39,0.39,3850291049281,HRANA
KREMA NIVEA Q10 EXTRA NOUR NOĆ 50ml,90377453,NIVEA,0.05 l,ko,,254.4,12.72,18.19,18.19,9005800319230,KOZMETIKA
BRIJAČ MAN MAX 6 OŠTR 1 PATRONA,90380493,MAN MAX,1.00 ko,ko,2,2,,2,2,3850334196453,KOZMETIKA
ŠTAPIĆI BIORAZG JASMIN NATURE 200/1,90380565,JASMIN,200.00 ko,ko,1.79,0.01,,1.79,1.79,3838985888934,TOALETNE POTREPŠTINE
PIVO OŽUJSKO 4X0.5L SUPER PONUDA,90382578,OŽUJSKO,2.00 l,ko,5.35,2.68,,5.35,5.35,3850131986011,PIĆE
ČAJ ĐUMBIR KURKUMA 35g TEEKANNE,90386076,TEEKANNE,0.04 kg,ko,2.59,74,,2.59,2.59,5901086058556,HRANA
PITA KRUMPIRUŠA JAMI 900G,90403341,JAMI,0.90 kg,ko,3.99,4.43,,3.19,3.99,3871832018221,HRANA
KONJAK HENNESSY COGNAC VSOP 0.7l,90404803,HENNESSY,0.70 l,ko,72.05,102.92,,72.05,72.05,3245999484319,PIĆE
ČAJ SLJEZOV 45g NATURAVITA,90407183,NATURAVITA,0.05 kg,ko,1.69,37.56,,1.69,1.69,3858884092065,HRANA
JUHA RAMEN MISO 66g AJINOMOTO,90412635,AJINOMOTO,0.07 kg,ko,1.69,25.61,,1.69,1.69,5901384500610,HRANA
VINO CHIANTI FREIXENET 0.75l ,90424806,FREIXENET,0.75 l,ko,10.05,13.4,,10.05,10.05,8410036808419,PIĆE
MLIJEKO SVJEŽE 3.2% 1L K PLUS,90478358,K PLUS,1.00 l,ko,1.06,1.06,,1.06,1.06,3850334385697,HRANA
HIG UL LIBRESSE ULTRA DUO 16/1,90484589,LIBRESSE,16.00 ko,ko,3.05,0.19,,1.99,3.05,7322540960273,TOALETNE POTREPŠTINE
ŽV GUMA ORBIT REFRESH PEPERMINT BOČ 67g,90485457,WRIGLEY,0.07 kg,ko,,50,3.35,4.2,4.2,4009900536288,HRANA
JOGURT B'AKTIV TREŠNJA 330g DUKAT,90514039,B'AKTIV,0.33 kg,ko,1.65,5,,1.29,1.29,3850354015871,HRANA
SAPUN LAHOR ORCHID&ALMOND 80g,90571753,LAHOR,0.08 kg,ko,0.89,11.13,,0.89,0.89,3850105177018,KOZMETIKA
PIZZA CAPRICCIOSA 330g MINUTE,90593057,MINUTE,0.33 kg,ko,,5.42,1.79,1.79,2.29,3850334132659,HRANA
KREMA LICE GARNIER VIT C 50ml,90598199,GARNIER,1.00 ko,ko,8.49,8.49,,8.49,8.49,3600542471039,KOZMETIKA
SIR POLUTV RIB ZA PIZZU K PLUS 250g,90598281,K PLUS,0.25 kg,ko,3.19,12.76,,3.19,3.19,3850334001016,HRANA
SAPUN DOVE BEAUTY CREAM 4X90g,90598307,DOVE,0.36 kg,ko,6.49,18.03,,6.49,6.49,8720181481529,KOZMETIKA
GEL TUŠ AXE EPIC FRESH 250ml,90598900,AXE,0.25 l,ko,,10.76,2.69,2.99,2.99,8720181204081,KOZMETIKA
CAPP JACOBS MILKA ČOKO 15.8g,90627710,JACOBS,0.02 kg,ko,0.59,37.34,,0.59,0.59,8711000680179,HRANA
SIR TVRDI EMENTALER MONKI,90648684,MONKI,1.00 kg,kg,11.94,11.94,,11.94,11.94,3858890211863,HRANA
TEQUILA SIERRA REPOSADO 0.7L,90648900,SIERRA UNIDA,0.70 l,ko,19.99,28.56,,19.99,19.99,4062400157308,PIĆE
ZP BIOREPAIR TOT PROTECTIVE 75ML,90652718,BIOREPAIR,0.08 l,ko,4.35,57.99,,4.35,4.35,8017331073735,KOZMETIKA
DET ARIEL COLOR 44 TAB,90662803,ARIEL,44.00 ko,ko,15,0.34,,15,15,8001090337054,SREDSTVA ZA ČIŠĆENJE
MAHUNA ZELENA 400g LEDO,90668442,LEDO,0.40 kg,ko,1.99,4.98,,1.99,1.99,3850116053196,HRANA
PAHULJICE BEZ DOD. ŠEĆERA 500g RISE&SMILE,90668774,RISE&SMILE,0.50 kg,ko,2.25,4.5,,2.25,2.25,8605002356944,HRANA
VEGETA 250g+50g GRATIS PODRAVKA,90668853,VEGETA,0.25 kg,ko,2.19,8.76,,2.19,2.19,3850104216466,HRANA
KRPICE MALE 400g LAURA,90669602,LAURA,0.40 kg,ko,2.15,5.38,,2.15,2.15,3859893592027,HRANA
KOBASICA DOMAĆA SUHA K PLUS,90670453,K PLUS,1.00 kg,kg,12.49,12.49,,12.49,12.49,,HRANA
PROTEIN 1ST WHEY 454G VANILA RASPBERRY,90674551,POLLEO,0.45 kg,ko,21.99,48.44,,21.99,21.99,3856026803753,HRANA
ALU FOLIJA 50MX29cm F&P,90675177,FRESH&PACK,1.00 ko,ko,3.49,3.49,,1,1,3850334431608,PROIZVODI ZA KUĆANSTVO
FOLIJA PRIJANJAJUĆA 50MX29cm F&P,90675181,FRESH&PACK,1.00 ko,ko,1.29,1.29,,0.97,0.97,3850334431622,PROIZVODI ZA KUĆANSTVO
PAPIR PEČENJE 20MX38cm F&P,90675185,FRESH&PACK,1.00 ko,ko,2.59,2.59,,1.99,1.99,3850334431646,PROIZVODI ZA KUĆANSTVO
CORN FLAKES HONEY NUT 450g NESTLE ,90675299,NESTLE ŽITAR,0.45 kg,ko,,7.53,3.39,3.99,3.99,5900020025692,HRANA
SIRUP K PLUS MALINA 1L,90703467,K PLUS,1.00 l,ko,2.55,2.55,,2.55,2.55,3850334044358,PIĆE
STICK DEO OLD SPICE CAPTAIN 2X50ml,90703761,OLD SPICE,0.10 l,ko,9.49,94.9,,9.49,9.49,8700216961998,KOZMETIKA
SLAD GRČKI JOGURT VIŠNJA 500ml,90703961,KRI KRI,0.50 l,ko,3.99,7.98,,3.99,3.99,5202234251417,HRANA
RAHAT LOKUM RUŽA 180g ADRIA,90705600,ADRIA,0.18 kg,ko,1.19,6.61,,1.19,1.19,3858890261844,HRANA
PILEĆI MEDALJONI CEKIN 400g,90707053,CEKIN,0.40 kg,ko,5.59,13.98,,5.15,4.89,3850159112850,HRANA
NJOKI 400g RANA,90707769,RANA,0.40 kg,ko,2.19,5.48,,2.09,2.19,8001665724036,HRANA
RUČNIK PAP PALOMA CLASSIC MAXI 2SL 1/1,90714759,PALOMA,1.00 ko,ko,2.39,2.39,,2.39,2.39,3838952026895,PROIZVODI ZA KUĆANSTVO
MLIJ NAM K PLUS 70g,90724740,K PLUS,0.07 kg,ko,,6.43,0.45,0.45,0.55,3850334063182,HRANA
DAX RUKAVICE LATEX BEZ PUD L 100/1 ,90725628,DAX,100.00 ko,ko,7.05,0.07,,4.99,7.05,3850334036537,PROIZVODI ZA KUĆANSTVO
TUNA ODREZAK RZ KOMIŽA,90725691,RZ KOMIŽA,1.00 kg,kg,29.99,29.99,,14.08,23.49,,HRANA
MILKSHAKE M-MINUTE MIX 20x230ml,90731087,MINUTE,4.60 l,ko,29.8,6.48,,29.8,29.8,3838900829370,HRANA
BOMBONIJERA ANTIQUE PELINKOVAC 158g,90731271,KRAŠ SELECTION,0.16 kg,ko,5,31.65,,5,6.99,3850102006755,HRANA
TJEST TAGLIAT CRN SIPE 400g PEREC,90731596,OPG PEREC,0.40 kg,ko,2.89,7.23,,2.89,2.89,3859894123046,HRANA
SET OS CAPT GENTL SG250+ST50+SPR150,90731997,OLD SPICE,1.00 ko,ko,8,8,,8,8,8700216131537,KOZMETIKA
PIL STRIPES OD FILE ZABATKA 400g,90732051,MEĐIMURSKO PILE,0.40 kg,ko,4.49,11.23,,4.99,4.99,3850220408417,HRANA
GROŽĐE CRVENO BEZ KOŠTICA 500g,90734970,,0.50 kg,ko,2.59,5.18,,2.49,2.59,3858885870747,HRANA
DET PERSIL GEL UNIVERSAL 1.98L=44PR,90744908,PERSIL,1.98 l,ko,,5.05,9.99,9.99,9.99,9000101574241,SREDSTVA ZA ČIŠĆENJE
PRALINE TRUFFLE MIX U VR 1000g,90745699,ELVAN,1.00 kg,ko,8.29,8.29,,8.29,8.29,8693029204782,HRANA
MUES GRANOLA FUN&FIT ČOKO 250 g,90750677,FUN&FIT,0.25 kg,ko,2.49,9.88,,2.49,2.49,8606015856100,HRANA
SOM AFR ODR PP ORAHOVICA,90750844,PP ORAHOVICA,1.00 kg,kg,14.29,14.29,,8.57,14.29,3858889833953,HRANA
MRKVA GRANULE 70g SOTINAC,90751067,OPG SOTINAC,0.07 kg,ko,1.29,18.43,,1.29,1.29,3859893718373,HRANA
VINO SAUVIGNON JERUZALEM ORMOŽ 0.75L,90754787,JERUZALEM,0.75 l,ko,7,9.33,,7,7,3830001600117,PIĆE
SIR MEKI MOZZAR LIGHT 125g GALBANI,90764683,GALBANI,0.13 kg,ko,2.19,17.52,,2.19,2.19,8000430137019,HRANA
GEL TUŠ J&J ADULT MED JOGURT 400 ml,90765096,J&J,0.40 l,ko,,7.13,2.85,4.09,4.09,3574661385730,KOZMETIKA
ŠAMP I KUP SEPTONA BABY ALOE 500ml,90765164,SEPTONA,0.50 l,ko,4.99,9.98,,4.99,4.99,5201410220056,KOZMETIKA
TUNJ SALATA DALMATINA 2X160 g EVA,90765185,EVA,0.32 kg,ko,7.89,24.66,,3.89,7.89,3856020269555,HRANA
BOMBONI MEK RATTLERZ 120g BAZOOKA,90769651,BAZOOKA,0.12 kg,ko,1.99,16.58,,1.99,1.99,5011053023545,HRANA
UMAK BBQ LJUTI 300 g ZVIJEZDA,90770115,ZVIJEZDA,0.30 kg,ko,2.49,8.3,,2.49,2.49,3856015328205,HRANA
FLUID AFRODITA MEN HYDRA 50 ml,90771294,AFRODITA,0.05 l,ko,3,60,,3,3,3831070660378,KOZMETIKA
DEO AXE JUNGLE FRESH 150 ml,90774679,AXE,0.15 l,ko,,22.74,3.41,4.55,4.55,8720181436734,KOZMETIKA
STICK REXONA W BRIGHT BOUQET 50 ml,90774996,REXONA,0.05 l,ko,5.29,105.8,,3.89,5.29,59097938,KOZMETIKA
KREMA RUKE ZOR MAST ANTI AGING 50 ml,90775298,ZORINA MAST,0.05 l,ko,4.19,83.8,,4.19,4.19,3859894008237,KOZMETIKA
PRAŠK. NAPITAK TOCO LOCO LIMUN 550 g,90784760,TOCO LOCO,0.55 kg,ko,4.99,9.07,,4.99,4.99,3856028500704,PIĆE
FLUID NIVEA SUN SPF 50+ 40 ml,90784796,NIVEA,0.04 l,ko,,253.25,10.13,14.49,14.49,4006000103488,KOZMETIKA
DET ARIEL AMETHYST 36 TAB,90785326,ARIEL,36.01 ko,ko,15,0.42,,15,15,8700216357128,SREDSTVA ZA ČIŠĆENJE
KRUH AGRAMER 500 g NAR PAK KLARA,90789925,KLARA,0.50 kg,ko,1.55,3.1,,1.55,1.55,3856016907041,HRANA
DŽEM K PLUS EXTRA MARELICA MANJE Š 330g,90794850,K PLUS,0.33 kg,ko,1.99,6.03,,1.99,1.99,3850334111807,HRANA
KULEN THE MEAT,90799905,THE MEAT,1.00 kg,kg,39.99,39.99,,39.99,39.99,,HRANA
BOMBON GUM KIS RAINBOW STRIPS 75g ZOZOLE,90809813,ZOZOLE,0.08 kg,ko,1.19,15.87,,1.19,1.19,5900353700211,HRANA
MRKVA 500 g BIO ZONE,90810469,BIO ZONE,0.50 kg,ko,1.29,2.58,,1.29,1.29,3856028689379,HRANA
BRAZILSKI ORAH BIO SNACK 75 g NUTRIGOLD,90825238,NUTRIGOLD,0.08 kg,ko,1.89,25.2,,1.51,1.89,3858894431328,HRANA
INDIJSKI ORAŠČ BIO SNACK 100 g NUTRIGOLD,90825236,NUTRIGOLD,0.10 kg,ko,1.99,19.9,,1.59,1.99,3858894431281,HRANA
ČOKOLADA DORINA EXTRA MILK 220g,90825646,DORINA,0.22 kg,ko,4.49,20.41,,3.49,4.49,3850102012930,HRANA
ČIPS LAY'S MAXX SALSA 120g,90825710,PEPSICO,0.12 kg,ko,2.19,18.25,,1.89,1.89,5900259135834,HRANA
RAVIOLI BURRATA&RAJČ 250 g SPEC MOMENTS,90825761,SPECIAL MOMENTS,0.25 kg,ko,2.49,9.96,,2.09,2.49,3850334421159,HRANA
ŠTRUDLA SMOKVA 400g LASTA,90826470,LASTA,0.40 kg,ko,3.99,9.98,,3.99,3.99,3870128037908,HRANA
SOL CVIJET SOLI SPECIAL MOMENTS 85g,90829786,SPECIAL MOMENTS,0.09 kg,ko,4.49,52.82,,4.49,4.49,3850334430397,HRANA
PROTEIN ZOE WHEY FRENCH VANILLA 25 g,90839960,ZOE,0.03 kg,ko,1.99,79.6,,1.99,1.99,3856026709888,HRANA
PROTEIN ZOE CL HYDRO PINA COLADA 25 g,90839968,ZOE,0.03 kg,ko,2.49,99.6,,2.49,2.49,3856026710341,HRANA
BOJA OLIA 7.40 INTENSE COPPER,90850071,GARNIER OLIA,1.00 ko,ko,7.59,7.59,,7.19,7.59,3600542601948,KOZMETIKA
SLANUTAK 400/240 g E BUONO,90850334,E BUONO,0.24 kg,ko,0.99,4.13,,0.99,0.99,3858894141777,HRANA
ČETKICA ELMEX EXPERT PR CARIES MED,90850515,ELMEX,1.00 ko,ko,5.45,5.45,,5.19,5.19,8718951667037,KOZMETIKA
KREMA RUKE MELEM 1 MIN 50 ml,90850556,MELEM,0.05 l,ko,,53.8,2.69,2.63,3.29,3856007912450,KOZMETIKA
PAHULJICE LUMPI PILL NOUG MAXX 500 g,90864986,LUMPI,0.50 kg,ko,1.79,3.58,,1.79,1.79,3850334433558,HRANA
TJEST SIMPLY PASTA SPIRALI MINI 500g,90875093,SIMPLY PASTA,1.00 ko,ko,1.29,1.29,,0.89,1.29,3850334377715,HRANA
TJEST SIMPLY PASTA MINI SLOVA  500 g,90875098,SIMPLY PASTA,0.50 kg,ko,1.29,2.58,,0.89,1.29,3850334410573,HRANA
CROISSANT 7DAYS MIDI KAK KOKOS 80 g ,90879904,CHIPITA,0.08 kg,ko,1.29,16.13,,1.29,1.29,7622201392017,HRANA
DN UL CAREFREE COTTON NORMAL 20/1,90880014,CAREFREE,20.00 ko,ko,2.69,0.13,,2.69,2.69,3574661792620,TOALETNE POTREPŠTINE
STICK REXONA W INV B&W 50 ml,90885061,REXONA,0.05 l,ko,4.75,95,,4.75,4.75,59002734,KOZMETIKA
GEL AXE SUNSET FRESH 400 ml,90885118,AXE,0.40 l,ko,4.99,12.48,,4.99,4.99,8720181598616,KOZMETIKA
ROLL ON BOROTALCO MARINE 50 ml,90885414,BOROTALCO,0.05 l,ko,3.99,79.8,,1.99,3.99,80807223,KOZMETIKA
OM LENOR PT FLORAL BOUQUET 1.239 L,90886168,LENOR,1.24 l,ko,7.39,5.96,,7.39,7.39,8700216726900,SREDSTVA ZA ČIŠĆENJE
TIKVA HOKAIDO,01405819,,1.00 kg,kg,2.29,2.29,,2.29,2.29,3856017203159,HRANA
DŽEM ŠUM VOĆE 340g SCHW 1210,01464005,SCHWARTAU,0.34 kg,ko,5.31,15.62,,5.31,5.31,4011800841812,HRANA
KEČAP BLAGI 500g ZVIJEZDA,01490071,ZVIJEZDA,0.50 kg,ko,1.99,3.98,,1.49,1.49,3858882210874,HRANA
DRESSING THOUS ISLANDS 250ML KUHNE,01491220,KUHNE,0.25 l,ko,2.89,11.56,,2.89,2.89,40804880,HRANA
KETJAP MANIS 250ML YOUWOK,01491660,YOUWOK,0.25 l,ko,3.09,12.36,,3.09,3.09,8717228380075,HRANA
UMAK TAJL LJUTA PAPR 250ML YOUWOK,01491661,YOUWOK,0.25 l,ko,3.25,13,,3.25,3.25,8717228380020,HRANA
PRSA PILEĆA U OVITKU VINDIJA,02033606,CEKIN,1.00 kg,kg,9.99,9.99,,9.99,9.99,3850159120329,HRANA
PAŠTETA KOKOŠJA 135g PODRAVKA,02160032,PODRAVKA,0.14 kg,ko,1.49,11.04,,1.49,1.49,3850104020452,HRANA
PILEĆI RAGU 200g       PODRAVKA,02166678,PODRAVKA,0.20 kg,ko,2.49,12.45,,2.49,2.49,3850104068478,HRANA
OSLIĆ I SVJ FIORITAL,02197522,,1.00 kg,kg,9.09,9.09,,5.45,9.09,93856024302053,HRANA
MARGARIN MARGO CLASSIC 15g ZVIJEZDA,02210238,MARGO,0.02 kg,ko,0.39,26,,0.39,0.39,3858882213677,HRANA
JUN VRAT BK ,02412007,,1.00 kg,kg,10.99,10.99,,10.99,10.99,3850139401547,HRANA
PIVO BECK'S 0.5L LIM ZAG PIV,03040052,BECKS,0.50 l,ko,1.65,3.3,,1.65,1.65,3850131290101,PIĆE
NEKTAR NARANČA YIPPY 0.2L,03145151,YIPPY,0.20 l,ko,0.69,3.45,,0.69,0.69,9008700149266,PIĆE
TIJES BARILLA FUSILLI INTEGR 500g,04052279,BARILLA,0.50 kg,ko,3.15,6.3,,3.15,3.15,8076809529457,HRANA
ČAJ MAJČ.DUŠICA TR.PR.30g OM FRANCK,04092225,FRANCK,0.03 kg,ko,2.49,83,,2.49,2.49,3858881086777,HRANA
FLIPS TIP TOP PIZZA 45g,04150590,TIP TOP,0.05 kg,ko,,19.78,0.89,0.89,1.09,3856021303746,HRANA
PUDING JAGODA 40g VREĆ PODRAVKA,04183457,DOLCELA,0.04 kg,ko,0.75,18.75,,0.75,0.75,3850104216725,HRANA
BOMBON WERTHER'S ROLE 50g,04191232,WERTHERS,0.05 kg,ko,0.85,17,,0.85,0.85,40144016,HRANA
GEL TUŠ K PLUS OLEA KOK/VAN 300ml,06524213,OLEA,0.30 l,ko,1.19,3.97,,1.19,1.19,3850334103130,KOZMETIKA
REGENER PARISI ŽUTI  1L,06542724,PARISI,1.00 l,ko,3.29,3.29,,3.29,3.29,8008423400164,KOZMETIKA
BOJA PALETTE DELUXE 667  2110,06542978,PALETTE DELU,1.00 ko,ko,,4.79,4.79,4.79,4.79,3838824176871,KOZMETIKA
BALZAM NIVEA PB SENS 100ML,06560148,NIVEA,0.10 l,ko,11.89,118.9,,5.49,11.89,4005808228706,KOZMETIKA
VINO CHARDONAY 0.75L VRH ILOČKI PODR,03011961,ILOČKI PODRUMI,0.75 l,ko,12.05,16.07,,12.05,12.05,3859889556798,PIĆE
PRŠUT DALMATINSKI NAR 80 g MAP,90886635,VOŠTANE,0.08 kg,ko,3.29,41.13,,3.29,3.29,3858889494758,HRANA
STICK AMBR SOL SPF50+ 9 ml,90887193,GARNIER AMBRE SOLAIR,0.01 l,ko,,997.78,8.98,11.99,11.99,3600542624602,KOZMETIKA
MIX SPICY LA GRANA 125 g,90887266,EUROCOMPANY,0.13 kg,ko,1.99,15.92,,1.99,1.99,3872084015518,HRANA
KEKS JIMMY VANILIJA 135 g,90887283,JIMMY FANTASTIC,0.14 kg,ko,2.69,19.93,,2.69,2.69,8600939843635,HRANA
BOMBON GUM LOVELY FRUITS 80 g BEBETO,90887331,BEBETO,0.08 kg,ko,0.99,12.38,,0.99,0.99,8690146658214,HRANA
ORADA SALATA MEDITERANA 170 g DEL,90889706,DELAMARIS,0.17 kg,ko,4.99,29.35,,4.99,4.99,3838929620040,HRANA
JAJA SVJEŽA M 10/1 POD UZGOJ ŽITO,90835052,ŽITO,10.00 ko,ko,2.99,0.3,,2.99,2.99,3859889611374,HRANA
TUNJ OCEAN SALA PIR I KVI 210g/160g,90869929,OCEAN,0.16 kg,ko,2.25,14.06,,2.25,2.25,3850334167934,HRANA
BOMBON GUMENI  BANANA 90 g FINI,90886075,FINI,0.09 kg,ko,1.39,15.44,,1.39,1.39,8410525116759,HRANA
SHEBA LOSOS U ŠTRUCI 85 g,90886235,SHEBA,0.09 kg,ko,1.09,12.82,,0.89,0.89,4008429069772,PROIZVODI ZA KUĆANSTVO
ČIPS HRUSTY STICKS SLANI 100 g,90887126,HRUSTY,0.10 kg,ko,0.99,9.9,,0.99,0.99,3838900820636,HRANA
MAR.PIL.FILE ZABATKA 400g Volim ljut,90890004,PERUTNINA PT,0.40 kg,ko,,8.23,3.29,3.49,4.29,3850220429016,HRANA
MEDITERANSKA SALAMA NAR 80 g,90890125,GAVRILOVIĆ,0.08 kg,ko,2.19,27.38,,2.19,2.19,3859892502546,HRANA
PASTA PAPRIKA TUBA 190 g PODRAVKA,90890334,VEGETA NATUR,0.19 kg,ko,1.99,10.47,,1.99,1.99,3856020278199,HRANA
DUCK WC GEL MANGO VERSE 750 ml,90899837,DUCK,0.75 l,ko,2.99,3.99,,2.99,2.99,5000204366457,SREDSTVA ZA ČIŠĆENJE
RAJČICA GRAPOLO,01405772,,1.00 kg,kg,2.69,2.69,,1.39,2.69,3850334173416,HRANA
PINĐUR K PLUS 540g,01480219,K PLUS,0.54 kg,ko,4.49,8.31,,4.49,4.49,3850334119056,HRANA
ULJE SEZAMOVO 150ML BLUE DRAGON,01490331,BLUE DRAGON,0.15 kg,ko,5.29,35.27,,5.29,5.29,5010338405205,HRANA
UMAK SUKIYAKI 250ML KIKKOMAN,01490823,KIKKOMAN,0.25 l,ko,,16.84,4.21,6.49,6.49,8715035230309,HRANA
GRAH SMEĐI 460g LIM PODRAVKA,01550062,PODRAVKA,0.46 kg,ko,2.19,4.76,,1.85,1.85,3850104025389,HRANA
RAJČICA PELAT 400g MUTTI,01570012,MUTTI,0.26 kg,ko,,3.81,0.99,1.46,1.46,8005110060007,HRANA
MASLINE CRNE 400g ZVIJEZDA,01580199,ZVIJEZDA,0.40 kg,ko,4.59,11.48,,3.69,4.59,3858882213707,HRANA
ČAJNA KOB 650g MA REZ PIK VRBOV,02024464,PIK,1.00 kg,ko,17.69,17.69,,15.03,17.69,,HRANA
SIR TVRDI RIBANAC 40g DUKAT,02050951,PRESIDENT,0.04 kg,ko,1.49,37.25,,1.29,1.49,3850355007608,HRANA
TUNJ NATURALE 4X56g RIO MARE,02190811,RIO MARE,0.21 kg,ko,7.69,36.97,,4.99,7.69,8004030344570,HRANA
HOBOTNICA I SVJ MEDUZA,02195305,,1.00 kg,kg,16.99,16.99,,10.19,16.99,,HRANA
SRDELA SVJEŽA KONZUM,02198867,KONZUM,1.00 kg,kg,3.29,3.29,,1.97,3.29,,HRANA
SLAD QUATTRO JOY 1650ml,02351153,QUATTRO,1.65 l,ko,7.49,4.54,,4.99,7.49,3850116036113,HRANA
SIR SVJEŽI 20% MM 500g  VERONIKA,02398884,VERONIKA,0.50 kg,ko,2.59,5.18,,2.59,2.59,3859889622059,HRANA
VINO MALVAZIJA CORONICA 0.75L,03021702,CORONICA,0.75 l,ko,15.29,20.39,,14.89,14.89,3859893281006,PIĆE
VINO ROSE BENKOVAČKI 0.75L BADEL,03022014,VIN BENKOVAC,0.75 l,ko,7.59,10.12,,7.59,7.59,3850112163134,PIĆE
PJENUŠAC FREIXENET C NEVADA 0.75L,03030024,FREIXENET,0.75 l,ko,9.99,13.32,,7.19,9.99,8410036002015,PIĆE
LIKER MATIS ČOKOLDA 0.70L,03074005,FRUCTAL,0.70 l,ko,12.05,17.21,,12.05,12.05,3838945670326,PIĆE
DOMAĆI B 1L ZVEČEVO,03075210,ZVEČEVO,1.00 l,ko,10.65,10.65,,10.65,10.65,3858894171262,PIĆE
NAPITAK RED BULL 0.25L,03163559,RED BULL,0.25 l,ko,1.69,6.76,,1.19,1.19,9002490100070,PIĆE
KRUH PAN BAULETO INTEG 400g BARILLA,04016533,BARILLA,0.40 kg,ko,2.25,5.63,,2.25,2.25,8076809582483,HRANA
BRAŠNO OŠTRO T-400 1kg MLINETA,04034234,MLINETA,1.00 kg,ko,0.8,0.8,,0.65,0.65,3859888419018,HRANA
TIJESTO ŠIR VALJ REZANCI S JAJIMA 400g 1147,04050105,ZLATO POLJE,0.40 kg,ko,2.69,6.73,,1.59,1.59,3838700011470,HRANA
MUŠKAT ORAŠ MLJEV 50g BOČ KOTANY,04100218,KOTANYI,0.05 kg,ko,4.89,97.8,,4.49,4.89,9001414040300,HRANA
PAPAR CRNI ZRNO 50g FRANCK,04100304,FRANCK,0.05 kg,ko,2.39,47.8,,2.39,2.39,3858881083110,HRANA
KOPAR 11g VREĆ KOTANYI,04100428,KOTANYI,0.01 kg,ko,0.99,90,,0.99,0.99,9001414015100,HRANA
PAPAR MJEŠAVINA 35g MLINAC KOTANY,04100444,KOTANYI,0.04 kg,ko,4.39,125.43,,3.98,4.39,9001414041130,HRANA
BOMBON ŠUMI MIX 400g ŽITO,04196694,ŠUMI,0.40 kg,ko,3.99,9.98,,3.99,3.99,3838700040937,HRANA
ČOKOL DORINA JAFFA 100g,04211161,DORINA,0.10 kg,ko,1.99,19.9,,1.45,1.45,3850102123827,HRANA
VAFL NAPOL ČOK BEZ GL 125g SCHAR,04280004,DR SCHAR,0.13 kg,ko,,22.32,2.79,3.49,3.49,8008698001882,HRANA
SAPUN INT CHILLY ANTIBACT 250ML,06510237,CHILLY,0.25 l,ko,4.99,19.96,,4.99,4.99,8002410031973,KOZMETIKA
LAK TAFT VOLUMEN 250ml,06540607,TAFT,0.25 l,ko,,11.96,2.99,2.99,4.99,3838824058245,KOZMETIKA
BOJA PALETTE PNC 400 50+2X25ml,06543334,PALETTE PNC,0.10 l,ko,4.49,44.9,,4.49,4.49,3838824171289,KOZMETIKA
LOSION RALON 85ML SPORT PB 2849,06560192,RALON,0.09 l,ko,3.79,44.59,,3.79,3.79,3856007900990,KOZMETIKA
AJAX FLORAL FIESTA LILAC BREEZE 1L,08030411,AJAX,1.00 l,ko,3.69,3.69,,1.85,3.69,8718951278516,SREDSTVA ZA ČIŠĆENJE
SANITAR ORIG CITRUS FRESH 750ml,08031080,SANITAR,0.75 l,ko,2.59,3.45,,1.79,2.39,3850111502743,SREDSTVA ZA ČIŠĆENJE
PERMETAL 650ml,08031093,PERMETAL,0.65 l,ko,2.99,4.6,,1.89,2.99,3850111753596,SREDSTVA ZA ČIŠĆENJE
IDEAL PASTA 500g ZA RUKE0175,08032326,IDEAL,0.50 kg,ko,2.55,5.1,,2.55,2.55,3859888110175,KOZMETIKA
KEKS K PLUS FINESSE CHOCO COOKIES 150g,90051561,FINESSE,0.15 kg,ko,1.49,9.93,,1.49,1.49,3850334231864,HRANA
HAMBURGER PEČENI RFZ. PIK,90060910,PIK VRBOVEC,1.00 kg,kg,6.99,6.99,,6.99,6.99,3850139270020,HRANA
PAŠTETA KOK PIKANT ARGETA 95g,90061922,ARGETA,0.10 kg,ko,1.39,14.62,,1.19,1.39,3838471007382,HRANA
KAŠA ZOB MALINA 4X65g DOBRA,90073926,DOBRA,0.26 kg,ko,3.25,12.5,,2.29,2.29,8595054901073,HRANA
KEKS BREAKFAST MUESLI/FRUIT 160g,90080755,BREAKFAST,0.16 kg,ko,,9.31,1.49,1.49,1.89,3856014113512,HRANA
GEL TUŠ K PLUS OLEA ŠIP/ŠLJI 300ml,90089201,OLEA,0.30 l,ko,1.19,3.97,,1.19,1.19,3850334103192,KOZMETIKA
KREMA LOREAL AGE SPEC 45+ NOĆ 50ML,90089975,LOREAL,0.05 l,ko,9.99,199.8,,9.39,9.99,3600522550167,KOZMETIKA
BRAŠNO OŠTRO T-400 1kg BELJE,04031818,BELJE,1.00 kg,ko,0.82,0.82,,0.82,0.82,3850257015664,HRANA
TIJESTO VERMICELLI 5 500g ZARA,04050625,PASTA ZARA,0.50 kg,ko,1.09,2.18,,0.89,1.09,8004350130051,HRANA
TIJESTO ŠURLE SA ŠPAROGAMA 500g,04052228,KLARA M,0.50 kg,ko,4.19,8.38,,2.93,4.19,3859888499263,HRANA
ČAJ JAGODA VAN FILT OMOT 55g FRANCK,04090283,FRANCK,0.06 kg,ko,2.49,45.27,,2.49,2.49,3858881083837,HRANA
ČAJ JABUKA CIMET K 60g FRANCK,04093713,FRANCK,0.06 kg,ko,2.49,41.5,,2.49,2.49,3858881082694,HRANA
ŠEĆER SMEĐI MOLASS 500g BILLINGTON,04120019,BILLINGTON,0.50 kg,ko,2.99,5.98,,2.99,2.99,5010651001412,HRANA
KREKER DELIKATES 250g WASA,04149697,WASA,0.25 kg,ko,2.95,11.8,,2.95,2.95,7300400117951,HRANA
JUHA MESNE I GRIS OKRUG 52g PODRAVKA,04160311,PODRAVKA,0.05 kg,ko,1.39,26.73,,1.39,1.39,3850104249662,HRANA
KAŠ INST LJEŠNJAK ČOKOLINO 200g,04174519,LINO,0.20 kg,ko,2.59,12.95,,1.99,1.99,3850104230059,HRANA
ŽELATINA INSTANT 20g PODRAVKA,04180479,DOLCELA,0.02 kg,ko,0.89,44.5,,0.89,0.89,3850104227516,HRANA
BOMBON 505 S CRTOM BEZ ŠEĆ 80g KRAŠ,04190084,KRAŠ,0.08 kg,ko,1.49,18.63,,1.49,1.49,3850102216383,HRANA
FRUTABELA ŠUMS VOĆE JOG 30g FRUCTA,04210527,FRUTABELA,0.03 kg,ko,0.8,26.67,,0.8,0.8,3838945501095,HRANA
KEKS DIGESTIVE 400g  MC VITIES,04280477,MCVITIE'S,0.40 kg,ko,3.59,8.98,,3.59,3.59,5000396037937,HRANA
HIG UL ALWAYS UL NOR PL DUO 20/1,06500030,ALWAYS P&G,20.00 ko,ko,3.45,0.17,,2.29,2.29,8006540995839,TOALETNE POTREPŠTINE
ZP SENSOD MULTICARE 75ML,06513844,SENSODYNE,0.08 l,ko,,62.8,4.71,5.55,5.55,3800132250598,KOZMETIKA
SAPUN TEK K PLUS OLEA ALOE/JOG 500ml,06514017,OLEA,0.50 l,ko,1.45,2.9,,1.45,1.45,3850334567543,KOZMETIKA
KREMA NIVEA SOFT 300 ML,06520589,NIVEA,0.30 l,ko,10.99,36.63,,5.85,10.99,4005808760466,KOZMETIKA
BOJA PALETTE ICC N3     0064,06540412,PALETTE ICC,1.00 ko,ko,,3.49,3.49,3.49,3.49,3838824159492,KOZMETIKA
BOJA COLOR NAT 6.34 BL FO DO 5906,06542064,GARNIER COL NATURALS,1.00 ko,ko,,3.69,3.69,4.99,4.99,3600540335906,KOZMETIKA
ROLL ON NIVEA BLA&WHI CLEAR 50ml,06551144,NIVEA,0.05 l,ko,,83.8,4.19,4.19,4.19,42241898,KOZMETIKA
ROLL ON NEUTR POW FR 50 9062,06552354,NEUTRO ROBER,0.05 l,ko,3.49,69.8,,3.49,3.49,80619062,KOZMETIKA
KREMA NIVEA SOFT 200ML 0507,06590159,NIVEA,0.20 l,ko,,30.75,6.15,6.29,8.39,4005808758968,KOZMETIKA
CILLIT BANG SPR DEGRE TRIG 750 4210,08030254,CILLIT,0.75 l,ko,4,5.33,,4,4,5900627024210,SREDSTVA ZA ČIŠĆENJE
DOMESTOS CITRUS 750ML   9780,08030271,DOMESTOS,0.75 l,ko,2.95,3.93,,1.49,2.95,5996037079780,SREDSTVA ZA ČIŠĆENJE
SANITAR FRESH 650ml,08031151,SANITAR,0.65 l,ko,2.49,3.83,,2.19,2.49,3850111503405,SREDSTVA ZA ČIŠĆENJE
SPREJ NIV PR & BRONZE F30 200 ML,90037995,NIVEA,0.20 l,ko,,68.5,13.7,19.59,19.59,7319470012134,KOZMETIKA
CAPP FR IRISH 200g VR,90052346,FRANCK,0.20 kg,ko,3.29,16.45,,3.29,3.29,3858881085961,HRANA
ČIPS K PLUS HRUSTY BBQ XCUT 150g,90070296,HRUSTY,0.15 kg,ko,1.29,8.6,,1.29,1.29,3850334009852,HRANA
SAPUN TEK DAISY MED/KOK 500ml,90071149,DAISY,0.50 l,ko,0.89,1.78,,0.89,0.89,3850334355041,KOZMETIKA
SLAD QUATTRO MINI CHOCOMANIA 900ml,90084043,QUATTRO,0.90 l,ko,4.99,5.54,,3.79,3.79,3850116036298,HRANA
SLANUTAK LIM.400g/240g PODRAVKA,90091557,PODRAVKA,0.24 kg,ko,1.69,7.04,,1.69,1.69,3850104272349,HRANA
SRED.SUNČ. BEBE F50+ 50ml,90136772,GARNIER AMBRE SOLAIR,0.05 l,ko,,170.6,8.53,11.39,11.39,3600541436190,KOZMETIKA
UMAK BBQ SQUEEZE 250ML DEVELEY,90140639,DEVELEY,0.25 l,ko,2.99,11.96,,2.09,2.99,4006824000246,HRANA
ZAČIN CHILI VR 100g VEGETA NATUR,90147480,VEGETA NATUR,0.10 kg,ko,1.49,14.9,,1.49,1.49,3850104273490,HRANA
ODREZAK PILEĆI PANIRANI 400G LEDO,90157453,LEDO,0.40 kg,ko,7.69,19.23,,6.69,7.69,3850116103907,HRANA
BOJA EXCELLENCE 8,90164080,LOREAL EXCELLANCE,1.00 ko,ko,,6.69,6.69,8.59,8.99,3600523724901,KOZMETIKA
GEL ZA TUŠIRANJE ARGAN AFRODITA 250ml,90168036,AFRODITA,0.25 l,ko,2.99,11.96,,2.99,2.99,3831070651024,KOZMETIKA
PAPRIKA S AROMOM DIMA 25G KOTANYI,90185490,KOTANYI,0.03 kg,ko,0.99,39.6,,0.99,0.99,9001414019269,HRANA
INSTANT KAVOVINA BIANKA  110G,90187277,FRANCK,0.11 kg,ko,3.69,33.55,,3.69,3.69,3858881087538,HRANA
CIF SPREJ ZA KUPAONICU 750ML,90212254,CIF,0.75 l,ko,4.99,6.65,,4.99,4.99,8712561212144,SREDSTVA ZA ČIŠĆENJE
NAMAZ KONOP EKO 2X50G VEGETARIANA,90219593,VEGETARIANA,0.10 kg,ko,2.25,22.5,,2.25,2.25,3859892560478,HRANA
LIKER MEDICA 0.10,90235807,MARASKA,0.10 l,ko,1.69,16.9,,1.69,1.69,3850158202248,PIĆE
SRED SANYTOL ČIŠĆ DEZINF KUPAON 500ML,90243633,SANYTOL,0.50 l,ko,3.45,6.9,,3.45,3.45,3045206393003,SREDSTVA ZA ČIŠĆENJE
OSVJEŽIVAČ PERILICE LEMON 1/1 DAX,90270175,DAX,1.00 ko,ko,2.12,2.12,,1.69,2.12,3850334578006,SREDSTVA ZA ČIŠĆENJE
BRISAČ PODA MIKROFIBRA DRŠKA DAX,90276225,DAX,1.00 ko,ko,5.31,5.31,,5.31,5.31,3850334599377,PROIZVODI ZA KUĆANSTVO
PAPRIKA SLATKA MLJ VR 200g VEGETA MAESTRO,90282075,VEGETA MAESTRO,0.20 kg,ko,2.99,14.95,,2.99,2.99,3850104294648,HRANA
SV SLABINA I LEĐA SK MHF,90283095,,1.00 kg,kg,,4.69,4.69,4.59,4.29,3850139523416,HRANA
VODA SENSATION EUROPA 1.5L,90286678,SENSATION,1.50 l,ko,1.69,1.13,,1.39,1.69,3858890873443,PIĆE
SIR POLUTVRDI TRAPIST K PLUS 100g,90291798,K PLUS,0.10 kg,ko,1.45,14.5,,1.19,1.19,3850334343505,HRANA
KAŠA ZOB PROTEIN BOROV 65g SUPERFOODS,90297765,SUPERFOODS BY ENCIAN,0.07 kg,ko,1.65,25.38,,1.65,1.65,3858890102697,HRANA
HOBOTNICA I SVJEŽA KONZUM,90298481,,1.00 kg,kg,15.59,15.59,,9.35,15.59,,HRANA
KREMA ZA RUKE NIV REF CARE PČELINJI VOS 75ml,90299022,NIVEA,0.08 l,ko,,27.87,2.09,2.99,2.99,9005800291888,KOZMETIKA
PAŠTETA EVA TUNA POVRĆE LIM 95 G,90170245,EVA,0.10 kg,ko,1.72,18.11,,1.29,1.72,3850104274961,HRANA
DVOPEK INTEGRALNI 320g MISURA,90182805,MISURA,0.32 kg,ko,2.45,7.66,,2.45,2.45,8002590043148,HRANA
SAPUN NIVEA CREME CARE 100G,90185303,NIVEA,0.10 l,ko,1.49,14.9,,1.49,1.49,4005900217936,KOZMETIKA
VINO JAKO STINA PLAVAC MALI BARRIQUE 0.75L,90210581,STINA,0.75 l,ko,22.05,29.4,,22.05,22.05,3859892605049,PIĆE
BOJA PALETTE ICC 6 GRIM CRV,90215041,PALETTE ICC,1.00 ko,ko,,3.49,3.49,3.49,3.49,9000101003277,KOZMETIKA
INSTANT KAVA CREMA BOČ 80g FRANCK,90232960,FRANCK,0.08 kg,ko,5.19,64.88,,5.19,5.19,3850291055268,HRANA
KREMA LOREAL DE AGE SPEC 65+ DAN 50ML,90282086,LOREAL,0.05 l,ko,9.99,199.8,,9.39,9.99,3600523408948,KOZMETIKA
KUNJKA SVJEŽA KONZUM,90298477,MEDUZA,1.00 kg,kg,17.59,17.59,,10.55,17.59,,HRANA
PIVO SAN SERVOLO APA 0.33L NB,90300321,SAN SERVOLO,0.33 l,ko,2.95,8.94,,2.95,2.95,3859893049156,PIĆE
VINO MALVAZIJA 1L KK ISTRAVINO,90311361,LAGUNA,1.00 l,ko,7.55,7.55,,7.55,7.55,3858881193321,PIĆE
KOCKA ZA JUHU POVRTNA 110g,90344710,FATTORIA ITALIA,0.11 kg,ko,0.8,7.27,,0.8,0.8,8012429003311,HRANA
ULJE MASL ISTAR BJEL 250ML OL ISTRIA,90346272,OL ISTRIA,0.25 l,ko,9.99,39.96,,9.99,9.99,3858881193277,HRANA
KUPUS KIS BUČ ULJE ČEŠNJAK 250g,90348704,KORA,0.25 kg,ko,1.59,6.36,,1.59,1.59,3859891493630,HRANA
KOKOT 800 1000 MEDUZA,90356770,MEDUZA,1.00 kg,kg,17.59,17.59,,10.55,17.59,,HRANA
VOĆNI NAMAZ MARELICA SUNNY 700g,90360219,SUNNY,0.70 kg,ko,2.99,4.27,,2.99,2.99,3850334153029,HRANA
ČAJ  NARAN CIMET KURK 20X2.5g NATUR,90363486,NATURAVITA,0.05 kg,ko,2.19,43.8,,2.19,2.19,3858884091600,HRANA
SIR POLUT ČARDAŠ 150g REZ,90365085,ZDENKA,0.15 kg,ko,2.89,19.27,,2.89,2.89,3858888597771,HRANA
ORAH MAKADAMIJSKI VEDRINI 100g,90377895,VEDRINI,0.10 kg,ko,3.79,37.9,,3.29,3.29,3858889332159,HRANA
SVJEŽE TIJESTO SPATZLI MINUTE 400g,90377905,MINUTE,0.40 kg,ko,1.69,4.23,,1.69,1.69,3850334195586,HRANA
NATUREL NAMAZ OD POVRĆA S PAPRIKOM 75g ALU,90386136,NATUREL,0.08 kg,ko,1.45,19.33,,0.99,1.45,3858887246212,HRANA
ORADA BIO NEOČIŠĆENA  600-800g,90403697,CROMARIS,1.00 kg,kg,14.79,14.79,,8.87,14.79,3859892725839,HRANA
ŠAMPON SYOSS COLOR 440ml,90424971,SYOSS,0.44 l,ko,,10.2,4.49,4.49,4.49,9000101276916,KOZMETIKA
PANIRANI PILEĆI MEDALJONI  400g,90438159,CEKIN,0.40 kg,ko,4.85,12.13,,4.85,4.85,3850159141287,HRANA
ČAJ K PLUS UVIN 20X1.5g,90453804,K PLUS,0.03 kg,ko,1.25,41.67,,1.25,1.25,3850334240101,HRANA
BRANCIN 200-300  G LIBURNIJA,90230560,,1.00 kg,kg,9.99,9.99,,5.99,9.99,,HRANA
DET JAR LEMON 900ml,90232375,JAR HDW,0.90 l,ko,4.15,4.61,,2.35,4.15,4015400795193,SREDSTVA ZA ČIŠĆENJE
ZAČIN BOTANICALS GIN & TONIC 3 /1,90235833,BOTANICALS,1.00 ko,ko,7.79,7.79,,7.79,7.79,8412206006144,PIĆE
PATRON TEQUILA SILVER 0.7L,90236036,PATRON,0.70 l,ko,59.05,84.36,,59.05,59.05,721733000739,PIĆE
FRISEE-RADIČ-MRKVA 400 grama,90260870,KONZUM,0.40 kg,ko,1.99,4.98,,1.99,1.99,3850334586438,HRANA
DEO REXONA W ACTIVE SHIELD FRESH 150ml,90281843,REXONA,0.15 l,ko,4.75,31.68,,3.49,4.75,8710908760716,KOZMETIKA
TUBA VOĆNA HIPP KRUŠ BAN KIVI 100g,90290033,HIPP,0.10 kg,ko,1.35,13.5,,1.05,1.35,4062300278578,HRANA
TORTELLONI RICOTTA ŠPINAT 450g,90290449,AURELIA,0.45 kg,ko,4.79,10.64,,4.51,4.79,3859892780654,HRANA
VIVIS SVJEŽI KREM SIR VLASAC 100g,90299403,VIVIS,0.10 kg,ko,,10.9,1.09,1.09,1.29,3850108058932,HRANA
SREDSTVO DAX STAKLO 1L,90307575,DAX,1.00 l,ko,1.39,1.39,,1.39,1.39,3850334348197,SREDSTVA ZA ČIŠĆENJE
PRŠUT RUŽA NAR 500g MAP PISINIUM,90319748,PISINIUM,0.50 kg,ko,16.49,32.98,,16.49,16.49,3858884936444,HRANA
BOMBON SMARTIES TUBA 130g,90331260,SMARTIES,0.13 kg,ko,3.49,26.85,,3.49,3.49,7613036274777,HRANA
PIVO HEINEKEN ZERO LIMENKA 0.33L,90334663,HEINEKEN,0.33 l,ko,1.35,4.09,,1.35,1.35,3830054841802,PIĆE
CESAR MP IZBOR U ŽELEU 4X100g,90335172,CESAR,0.40 kg,ko,3.79,9.48,,2.99,3.79,5900951253577,PROIZVODI ZA KUĆANSTVO
JOGURT VOĆ MIX 150g DUKAT,90354070,DUKAT,0.15 kg,ko,0.53,3.53,,0.39,0.39,3850354012429,HRANA
DENTALIFE SREDNJI 115g,90361577,DENTALIFE,0.12 kg,ko,2.19,19.04,,2.19,2.19,7613035378728,PROIZVODI ZA KUĆANSTVO
ČETKICA CURAPROX 3PACK 1560 US,90362572,CURAPROX,3.00 ko,ko,13.99,4.66,,13.99,13.99,7612412001563,KOZMETIKA
ČAJ CITRUS MIX AHMAD 20X2g,90362737,AHMAD,0.04 kg,ko,3.05,76.25,,3.05,3.05,054881000048,HRANA
VINO VRANAC KV PLANTAŽE 1L,90364639,PLANTAŽE,1.00 l,ko,4.65,4.65,,4.65,4.65,3899003001070,PIĆE
SIR SVJEŽI VARAŽD U SIRNOJ MAR 600g,90380833,Z BREGOV,0.60 kg,ko,4.29,7.15,,3.59,4.29,3850108058826,HRANA
MUESLI GRA FIT KAKAO ORAŠ PLOD 300g SANTE,90386092,SANTE,0.30 kg,ko,3.99,13.3,,3.99,3.99,5900617037190,HRANA
SV BUT U KOŽI RAV REZ S NOG ,90388985,PIK VRBOVEC,1.00 kg,kg,3.49,3.49,,3.49,3.49,3850139432046,HRANA
PUDING ČOKOLADA 123g 3X41g SWEET CHEF,90389460,SWEET CHEF,0.12 kg,ko,0.57,4.63,,0.57,0.57,3850334197603,HRANA
KEKS PLAZMA STIKSI LJEŠNJAK 125g,90404756,BAMBI,0.13 kg,ko,2.35,18.8,,2.35,2.35,8600043029536,HRANA
KAŠICA FRUTEK PIŠKOTI JAB 100g,90406813,FRUTEK,0.10 kg,ko,,11.9,1.19,1.19,1.39,3838945038003,HRANA
KAVA DOLCE GUSTO FLAT WHITE 16/1 187.20g,90407350,DOLCE GUSTO,0.19 kg,ko,6.49,34.67,,5.29,6.49,7613036595735,HRANA
SENDVIČ PANE AMORE PILETINA RIK 140G,90409398,PANE AMORE,0.14 kg,ko,2.79,19.93,,2.79,2.79,8020693070106,HRANA
ČOKOLADA TAMNA KUPINA BŠ 80g KANDIT,90412125,NO GUILT,0.08 kg,ko,3.49,43.63,,3.49,3.49,3856024801348,HRANA
ROMV UV 1-1.5 ŽUVELA,90425148,ŽUVELA,1.00 kg,kg,16.39,16.39,,9.83,16.39,,HRANA
KRASTAVAC K PLUS REZANI 670G/360g,90732349,K PLUS,0.36 kg,ko,1.79,4.97,,1.49,1.79,3850334072078,HRANA
MUESLI ČOKO/KEKSI 500g KOLLN,90733521,KOLLN,0.50 kg,ko,5.99,11.98,,5.99,5.99,4000540003222,HRANA
PRALINE LINDT LINDOR MILK 137G,90733847,LINDT,0.14 kg,ko,7.99,58.32,,7.99,7.99,8003340807751,HRANA
FRISKIES SP ACTIVE GOVEDINA 500g,90733861,FRISKIES,0.50 kg,ko,2.29,4.58,,1.59,2.29,7613031395460,PROIZVODI ZA KUĆANSTVO
MUES GRAN ZOB BOOM BOX ČOK NARAN 300 g,90750337,BOOM BOX,0.30 kg,ko,3.99,13.3,,3.99,3.99,3856027801185,HRANA
KEKS DOMAĆI MIX 500g KEKSOMANIJA,90750969,KEKSOMANIJA,0.50 kg,ko,4.59,9.18,,3.89,4.59,3859894212016,HRANA
PAPRIKA ZAČ LJUTA DIMLJ 70g SOTINAC,90750978,OPG SOTINAC,0.07 kg,ko,1.79,25.57,,1.79,1.79,3859893718304,HRANA
VREĆA SMEĆE EXTRA JAKE 35 l 15/1 ALUFIX,90754958,ALUFIX,15.00 ko,ko,3.35,0.22,,2.51,3.35,4823071657890,PROIZVODI ZA KUĆANSTVO
GEL TUŠ NIVEA BABY HEAD TOE 200 ml,90759672,NIVEA,0.20 l,ko,,21.9,4.38,5.49,5.49,9005800369099,KOZMETIKA
VL MARAM PAMPERS HARMONIE AQUA 6X48,90764749,PAMPERS,288.18 ko,ko,16.99,0.06,,16.99,16.99,8006540826669,TOALETNE POTREPŠTINE
OSLIĆ U BILJNOM ULJU 100/70 g EVA,90765201,EVA,0.07 kg,ko,2.89,41.29,,2.89,2.89,3856020269616,HRANA
UMAK TERIYAKI 65g MAGGI,90769819,MAGGI,0.07 kg,ko,1.79,27.54,,1.79,1.79,8445291189850,HRANA
DET ARIEL OXI 1.76 kg=32PR,90769974,ARIEL,1.76 kg,ko,10,5.68,,10,10,8700216361040,SREDSTVA ZA ČIŠĆENJE
TJEST TAGLIAT VERDI 400 g MARODI,90769983,MARODI,0.40 kg,ko,2.99,7.48,,2.99,2.99,3859893944376,HRANA
GEL ČIŠĆ GARNIER PURE CHARC 250 ml,90774651,GARNIER,0.25 l,ko,6.99,27.96,,6.99,6.99,3600542566261,KOZMETIKA
MC MP SVINJETINA 405 g,90774794,MIGLIOR,0.41 kg,ko,1.19,2.94,,1.19,1.19,8007520027212,PROIZVODI ZA KUĆANSTVO
ČETKICA SIGNAL CHARCOAL SENSI 2/1,90775105,SIGNAL,2.00 ko,ko,5.99,3,,4.19,4.19,8720181239236,KOZMETIKA
SOK 100% JABUKA CIJEĐENA VINDI 1 L,90785358,VINDI,1.00 l,ko,2.49,2.49,,2.49,2.49,3850108074338,PIĆE
REGENER ELSEVE HYALURON PURE 200 ml,90800303,LOREAL ELSEVE,0.20 l,ko,,16.75,3.35,3.59,4.49,3600524164423,KOZMETIKA
SNACK VOĆ JAB/JAG/ŽIT/VAN 100g NUTRINO,90825374,NUTRINO,0.10 kg,ko,1.19,11.9,,1.19,1.19,8606019651527,HRANA
SENDVIČ ŠUNKA SIR 140 g EUROCHEF,90825711,EUROCHEF,0.14 kg,ko,2.29,16.35,,2.29,2.29,8033524203000,HRANA
MAGNEZIJEV KLORID 500 g NUTRIGOLD,90825829,NUTRIGOLD,0.50 kg,ko,3.99,7.98,,3.99,3.99,3858891972091,HRANA
KARE SUŠENI NAR 80 g GAVRILOVIĆ,90825849,GAVRILOVIĆ,0.08 kg,ko,2.69,33.63,,2.69,2.69,3858892726501,HRANA
KREKER GRAŠAK PROTEIN 100 g ENCIAN,90830293,ENCIAN,0.10 kg,ko,1.99,19.9,,1.99,1.99,3858894620364,HRANA
PROT ZOE CL HYDRO ON THE BEACH 454 g,90839906,ZOE,0.45 kg,ko,34.99,77.07,,34.99,34.99,3856026708270,HRANA
OAT BAR ZOE CHOCOLATE COCONUT 65 g,90839954,ZOE,0.07 kg,ko,1.69,26,,1.69,1.69,3856026711102,HRANA
KEKS FINESSE CRANBERRY COOKIES 150g,90473073,FINESSE,0.15 kg,ko,2.19,14.6,,2.19,2.19,3850334154453,HRANA
OM VIOLETA ORIGINAL 900ml,90488227,VIOLETA,0.90 l,ko,2.65,2.94,,2.65,2.65,3870128025967,SREDSTVA ZA ČIŠĆENJE
KAVA ESPR DECAFE JULIUS M 10/1NS 56g,90494387,JULIUS MEINL,0.06 kg,ko,5.29,94.46,,5.29,5.29,9000403940331,HRANA
BADEL PRIMA BRAND BLACK 0.7L,90498388,BADEL 1862,0.70 l,ko,15.05,21.5,,15.05,15.05,3850112141460,PIĆE
SIR VINOGRADARSKI CCA 400g VERONIKA,90513501,VERONIKA,1.00 kg,kg,10.48,10.48,,10.48,10.48,,HRANA
ŠAMPON H&S DEEP CLEASING 300ml,90518458,HEAD&SHOULDE,0.30 l,ko,6.69,22.3,,6.69,6.69,8001841996769,KOZMETIKA
MAST ZORINA 50g,90533158,ZORINA MAST,0.05 l,ko,8.19,163.8,,8.19,8.19,3857500100313,KOZMETIKA
MASKA LICE WHY 4D COLLAG 12ml,90571637,AFRODITA,1.00 ko,ko,2.49,2.49,,2.49,2.49,3831070652472,KOZMETIKA
ČOKOLADA DORINA SJECKANI LJEŠNJAK 220g,90587727,DORINA,0.22 kg,ko,4.49,20.41,,3.49,4.49,3850102522323,HRANA
ŠAMPON FRUCT GR STR ORANG 400 ML,90668988,GARNIER FRUCTIS,0.40 l,ko,,7.73,3.09,4.29,4.49,3600542479288,KOZMETIKA
ČOKOLADA KANDI MLIJEČNA 220g FLOW PACK,90672938,KANDIT,0.22 kg,ko,4.19,19.05,,2.99,4.19,3856024803922,HRANA
OM VIOLETA GOLD 1.55L,90699059,VIOLETA,1.55 l,ko,4.55,2.94,,2.99,4.55,3870128035294,SREDSTVA ZA ČIŠĆENJE
ŠAMP I REGEN 2U1 GENERA P&B 500ML,90699289,GENERA,0.50 l,ko,2.19,4.38,,2.19,2.19,8003693401118,KOZMETIKA
ROLL ON BIOBAZA BOTAN GRAN GAR 50ml,90704107,BIOBAZA,0.05 l,ko,,56.8,2.84,3.79,3.79,3856020912345,KOZMETIKA
JUHA OD LEĆE 620g,90705336,DIMMIDISI,0.62 kg,ko,2.79,4.5,,2.79,2.79,8014190019867,HRANA
FLIPS CURLY CLASSIC 120g LORENZ,90705485,LORENZ,0.12 kg,ko,2.29,19.08,,1.99,1.99,4018077006654,HRANA
KAŠA ZOB BOOM BOX ČOKOLADA 60g,90713202,BOOM BOX,0.06 kg,ko,0.99,16.5,,0.99,0.99,3856027800263,HRANA
KREMA LICE LA PIEL SUN B SPF50 50ml,90714464,LA PIEL,0.05 l,ko,10,200,,8,10,3859893654107,KOZMETIKA
MARINATO GRILL MINI FILE cca 800g,90720270,CEKIN,1.00 kg,kg,10.49,10.49,,10.49,10.49,3850159150272,HRANA
SVINJSKI PAPRIKAŠ 400G CARNEX,90725359,CARNEX,0.40 kg,ko,3.99,9.98,,3.99,3.99,8600012700404,HRANA
ZP PDX ACTIVE REAPIR 75ml,90730231,PARODONTAX,0.08 l,ko,6.99,93.2,,6.99,6.99,5054563177797,KOZMETIKA
PODLOGA ZA TORTU TAM 350G GENOISE,90730644,PETITE GENOISE,0.35 kg,ko,4.19,11.97,,3.49,4.19,8057592822659,HRANA
HRENOVČICE PIL KIDS 100g,90731220,CEKIN KIDS,0.10 kg,ko,0.89,8.9,,0.89,0.89,3850159126994,HRANA
BOMBONI SMARTIES WHITE 34g NESTLE,90731244,SMARTIES,0.03 kg,ko,1.35,39.71,,0.99,1.35,3800020432976,HRANA
FELIX PARTY MIX DAIRY DELIGHT 60g,90733357,FELIX,0.06 kg,ko,1.59,26.5,,1.19,1.59,7613036064439,PROIZVODI ZA KUĆANSTVO
MULTIVITA PLUS NARANČA 80g,90739785,MULTIVITA,0.08 kg,ko,2.19,27.38,,2.19,2.19,3858881249257,HRANA
MARAMICE SEPTONA VITAMIN C 20/1,90775706,SEPTONA,20.00 ko,ko,1.95,0.1,,1.95,1.95,5201410616194,KOZMETIKA
NEKTAR CRNI RIBIZ VINDI 1L,90785365,VINDI,1.00 l,ko,1.99,1.99,,1.59,1.99,3850108074321,PIĆE
SOMAT GEL EXCELLENCE 2X540 ml,90785401,SOMAT,1.08 l,ko,25.99,24.06,,25.99,25.99,9000101818116,SREDSTVA ZA ČIŠĆENJE
SOK 100% NARANČA JUICY 0.5L,90785432,JUICY,0.50 l,ko,1.89,3.78,,1.89,1.89,3858890974836,PIĆE
KOKICE HRUSTY  KANTICA MAXX 240 g,90789849,HRUSTY,0.24 kg,ko,2.99,12.46,,2.99,2.99,3850334114310,HRANA
JUNEĆI VRAT S KOSTI FIVAS,90795047,FIVAS,1.00 kg,kg,6.99,6.99,,6.99,6.99,,HRANA
TIJESTO PENNE RIG MEZZE 500g ZARA,90800307,PASTA ZARA,0.50 kg,ko,1.59,3.18,,0.89,1.59,8004350130600,HRANA
ISTARSKA PANCETA S TARTUFIMA 80 g,90800775,PISINIUM,0.08 kg,ko,3.59,44.88,,3.39,3.39,3858894291809,HRANA
PAHULJICE TRIX 300g NESTLE,90809727,NESTLE ŽITAR,0.30 kg,ko,4.49,14.97,,3.39,4.29,5900020045133,HRANA
ČOKO RITTER SWEET N SALTY DUO 218g,90809846,RITTER SPORT,0.22 kg,ko,5.49,25.18,,5.49,5.49,4000417663313,HRANA
SLANUTAK 240g VALFRUTTA,90810434,VALFRUTTA,0.24 kg,ko,1.39,5.79,,1.39,1.39,8001440009969,HRANA
NAMAZ BISCOFF CREAMY 400g LOTUS  ,90814682,LOTUS,0.40 kg,ko,5.49,13.73,,5.49,5.49,5410126116953,HRANA
ZP COLGATE MAX FR BL 100 ml+F B 75 ml,90814928,COLGATE,1.00 ko,ko,3.39,3.39,,3.39,3.39,3830075444006,KOZMETIKA
UMAK RAJČICA BOSILJAK 300g BAKINA TAJNA,90819809,BAKINA TAJNA,0.30 kg,ko,2.99,9.97,,2.99,2.99,8606018022045,HRANA
TJESTENINA LASAGNE 250 g FREE ZONE,90825449,FREE ZONE,0.25 kg,ko,,7.96,1.99,2.49,2.49,3838900841570,HRANA
MORTADELLA BOLOGNA IGP 120 g NAR SPECIAL MOMENTS,90825719,SPECIAL MOMENTS,0.12 kg,ko,1.99,16.58,,1.79,1.99,3850334429315,HRANA
GRANOLA ŠUMSKO VOĆE KOKOS 300 g BETTR,90826091,BETT R,0.30 kg,ko,4.99,16.63,,3.99,4.99,3800233680577,HRANA
BUCKET CHICKEN WINGS 500 g MINUTE,90829768,MINUTE,0.50 kg,ko,4.49,8.98,,3.89,4.49,3850334428455,HRANA
SIR SV KOZJI ROLICA 100 g SPEC MOM,90829912,SPECIAL MOMENTS,0.10 kg,ko,2.49,24.9,,1.99,2.49,3850334562432,HRANA
SNACK CHOCO BITES BEZ DOD ŠEĆ 29 g NEOH,90825978,NEOH,0.03 kg,ko,2.19,75.52,,2.19,2.19,9120085630723,HRANA
SNACK MED KARAM KIKIRIKI 50 g LOV BITES,90826273,LOV BITES,0.05 kg,ko,1.49,29.8,,1.49,1.49,5201044011266,HRANA
 COOKIE SMART CREAMY PEANUT 128 g,90839784,POLLEO,0.13 kg,ko,2.99,23.36,,2.99,2.99,3856026809090,HRANA
VODKA GREY GOOSE 0.7 L LIM,90849791,GREY GOOSE,0.70 l,ko,40,57.14,,40,40,7640175712891,PIĆE
KAŠA ZOB RISE&SMILE MALINA CHIA 65 g,90854788,RISE&SMILE,0.07 kg,ko,0.55,8.46,,0.55,0.55,3850334431868,HRANA
ČOKOLADA FINESSE CHOC&BL COOK 250 g,90854975,FINESSE,0.25 kg,ko,3.89,15.56,,2.49,3.69,8605028614561,HRANA
JOGURT B'AKTIV LGG KIDS 125 g DUKAT,90879836,B'AKTIV,0.13 kg,ko,0.69,5.52,,0.69,0.69,3850354018940,HRANA
GAZ PIĆE LIMUNADA JAMNICA 0.33 l LIM,90884982,JAMNICA,0.33 l,ko,1.29,3.91,,1.29,1.29,3856028506065,PIĆE
ZP SENS CLINICAL WHITE 75 ml,90885008,SENSODYNE,0.08 l,ko,,90.4,6.78,7.99,7.99,5054563237101,KOZMETIKA
ROLL ON BOROTALCO MUSKY 50 ml,90885460,BOROTALCO,0.05 l,ko,3.99,79.8,,1.99,3.99,80775010,KOZMETIKA
GEL ZA KOSU GOT2BE ULTRA 150 ml,90885513,GOT2B,0.15 l,ko,,37.93,5.69,7.99,7.99,9000101738575,KOZMETIKA
HARINGA DIMLJENA 120g/72 g BANGA,90886110,BANGA,0.07 kg,ko,2.99,41.53,,2.99,2.99,4751017404058,HRANA
OM LENOR PT GOLD ORCHID 1.239 L,90886180,LENOR,1.24 l,ko,7.39,5.96,,7.39,7.39,8700216724081,SREDSTVA ZA ČIŠĆENJE
DET ARIEL SENSITIVE 30TAB,90886266,ARIEL,30.00 ko,ko,17.99,0.6,,11.49,17.99,8700216766012,SREDSTVA ZA ČIŠĆENJE
DET ARIEL COLOR 2.25 L=50 PR,90886401,ARIEL,2.25 l,ko,21.99,9.77,,21.99,21.99,8700216691475,SREDSTVA ZA ČIŠĆENJE
SLADOLED MAGNUM DUPLA VIŠNJA 255 ml,90886476,UNILEVER,0.26 l,ko,7.39,28.98,,5.99,7.39,8711327663695,HRANA
PAPRIKA CRVENA,01409451,,1.00 kg,kg,2.99,2.99,,2.69,2.69,3850334173430,HRANA
KUKURUZ ŠEĆ GOLD 285g BONDUELLE,01551126,BONDUELLE,0.29 kg,ko,1.69,5.93,,1.18,1.69,3083680053303,HRANA
SIR TVRDI PRIMORAC VAC PAŠKA SIRANA,02055398,PAŠKA SIRANA,1.00 kg,kg,22.49,22.49,,22.49,22.49,3859889426107,HRANA
SIR TVRDI KRAVLJI 1/4  ŠPIN,02055587,ŠPIN,1.00 kg,kg,21.99,21.99,,17.99,17.99,3858881190849,HRANA
PRIPRAVAK ZA ŠLAG HALTA  500ml,02324114,HALTA,0.50 l,ko,2.06,4.12,,2.06,2.06,8004172000303,HRANA
MLIJ NAM DUKATELA ORIGINAL 150 G,02398912,DUKATELA,0.15 kg,ko,1.59,10.6,,1.59,1.59,3850354014997,HRANA
JUN PODLOPATICA SK III KAT ,02412023,PIK VRBOVEC,1.00 kg,kg,9.49,9.49,,9.49,9.49,3850139523133,HRANA
VINO JP CHENET COLOMBARD-SAUV 0.75L,03020244,JP CHENET,0.75 l,ko,5.85,7.8,,5.85,5.85,3263286301316,PIĆE
VINO PLAVAC MILI 0.75L VRH ISTRAVINO,03020349,ISTRAVINO,0.75 l,ko,10.19,13.59,,10.19,10.19,3850142172168,PIĆE
GIN BEEFEATER 0.7L,03082259,BEEFEATER,0.70 l,ko,20.05,28.64,,17.49,20.05,5000329002193,PIĆE
PAHULJICE ZOBENE EXTRA 500g BRUEGGEN,04030527,BRUEGGEN,0.50 kg,ko,1.39,2.78,,1.39,1.39,4008713702804,HRANA
RIŽA NA MLIJEKU KLASSIK 125g DR OET,04060077,DR OETKER,0.13 kg,ko,2.29,18.32,,2.29,2.29,5997381369787,HRANA
RIŽA ZL POLJE ST ANDREA 1KG KUT VAK,04060220,ZLATO POLJE,1.00 kg,ko,4.99,4.99,,3.49,4.99,3838700540406,HRANA
KAVA JUBIL MLJEV VAC ZA FILT AP 250g,04070003,JUBILARNA,0.25 kg,ko,7.89,31.56,,7.89,7.89,3858881080270,HRANA
INSTANT KAVOVINA BIANKA 100% CIKORIJA 125G,04071218,FRANCK,0.13 kg,ko,3.69,29.52,,3.69,3.69,3858881087545,HRANA
ČAJ ŠIPAK AO 60g PODRAVKA,04090141,PODRAVKA,0.06 kg,ko,2.09,34.83,,2.09,2.09,3850104072710,HRANA
ORIGANO EKO 9g KOTANYI,04100905,KOTANYI,0.01 kg,ko,1.39,154.44,,1.39,1.39,9001414004944,HRANA
COCKTAIL GIN & ROSE 0.5 L,90754796,JOHAN FREITAG,0.50 l,ko,2.15,4.3,,2.05,2.05,4750142005741,PIĆE
KEKS ŽIVOTINJE BG 115g DR SCHAR,90755018,DR SCHAR,0.12 kg,ko,,29.13,3.35,4.19,4.19,8008698041369,HRANA
MASLINE ZELENE OTKOŠT 290/120g SACLA,90765324,SACLA,0.12 kg,ko,2.09,17.42,,2.09,2.09,8001060001466,HRANA
BUNDEVA LJUSKA SUHOPRŽ FP EC 200 g,90769722,EUROCOMPANY,0.20 kg,ko,2.19,10.95,,1.64,2.19,3872084015686,HRANA
MJEŠAVINA MUG CAKE HI PROT 50g DOLCELA,90770251,DOLCELA,0.05 kg,ko,1.39,27.8,,1.39,1.39,3856020272111,HRANA
KOKICE ZA MIKROV SLANE 80 g POPCORN,90770448,POP CORN,0.08 kg,ko,1.09,13.63,,1.09,1.09,3858889366192,HRANA
PUDING BIJELA ČOK CIMET 42 g DR OETKER,90770718,DR OETKER,0.04 kg,ko,0.79,18.81,,0.79,0.79,5997381373289,HRANA
KREKER KUK SJEMENKE ACTIVE ZONE 120 g,90779962,ACTIVE ZONE,0.12 kg,ko,0.99,8.25,,0.79,0.99,3838900837443,HRANA
INSTANT KAVA CLASSIC 200g,90784838,SLOVA,0.20 kg,ko,6.59,32.95,,6.59,6.59,3850334111159,HRANA
DET VIO EXTRA STRONG LEMON 43/1,90784994,VIO,43.01 ko,ko,13.99,0.33,,13.99,13.99,3870128036888,SREDSTVA ZA ČIŠĆENJE
SOMAT ALL IN ONE EXTRA 75TAB,90785425,SOMAT,75.02 ko,ko,25.99,0.35,,25.99,25.99,9000101809343,SREDSTVA ZA ČIŠĆENJE
PECIVO HAMBI SA SEZAMOM 2/1 170 g DON,90795493,DON DON,0.17 kg,ko,1.19,7,,1.19,1.19,3858885565636,HRANA
BRISAČ PODA MIKROFIBRA ZAMJ KRPA CS,90799933,CLEAN SMART,1.00 ko,ko,4.99,4.99,,3.49,4.99,3859893097140,PROIZVODI ZA KUĆANSTVO
KEKS DOMAĆICA EXTRA CHOCO VR 220g,90800550,DOMAĆICA,0.22 kg,ko,3.19,14.5,,2.49,3.19,3850102009640,HRANA
KULEN 300 g XXL NAR PODRAVKA,90810351,PODRAVKA,0.30 kg,ko,5.99,19.97,,5.99,5.99,3856020261849,HRANA
KAVA CLASSICO ESP NS 10/1 57g ILLY,90814737,ILLY,0.06 kg,ko,7.79,136.67,,7.79,7.79,8003753158679,HRANA
DET DAISY LIMUN 900 ml,90825543,DAISY,0.90 l,ko,1.49,1.66,,1.49,1.49,3838900834800,SREDSTVA ZA ČIŠĆENJE
PLOČICA KOKOS BEZ DOD ŠEĆ 30 g NEOH,90826000,NEOH,0.03 kg,ko,1.99,66.33,,1.99,1.99,9120085630242,HRANA
TUNJ SALATA JESEN 160 g RIO MARE,90839804,RIO MARE,0.16 kg,ko,4.69,29.31,,2.15,4.69,8004030835139,HRANA
MARELICA SUHA FP EC99 300 g,90850362,PERFECT DAY,0.30 kg,ko,3.99,13.3,,2.99,3.99,3872084016058,HRANA
LEĆA CRVENA VEDRINI 500 g ,90850501,VEDRINI,0.50 kg,ko,1.49,2.98,,1.49,1.49,3859890630807,HRANA
TUBA NUTRINO JAB/KR/BAN/ŽIT 180 g,90874849,NUTRINO,0.18 kg,ko,,7.94,1.43,1.69,1.69,8606019651633,HRANA
USKRŠNJI POKLON PAKET 537.50 g,90879783,BOBI,0.54 kg,ko,3.75,6.98,,3.09,3.75,3858891165912,HRANA
ČOKOLADA DORINA KARAMELA BADEM 250 g,90885321,DORINA,0.25 kg,ko,4.99,19.96,,3.79,4.99,3850102010028,HRANA
DEO OS EPIC LEGEND 150 ml,90885629,OLD SPICE,0.15 l,ko,,19.93,2.99,3.99,3.99,8700216606035,KOZMETIKA
SLAD KOR KING JOG-ŠUM VOĆE 167 ml LE,90885996,LEDO,0.17 l,ko,2.79,16.71,,2.79,2.79,3850116066332,HRANA
SIRUP K PLUS  MARELICA 1 L,90889809,K PLUS,1.00 l,ko,2.55,2.55,,2.55,2.55,3850334432735,PIĆE
MASLINE PUNJ PAPRIK 200 g SPEC MOMEN,90890021,SPECIAL MOMENTS,0.20 kg,ko,3.99,19.95,,3.99,3.99,3838900842522,HRANA
NEKTAR GUSTI TO 2 L,90890074,TO,2.00 l,ko,2.59,1.3,,2.49,2.59,3858890973396,PIĆE
NEKTAR NARANČA JABUKA TO 1 L,90890095,TO,1.00 l,ko,1.59,1.59,,1.29,1.59,3858890977813,PIĆE
UMAK SIR 250 ml THOMY,90890356,THOMY,0.25 l,ko,2.75,11,,2.75,2.75,40057842,HRANA
RIŽA BLOND CLASSICO 1 kg RISO GALLO,90890552,RISO GALLO,1.00 kg,ko,3.99,3.99,,3.99,3.99,8001420009521,HRANA
ČIPS PRINGLES SOUR&CREAM 165g,01311183,PRINGLES,0.17 kg,ko,,11.45,1.89,3.49,3.49,5053990101597,HRANA
KUPUS KISELI GLAVE MADIG,01400082,,1.00 kg,kg,2.09,2.09,,2.09,2.09,3859891493012,HRANA
UMAK CURRY 250ML KUHNE,01490824,KUHNE,0.25 l,ko,2.59,10.36,,2.59,2.59,40804941,HRANA
UMAK RAJČICA SALSA 410g,01491261,PODRAVKA,0.41 kg,ko,3.19,7.78,,3.19,3.19,3850104222351,HRANA
DRESSING FRENCH 75ml VREĆ DEVELEY TR,01491292,DEVELEY,0.08 l,ko,0.79,10.53,,0.55,0.79,4006824008013,HRANA
FEFERONI K PLUS BLAGI 280g,01564019,K PLUS,0.28 kg,ko,2.49,8.89,,2.19,2.49,3850334411808,HRANA
ONE SM ADULT LOSOS RIŽA 800G,01647070,ONE,0.80 kg,ko,5.69,7.11,,3.99,5.69,8445290080028,PROIZVODI ZA KUĆANSTVO
FRISKIES SM PILE JET POV 300g,01647072,FRISKIES,0.30 kg,ko,2.29,7.63,,1.59,2.29,7613031868247,PROIZVODI ZA KUĆANSTVO
ČAJNA KOB 650g MA PIK VRBOVEC,02024461,PIK VRBOVEC,0.65 kg,ko,11.45,17.62,,9.73,11.45,3850139010541,HRANA
WINTERA K PLUS 650g MA ZA REZ,02024515,K PLUS,1.00 kg,ko,14.08,14.08,,11.06,14.08,,HRANA
ŠUNKA U OVITKU NAR 125g MA PIK VRBOV,02036496,PIK VRBOVEC,0.13 kg,ko,2.49,19.92,,1.99,2.49,3850139171051,HRANA
PIKO PARIZER S POV PIK VRBOVEC,02044220,PIKO,1.00 kg,kg,8.99,8.99,,6.99,8.99,3850139190748,HRANA
PAŠTETA ČAJNA 100g U OVITKU SLJEME,02048492,SLJEME,0.10 kg,ko,0.99,9.9,,0.99,0.99,3850139230109,HRANA
PAŠTETA ČAJNA 30GR GAVRILOVIĆ,02166118,GAVRILOVIĆ,0.03 kg,ko,0.95,31.67,,0.95,0.95,3858881220102,HRANA
TRLJA II SVJ MEDUZA,02195274,,1.00 kg,kg,4.39,4.39,,2.63,4.39,,HRANA
OVČICA SVJ FIORITAL,02197339,,1.00 kg,kg,20.48,20.48,,12.28,20.48,93856024301070,HRANA
ORADA I SVJ CROMARIS,02197661,CROMARIS,1.00 kg,kg,9.49,9.49,,5.69,9.49,3859891926602,HRANA
VINO ZLATNA VRBNIČKA ŽLAHTINA 0.75L,03020074,VRB ŽLAHTINA,0.75 l,ko,10.49,13.99,,10.49,10.49,3859889467018,PIĆE
VINO PLAVAC MALI 0.75L VRH MADIRAZZA,03020930,MADIRAZZA,0.75 l,ko,11.49,15.32,,11.49,11.49,3859889833424,PIĆE
ROOM 1L MARASKA,03070015,MARASKA,1.00 l,ko,11.05,11.05,,11.05,11.05,3850158201555,PIĆE
LIKER JAGERMEISTER GIFT PAC 0.70L+2 ČAŠE,03080171,JAGERMEISTER,0.70 l,ko,17.99,25.7,,17.99,17.99,3830033590066,PIĆE
PIVO HEINEKEN 0.33L NEP AMB BOCA,03040410,HEINEKEN,0.33 l,ko,1.79,5.42,,1.79,1.79,3850103901189,PIĆE
KEKS PETIT BEZ GL 165g SCHAR,90153116,DR SCHAR,0.17 kg,ko,,16.91,2.79,3.49,3.49,8008698012857,HRANA
SLANINA DIMLJENA BIJELA,90169963,MEDVEN,1.00 kg,kg,7.99,7.99,,4.99,7.99,3859893544569,HRANA
KAVA BARCAFFE BLACK & EASY 8G,90170004,BARCAFFE,0.01 kg,ko,0.39,48.75,,0.39,0.39,3838471028844,HRANA
ČOKOL KINDER MINI  120g,90219624,FERRERO,0.12 kg,ko,3.19,26.58,,3.19,3.19,8000500256213,HRANA
SIR MEKI PUNOMASNI SALAKIS 150g DUK,90229097,PRESIDENT,0.15 kg,ko,3.39,22.6,,3.39,3.39,3850355005062,HRANA
SMJESA ZA KRUH 1KG NUTRIFREE,90240308,NUTRIFREE,1.00 kg,ko,5.99,5.99,,5.99,5.99,8008696021189,HRANA
PAHULJICE ZOB 500g BIO ZONE,90245906,BIO ZONE,0.50 kg,ko,1.39,2.78,,1.39,1.39,3838900804179,HRANA
MASKA ZA LICE U MARAMICI GARN MOIS+FRESH,90264258,GARNIER,1.00 ko,ko,2.99,2.99,,2.79,2.99,3600542385329,KOZMETIKA
DET FAKS AQUAMARINE 260G=4 PRANJA,90289955,FAKS,0.26 kg,ko,1.99,7.65,,1.99,1.99,3850105159793,SREDSTVA ZA ČIŠĆENJE
MESNI NAREZAK 100g PPK,90295738,PPK,0.10 kg,ko,0.79,7.9,,0.79,0.79,3858881617056,HRANA
KAVA LAVAZZA QUALITY ROSSA 250g,90306722,LAVAZZA,0.25 kg,ko,7.99,31.96,,7.99,7.99,8000070035805,HRANA
GAZ PIĆE COCA COLA ZERO LIMUN 0.5L,90312920,COCA COLA,0.50 l,ko,1.15,2.3,,1.15,1.15,5449000247964,PIĆE
VODA FUNKC JANA VIT NARANČA 0.5L,90312943,JANA,0.50 l,ko,1.19,2.38,,1.19,1.19,3858890874013,PIĆE
KREMA ZA LICE NIV SUN SPF30ANTI-AE&ANTI-PIGMENT,90319623,NIVEA,0.08 l,ko,,128.53,9.64,13.79,13.79,4005900481597,KOZMETIKA
GEL TUŠ AXE BLACK 400ml,90324387,AXE,0.40 l,ko,3,7.5,,3,3,8710447284117,KOZMETIKA
LAK ZA KOSU INTESA STRONG HOLD 300ml,90361769,INTESA,0.30 l,ko,3.49,11.63,,3.49,3.49,8003510002221,KOZMETIKA
ONE MM INDOOR TUNA MAHUNE 85g,90362315,ONE,0.09 kg,ko,1.19,14,,0.79,1.19,7613036936781,PROIZVODI ZA KUĆANSTVO
NAPITAK SOJA ORGINAL 1L ALPRO,90401360,ALPRO,1.00 l,ko,3.09,3.09,,2.29,3.09,5411188543381,HRANA
VINO POŠIP MERGA VICTA SMOKVI  0.75L,90404647,MERGA VICTA,0.75 l,ko,17.55,23.4,,13.99,17.55,3857500084200,PIĆE
SIR TVRDI BOKUN MIH,90408539,SIRANA MIH,1.00 kg,kg,39.99,39.99,,39.99,39.99,3859891700684,HRANA
NJOKI KRUMPIROVI 500g NICHI,90409661,NICHI,0.50 kg,ko,2.69,5.38,,2.69,2.69,3859890997016,HRANA
SOK NARANČA 100% MINUTE 250ml,90410624,MINUTE,0.25 l,ko,1.55,6.2,,1.55,1.55,3838900976937,PIĆE
KREKER CHIO SLANI 100g,90428226,CHIO,0.10 kg,ko,1.39,13.9,,1.39,1.39,4000522060731,HRANA
ODOJAK SVJ ŠKOKIĆ,90462845,ŠKOKIĆ,1.00 kg,kg,4.38,4.38,,4.38,4.38,,HRANA
ŠTAPIĆI LO&LA BABY 200/1 PAP,90486317,LOLA,0.20 ko,ko,1.49,7.45,,1.05,1.49,3858890795264,TOALETNE POTREPŠTINE
SIR MEKI MINI BRIE MREŽ 125g ILE DE FRANCE,90487112,ILE DE FRANCE,0.13 kg,ko,4.38,35.04,,4.38,4.38,3161712002113,HRANA
KAVA JULIUS M COLLECTION ORIENT 250g,90488321,JULIUS MEINL,0.25 kg,ko,5.29,21.16,,5.29,5.29,9000403951238,HRANA
KAŠA ZOB BOOM BOX ŠUM VOĆE BADEM 300g,90493455,BOOM BOX,0.30 kg,ko,3.99,13.3,,3.99,3.99,3858890477047,HRANA
CAPP BARCAFFE CLASSIC 120g KUT,90494615,BARCAFFE,0.12 kg,ko,3.99,33.25,,3.99,3.99,3838471042819,HRANA
KEFIR 330G VINDIJA,90513959,Z BREGOV,0.33 kg,ko,1.25,3.79,,1.25,1.25,3850108037562,HRANA
VINO CAB SAUVIGNON TERRA VINEA 0.75L,90528199,TERRA VINEA,0.75 l,ko,4.99,6.65,,3.25,4.99,3850334519665,PIĆE
PAPAR ŠARENI ZRNO XXL 100g KOTANYI,90553249,KOTANYI,0.10 kg,ko,4.79,47.9,,4.25,4.79,9001414208526,HRANA
SAPUN LAHOR WILD ROSE 80g,90571762,LAHOR,0.08 kg,ko,0.89,11.13,,0.89,0.89,3850105176929,KOZMETIKA
GEL TUŠ PALM NOURISHING 500ml,90571856,PALMOLIVE,0.50 l,ko,5.09,10.18,,2.55,2.55,8718951436503,KOZMETIKA
UMAK CHILLISAUCE HOT 270ml GO TAN,90572557,GO-TAN,0.27 kg,ko,3.49,12.93,,3.49,3.49,8710605030280,HRANA
PIRE VOĆ. WAKE UP 200g NUTRINO LAB,90573506,NUTRINO LAB,0.20 kg,ko,2.25,11.25,,2.25,2.25,8606019652937,HRANA
DET ORNEL GOLDEN 2.34kg=36WL,90577752,ORNEL,2.34 kg,ko,11.95,5.11,,11.95,11.95,3850105180124,SREDSTVA ZA ČIŠĆENJE
FELIX MM ZEC 85g,90582724,FELIX,0.09 kg,ko,0.79,9.29,,0.65,0.79,7613287487773,PROIZVODI ZA KUĆANSTVO
KROASAN ČOKOLADA  5/1 250g QUICKIE,90582792,QUICKIE,0.25 kg,ko,2.39,9.56,,2.39,2.39,3872324000090,HRANA
MLIJEKO TR LAG JUTRO 1.5% 1L DUKAT,90602728,DUKAT,1.00 l,ko,1.99,1.99,,1.69,1.99,3850354017103,HRANA
KRPA VILEDA COL MICROF 100% RECIKL 3/1,90603078,VILEDA,3.00 ko,ko,6.99,2.33,,4.89,6.99,4023103228634,PROIZVODI ZA KUĆANSTVO
NAPITAK FLEXWATER ŠUMSKO VOĆE 0.71L,90607811,FLEXWATER,0.71 l,ko,1.99,2.8,,1.99,1.99,5304000311193,PIĆE
NAPITAK FLEXWATER LIMUN 0.71L,90607832,FLEXWATER,0.71 l,ko,1.99,2.8,,1.99,1.99,5304000311209,PIĆE
GYOZA SA SVINJETINOM 600g,90617786,AJINOMOTO,0.60 kg,ko,,13.32,7.99,11.94,11.94,5905279248014,HRANA
PECIVO BURGER BUNS 2/1 170g DON,90627890,TVOJIH 5 MIN,0.17 kg,ko,1.65,9.71,,1.65,1.65,3858885565452,HRANA
KAVA ESPRESSO DELIZIOSO JULIUS M 10/1 NS 56g,90632766,JULIUS MEINL,0.06 kg,ko,5.29,94.46,,5.29,5.29,9000403933630,HRANA
JUNEĆA JETRA LOVRIĆ,90648710,LOVRIĆ,1.00 kg,kg,5.49,5.49,,5.49,5.49,,HRANA
RIŽA ZL POLJE 3 ŽITA 800g KUT VAK,90657768,ZLATO POLJE,0.80 kg,ko,4.69,5.86,,4.69,4.69,3838700354300,HRANA
LOS POSL BRIJ JM COPACABA 100ML,90669440,JEAN MARC,0.10 l,ko,3.25,32.5,,3.25,3.25,5901815013726,KOZMETIKA
KROKETI PILEĆI ŠUNKA SIR 600g,90669701,CEKIN,0.60 kg,ko,8.79,14.68,,8.79,8.79,3850159140495,HRANA
UMAK SOJA SWEET 250ml KIKKOMAN,90670170,KIKKOMAN,0.25 l,ko,,13.76,3.44,5.31,5.31,8715035220300,HRANA
PAPRENJAK ČILI 100g KEKSOMANIJA,90670184,KEKSOMANIJA,0.10 kg,ko,3.32,33.2,,3.32,3.32,3857500127839,HRANA
BOJA EXCELLENCE 4.11,90483478,LOREAL EXCELLANCE,1.00 ko,ko,,7.49,7.49,9.49,9.99,3600523939466,KOZMETIKA
DEO SPRAY NIVEA M FRESH KICK 150ml,90483730,NIVEA,0.15 l,ko,,21.27,3.19,3.95,5.29,9005800342634,KOZMETIKA
CIMET ŠEĆER MLIN 66g KOTANYI,90483901,KOTANYI,0.07 kg,ko,2.92,44.24,,2.92,2.92,9001414241103,HRANA
SLAD GELATISSIMO KOR VAN ČOK 6X110ml,90485232,GELATISSIMO,0.66 l,ko,3.29,5,,1.99,3.29,3838900955338,HRANA
BOSANSKI SUDŽUK A 450g VP,90487338,,0.45 kg,ko,7.59,16.87,,7.59,7.59,3838876008434,HRANA
ŠTAPIĆI ZA UŠI LUMPI 60/1 PAP,90494202,LUMPI,60.02 ko,ko,0.79,0.01,,0.79,0.79,8605002353202,TOALETNE POTREPŠTINE
KAVA LEDENA HELL LATTE 250ml,90494811,HELL ENERGY,0.25 l,ko,1.45,5.8,,1.45,1.45,5999860497073,HRANA
DET FAKS GEL COL SMART CLEAN 900ml=18 PR,90553341,FAKS,0.90 l,ko,6.99,7.77,,3.99,6.99,3850105178206,SREDSTVA ZA ČIŠĆENJE
PUDING VANILIJA HI PROTEIN 35g DOLCELA ,90571098,DOLCELA,0.04 kg,ko,0.99,28.29,,0.99,0.99,3856020249199,HRANA
KEČAP KIDS 500g ZVIJEZDA,90571651,ZVIJEZDA,0.50 kg,ko,2.09,4.18,,1.49,1.49,3856015323200,HRANA
GEL TUŠ MELEM DRAG ULJA 250ml,90571871,MELEM,0.25 l,ko,2.99,11.96,,2.49,2.99,3856007909276,KOZMETIKA
SOL MORSKA SITNA GOURMET 850g SOLANA PAG,90572021,SOLANA PAG,0.85 kg,ko,1.19,1.4,,1.19,1.19,3859888155282,HRANA
SALV PALOMA ELITE BEŽ 40X40 2SL 16/1,90572961,PALOMA,16.00 ko,ko,3.95,0.25,,3.95,3.95,3838952028592,PROIZVODI ZA KUĆANSTVO
ČIPS LAY'S PIKANTNA PAPRIKA 200g,90593070,PEPSICO,0.20 kg,ko,2.99,14.95,,2.49,2.99,8606017377535,HRANA
SAPUN DOVE GENTLE EXFOL 90g,90598301,DOVE,0.09 kg,ko,1.79,19.89,,1.79,1.79,8720182258830,KOZMETIKA
KREKER VIC SLANI 150g KRAŠ,90599120,VIC,0.15 kg,ko,1.29,8.6,,1.29,1.29,3850102522040,HRANA
NEG PIĆE TOCO CRVENA NAR AVOK-CIKLA 1.5L,90600282,TOCO,1.50 l,ko,1.59,1.06,,1.59,1.59,3858890878974,PIĆE
PAHULJ FROOT LOOPS KELLOGGS 375g,90623293,KELLOGGS,0.38 kg,ko,5.99,15.97,,5.99,5.99,5059319035543,HRANA
BOCA STAINLESS STEEL POLLEO 739ml,90623599,POLLEO,0.74 l,ko,14.99,20.28,,14.99,14.99,3858892299104,HRANA
CAPP JACOBS ORIGIN 11.6g,90627707,JACOBS,0.01 kg,ko,0.59,50.86,,0.59,0.59,8711000493861,HRANA
VINO BIJELO DOMANO ŽILAVKA VRH 0.75L,90648135,DOMANO,0.75 l,ko,13.35,17.8,,13.35,13.35,3870016000281,PIĆE
PIC SVJ FIORITAL ,90669189,FIORITAL,1.00 kg,kg,11.19,11.19,,6.71,11.19,93856024301193,HRANA
BOMBON NIMM2 GUMEN SAUER STARS 250g,90673152,NIMM2,0.25 kg,ko,2.79,11.16,,2.79,2.79,4014400931914,HRANA
MIN VODA STUDENAC 4+2 GRATIS 1.5L ,90674277,STUDENAC,6.00 l,ko,3.56,0.59,,3.56,3.56,3856022301826,PIĆE
NAMAZ LINO LADA DUO 900g,90675528,LINO LADA,0.90 kg,ko,5.99,6.66,,5.49,5.99,3856020262112,HRANA
ZP ELMEX CAR PROT WHITE 75ML,90675595,ELMEX,0.08 l,ko,,50.53,3.79,3.59,4.79,8718951536289,KOZMETIKA
NEG PIĆE FRUCTAL CLASSIC NARANČA 2L,90698017,FRUCTAL,2.00 l,ko,2.19,1.1,,1.45,2.19,3838945041010,PIĆE
MJEŠ ZAČ ZA SVINJ Q&E 30g KOTANYI,90698148,KOTANYI,0.03 kg,ko,0.98,32.67,,0.98,0.98,9001414237236,HRANA
ROLADA SUNNY LJEŠNJAK 200g,90702791,SUNNY,0.20 kg,ko,1.19,5.95,,1.19,1.19,3850334044068,HRANA
VANILIN ŠEĆER 8g DOLCELA,90703048,DOLCELA,0.01 kg,ko,0.2,25,,0.1,0.1,3856020258511,HRANA
JUHA PILEĆA REZANCI 50g MAGGI,90703104,MAGGI,0.05 kg,ko,1.09,21.8,,1.09,1.09,3858890171686,HRANA
ZELENA MAHUNA GARDEN GOOD 1kg,90703996,GARDEN GOOD,1.00 kg,ko,,1.99,1.99,2.39,2.39,3838900835289,HRANA
SLAD GELATISSIMO VEGAN BADEM 3x90ml,90704711,GELATISSIMO,0.27 l,ko,3.69,13.65,,2.19,3.69,3838900844779,HRANA
DET ARIEL SENSITIVE 0.85L=17PR,90705888,ARIEL,0.85 l,ko,7,8.24,,7,7,8006540874882,SREDSTVA ZA ČIŠĆENJE
ŠTAPIĆI CHIO SLANI 40g,90706187,CHIO,0.04 kg,ko,0.49,12.25,,0.49,0.49,4000522061653,HRANA
KRUH CORNY PAK 450g MLINAR,90706781,MLINAR,0.45 kg,ko,,3.98,1.79,1.79,1.79,3858881124387,HRANA
KAVA PREM COLLECT CREMA ZRNO 500g JULIUS ,90707392,JULIUS MEINL,0.50 kg,ko,17.49,34.98,,17.49,17.49,9000403975531,HRANA
TJEST FUSILLI BG 500g PASTA D ORO,90707733,PASTA D ORO,0.50 kg,ko,1.99,3.98,,1.99,1.99,5948935000274,HRANA
SIRNI NAMAZ LUK I VLASAC 200g ARLA,90707927,ARLA,0.20 kg,ko,2.25,11.25,,2.25,2.25,5711953158520,HRANA
RIŽINI REZANCI 225g MAMA,90713895,MAMA,0.23 kg,ko,,10.27,2.31,2.89,2.89,8851876201549,HRANA
RUČNIK PAP PALOMA DESIGN 3SL 3/1,90725046,PALOMA,3.00 ko,ko,2.79,0.93,,2.79,2.79,3838952033930,PROIZVODI ZA KUĆANSTVO
INĆUN MARIN S CITRUS 100/70g ARBA,90726281,ARBASOL,0.07 kg,ko,6.49,92.71,,6.49,6.49,3859891895571,HRANA
KREKER KUKUR S KIMOM 100g NATUREL,90726853,NATUREL,0.10 kg,ko,1.89,18.9,,1.89,1.89,3858889366284,HRANA
BALZAM MELEM COLD CREAM 4.5g,90730147,MELEM,0.01 kg,ko,,722.22,3.25,3.19,3.99,3856007910074,KOZMETIKA
MJEŠAVINA ČETIRI GODIŠNJA DOBA 400g,90730626,LEDO,0.40 kg,ko,,5.88,2.35,2.35,2.99,3850116059754,HRANA
MJEŠAVINA GURMAN 400g,90730631,LEDO,0.40 kg,ko,,5.88,2.35,2.35,2.99,3850116059815,HRANA
RAJČICA PASIRANA 500g,90731047,SLOVA,0.50 kg,ko,0.79,1.58,,0.79,0.79,3850334071590,HRANA
DESERT KINDER COUNTRY T2 2X23.5g,90731120,FERRERO,0.05 kg,ko,1.39,29.57,,1.39,1.39,8000500238912,HRANA
DESERT KINDER COUNTRY T1 23.5g,90731123,FERRERO,0.02 kg,ko,0.79,33.62,,0.79,0.79,40084176,HRANA
MJEŠAVINA PROVANSA 400g BONDUELLE,90732251,BONDUELLE,0.40 kg,ko,2.99,7.48,,2.99,2.99,3083681139389,HRANA
ČETKICA COLG EXT CL S TVR 252 2/1,90739677,COLGATE,2.00 ko,ko,2.29,1.15,,1.6,2.29,8714789732244,KOZMETIKA
PLOČICA PROTEIN HAZELNUT 40g ROOBAR,90739977,ROOBAR,0.04 kg,ko,2.29,57.25,,1.59,2.29,3800233782448,HRANA
SALCHICHON IBERICO REVISAN NAR 70g VAC,90744744,REVISAN,0.07 kg,ko,3.29,47,,3.29,3.29,8436024020274,HRANA
SABLJARKA SVJ ODREZAK KONZUM,02198015,FIORITAL,1.00 kg,kg,19.45,19.45,,11.66,19.45,,HRANA
SALATA FRANCUSKA 1kg ZVIJEZDA,02202105,ZVIJEZDA,1.00 kg,ko,5.99,5.99,,5.99,5.99,3858882216494,HRANA
DESERT DUKATINO SVJ SIR S VOĆ 6X50g,02334179,DUKATINO,0.30 kg,ko,2.49,8.3,,2.49,2.49,3850354015116,HRANA
ĆEVAPČIĆI SVJEŽI 810g  PIK VRBOVEC,02404064,PIK VRBOVEC,0.81 kg,ko,9.49,11.72,,5.59,9.49,3850139435757,HRANA
JUN KOMPENZIRANA POL ,02410097,,1.00 kg,kg,9.09,9.09,,9.09,9.09,3850139410013,HRANA
PIL ZABATAK NA PODLOŠKU VINDIJA,02431444,CEKIN,1.00 kg,kg,5.29,5.29,,5.29,5.29,3850159110085,HRANA
VINO TRAMINAC MIRISAVI 0.75L ERDUT,03025939,ERDUTSKI VINOGRADI,0.75 l,ko,6.99,9.32,,6.05,6.99,3859889193016,PIĆE
VINO DESERTNO JAKOV 0.75L,03028647,VINOPLOD,0.75 l,ko,12.05,16.07,,12.05,12.05,3859890650638,PIĆE
CHAMP MOET&CHAND BRUT IMP GIFT 0.75L,03030344,MOET&CHANDON,0.75 l,ko,58.05,77.4,,58.05,58.05,3185370763957,PIĆE
STOCK 84 38% 1L,03070709,STOCK,1.00 l,ko,18.05,18.05,,18.05,18.05,8000440396383,PIĆE
TIJESTO BUCATINI 7 500g ZARA,04050030,PASTA ZARA,0.50 kg,ko,1.59,3.18,,1.59,1.59,8004350130075,HRANA
TIJESTO KRPICE VELIKE JAJ 400g MAROD,04051160,MARODI,0.40 kg,ko,2.39,5.98,,1.79,2.39,3859888666283,HRANA
MIX FRANCK ICE COFFEE 18g,04075073,FRANCK,0.02 kg,ko,0.39,21.67,,0.39,0.39,3858881083660,HRANA
ČAJ ZELENI FILT 35g OMOT FRANCK,04090285,FRANCK,0.04 kg,ko,2.29,65.43,,2.29,2.29,3858881083752,HRANA
PAPAR CRNI MLJEV 50g BOČ KOTANY,04100224,KOTANYI,0.05 kg,ko,3.99,79.8,,3.99,3.99,9001414040409,HRANA
TIMIJAN NADALINA 20g BOČICA,04100741,NADALINA,0.02 kg,ko,1.65,82.5,,1.65,1.65,3858881585263,HRANA
KEKSI MJEŠ BELVEDERE MANNER 400g,04140523,MANNER,0.40 kg,ko,2.95,7.38,,2.95,2.95,9000331608709,HRANA
JUHA POVRTNA S TJES VREĆ 16g FINI PO,04160072,FINI MINI,0.02 kg,ko,0.79,43.89,,0.59,0.79,3850104048326,HRANA
CEDEVITA LIMETA 200g,04181023,CEDEVITA,0.20 kg,ko,2.09,10.45,,2.09,2.09,3850322007099,PIĆE
BOMBON VOĆNE KARAMELE 350g LIKING,04194473,LIKING,0.35 kg,ko,3.09,8.83,,3.09,3.09,8002415500146,HRANA
PRELJEV JAGODA 250g SLADKI GREH,04199013,SLADKI GREH,0.25 kg,ko,2.99,11.96,,2.99,2.99,3838900032909,HRANA
KAKAO KRAŠ EXPRES SP 800g KRAŠ,04211196,KRAŠ EXPRESS,0.80 kg,ko,6.99,8.74,,6.99,6.99,3850102126927,HRANA
TIJESTO TAGLIATELLE LC 500g B,04360188,BARILLA,0.50 kg,ko,3.49,6.98,,3.49,3.49,8076809523714,HRANA
TAMPONI OB PROCOMF NORMAL 16 4381,06500169,OB,16.00 ko,ko,4.19,0.26,,4.19,4.19,3574660234428,TOALETNE POTREPŠTINE
GEL TAFT POWER EXTREME 250ml,06540623,TAFT,0.25 l,ko,,19.16,4.79,4.79,5.99,9000101723588,KOZMETIKA
BRIJAČ JEDN GILL BLUE 10+4,90042632,GILLETTE,14.00 ko,ko,,0.59,8.28,8.25,10.35,7702018466979,KOZMETIKA
ZP KALODONT WHITENING 75ml,90051205,KALODONT,0.08 l,ko,1.59,21.2,,1.25,1.59,3850105143082,KOZMETIKA
UMAK SWEET&SOUR 240ML GO-TAN,90059207,GO-TAN,0.24 l,ko,3.19,13.29,,3.19,3.19,8710605027006,HRANA
PIVO PAULANER WEISS. DUNKEL TAMNI 0.5 L NB,90077953,PAULANER,0.50 l,ko,1.95,3.9,,1.59,1.95,4066600941972,PIĆE
KREMA CALENDULA AFRODITA DNEVNA 50ML,90106742,AFRODITA,0.05 l,ko,8.99,179.8,,8.99,8.99,3831070659952,KOZMETIKA
TUNJ KOMADI SUNC ULJE 112G RIO MARE,90130170,RIO MARE,0.11 kg,ko,3.95,35.27,,1.89,1.89,8004030595002,HRANA
SIR POLUTVRDI DIMSI REZ 150g DUKAT,90141667,PRESIDENT,0.15 kg,ko,3.19,21.27,,3.19,3.19,3850355007127,HRANA
PAŠTETA PILEĆA  K PLUS 95G LO,90153835,K PLUS,0.10 kg,ko,0.85,8.95,,0.85,0.85,3850334524508,HRANA
BOJA EXCELLENCE 5.3,90154950,LOREAL EXCELLANCE,1.00 ko,ko,,6.69,6.69,8.59,8.99,3600523724871,KOZMETIKA
PEL GAĆ PAMP EL JP 44/1,90167389,PAMPERS,44.01 ko,ko,,0.34,14.99,21.63,21.63,8006540069356,TOALETNE POTREPŠTINE
MASLINE ZELENE S PAP 680g/390g PODR,90187757,PODRAVKA,0.39 kg,ko,4.99,12.79,,3.99,4.99,3850104279263,HRANA
POSL GLUT-FREE PILETINA 100G,90280323,LONG CLAWSON,0.10 kg,ko,1.99,19.9,,1.99,1.99,8430235681200,PROIZVODI ZA KUĆANSTVO
SPUŽVA ABRAZIVNA DAX 2/1,90289992,DAX,2.00 ko,ko,0.4,0.2,,0.28,0.4,3850334608239,PROIZVODI ZA KUĆANSTVO
LOSOS CIJELI KONZUM,90298410,,1.00 kg,kg,11.69,11.69,,7.01,11.69,,HRANA
BADEM JEZGRA VEDRINI 500g,90303740,VEDRINI,0.50 kg,ko,6.29,12.58,,5.79,5.79,3859890630982,HRANA
ČOKOLADA RITTER  MOUSSE 100g,90307215,RITTER SPORT,0.10 kg,ko,1.79,17.9,,1.79,1.79,4000417294005,HRANA
VINO MUŠKAT RUŽA 0.5L VINA LAGUNA,90311404,LAGUNA,0.50 l,ko,11.89,23.78,,11.89,11.89,3858881191822,PIĆE
HRANA PSI VON BARF SENS 10X250g,90320210,VON BARF,2.50 kg,ko,20.49,8.2,,16.38,20.49,3859893426049,PROIZVODI ZA KUĆANSTVO
GRISINI MINI MASL ULJE 250g LE VENEZIANE,90324664,LE VENEZIANE,0.25 kg,ko,4.64,18.56,,4.64,4.64,8009915008905,HRANA
KEKS PARIS ČOKOLADA 225g KOESTLIN,90344319,PARIS,0.23 kg,ko,1.89,8.4,,1.89,1.89,3856014122712,HRANA
FRUKTOZA 500g GREEN LAB,90344521,GREEN LAB,0.50 kg,ko,2.79,5.58,,2.79,2.79,3858891760674,HRANA
DET OSJ VIOLETA BLACK 2.7L,90346416,VIOLETA,2.70 l,ko,9.29,3.44,,9.29,9.29,3870128016996,SREDSTVA ZA ČIŠĆENJE
ULJE SEZAM 125 ml KIKKOMAN,90890388,KIKKOMAN,0.13 l,ko,2.99,23.92,,2.99,2.99,8715035584006,HRANA
SEZAM 200g KRESTO,01311719,KRESTO,0.20 kg,ko,1.19,5.95,,1.19,1.19,3858882290593,HRANA
ŠUNKA DIMLJENA 1/2 VAC PIK VRBOVEC,02016324,PIK VRBOVEC,1.00 kg,kg,12.29,12.29,,6.79,12.29,3850139340075,HRANA
SV BUT SK U KOŽI NEOBRAĐEN ,02404212,PIK VRBOVEC,1.00 kg,kg,4.75,4.75,,4.75,4.75,3850139523003,HRANA
AJAX WIND FRESH BLUE TRIGGER 750ml,08036050,AJAX,0.75 l,ko,2.59,3.45,,2.59,2.59,8718951048461,SREDSTVA ZA ČIŠĆENJE
MUESLI KNUSPER MED BADEM 300g VITALI,90042044,VITALIS,0.30 kg,ko,4.19,13.97,,4.19,4.19,4000521010294,HRANA
ČOKOLADA KINDER T12 150g,90070401,FERRERO,0.15 kg,ko,2.59,17.27,,2.07,2.59,8000500141601,HRANA
VL MAR VIOLETA SENS BAD 4+1X56/1,90086393,VIOLETA,280.11 ko,ko,8.09,0.03,,5.69,5.69,3870128009462,TOALETNE POTREPŠTINE
KVASAC SUHI  7g 4+1 GR  DOLCE PODR,90097589,DOLCELA,0.03 kg,ko,2,71.43,,2,2,3850104266577,HRANA
KAŠ INST LINO 3 ŽITARICE 210G,90183936,LINO,0.21 kg,ko,3.19,15.19,,3.19,3.19,3850104275555,HRANA
VREĆA SMEĆE LD 40L 20/1 OPTIPLAST,90187412,OPTIPLAST,20.00 ko,ko,1.99,0.1,,1.99,1.99,3859891367344,PROIZVODI ZA KUĆANSTVO
CORN FLAKES ČOK VR 450G NESTLE,90232217,NESTLE ŽITAR,0.45 kg,ko,,7.53,3.39,3.99,3.99,5900020026880,HRANA
GIN BULLDOG 0.7 L,90263808,BULLDOG,0.70 l,ko,31.29,44.7,,31.29,31.29,897076002010,PIĆE
DUCK 5U1 WC SJ LATICE 750ml,90306760,DUCK,0.75 l,ko,3.09,4.12,,3.09,3.09,5000204344004,SREDSTVA ZA ČIŠĆENJE
VINO MALVAZIJA ROSSI 0.75L,90308528,ROSSI,0.75 l,ko,15.65,20.87,,15.65,15.65,3859891585014,PIĆE
GEL TUŠ NIVEA MEN DEEP 500ml,90311701,NIVEA,0.50 l,ko,6.69,13.38,,2.99,6.69,5900017062266,KOZMETIKA
TUNA GLAVA I REP FIORITAL,90330897,FIORITAL,1.00 kg,kg,9.09,9.09,,5.45,9.09,,HRANA
INĆUN PELAGOS SLANI FIL U SUNC ULJU 200g,90341460,PELAGOS,0.13 kg,ko,9.69,74.54,,9.69,9.69,3857500068477,HRANA
KRUH ZLATNI SA SJEMENKAMA 300g MLINAR,90360104,MLINAR,0.30 kg,ko,1.89,6.3,,1.89,1.89,3858881128965,HRANA
SLANINA NARESCI 250g DOBRO,90361694,DOBRO,0.25 kg,ko,7.89,31.56,,7.89,7.89,3850133808014,HRANA
JOGURT Z BREGOV TTOP 2.8% 200g,90370119,Z BREGOV,0.20 kg,ko,0.49,2.45,,0.49,0.49,3850108032505,HRANA
BOMBON PEZ I FIGURICA LICENCA  17g,90378087,PEZ,0.02 kg,ko,2.45,144.12,,1.84,2.45,9044400825482,HRANA
KULEN NAREZAK 100g DOBRO,90390910,DOBRO,0.10 kg,ko,2.79,27.9,,2.79,2.79,3850133809462,HRANA
PIĆE GAZ FENTIMANS ROSE LEMON 0.2L,90411292,FENTIMANS,0.20 l,ko,2.39,11.95,,2.39,2.39,5029366739015,PIĆE
JUHA PILEĆA S REZANCIMA 37g MAGGI,90453967,MAGGI,0.04 kg,ko,0.75,20.27,,0.45,0.75,7613287319746,HRANA
SRDELA PANIRANA FROZY 300g,90485002,FROZY,0.30 kg,ko,2.52,8.39,,2.52,2.52,3858891044842,HRANA
SALVETE PALOMA BABYBL 33X33 3SL 20/1,90498386,PALOMA,20.00 ko,ko,2.55,0.13,,2.55,2.55,3838952022590,PROIZVODI ZA KUĆANSTVO
KAVA MUST ESPRESSO CREMOSO ZRNO 500g,90498389,MUST,0.50 kg,ko,7.49,14.98,,7.49,7.49,8056370766109,HRANA
JOGURT 2.8% 1000g PET BOCA VINDIJA,90513894,Z BREGOV,1.00 kg,ko,2.45,2.45,,1.99,2.45,3850108037388,HRANA
PROTEINSKI NAPITAK ČOK/BAN 0.5L VIN,90513941,Z BREGOV,0.50 l,ko,,3.98,1.99,2.55,2.55,3850108023718,HRANA
PIVO CARLSBERG 4PACK 0.5L LIM,90568509,CARLSBERG,2.00 l,ko,5.55,2.78,,5.55,5.55,3858887583751,PIĆE
RUKAVICE JEDNOKRATNE FINO L 10/1,90570132,FINO,10.00 ko,ko,2.29,0.23,,2.29,2.29,8606013471442,PROIZVODI ZA KUĆANSTVO
PAPIR ZA PEČENJE LISTOVI FINO 16/1,90570344,FINO,16.00 ko,ko,2.39,0.15,,1.89,2.39,5201314094838,PROIZVODI ZA KUĆANSTVO
SIRUP CRNI RIBIZ 0.5L BOBO,90571024,BOBO,0.50 l,ko,5.69,11.38,,5.69,5.69,3859893313561,PIĆE
PIRE VOĆ. JAB.MAN 200g NUTRINO LAB,90573497,NUTRINO LAB,0.20 kg,ko,2.25,11.25,,2.25,2.25,8606019652944,HRANA
KROASAN MIDI ČOKOLADA 60g QUICKIE,90582784,QUICKIE,0.06 kg,ko,0.6,10,,0.6,0.6,3872324000021,HRANA
REGEN FRUCT HAIR F COCO BUTTER 350ml,90598181,GARNIER FRUCTIS,0.35 l,ko,4,11.43,,4,4,3600542432559,KOZMETIKA
PRŠUT NAR CCA 500g PIVAC,90598407,PIVAC,1.00 kg,kg,26.75,26.75,,26.75,26.75,3858884997117,HRANA
VINO ARABELLA SHIRAZ 0.75L ,90599375,ARABELLA,0.75 l,ko,5,6.67,,5,5,6009816930215,PIĆE
KEKS PETIT MILK&HONEY 144g SAN,90599717,SAN,0.14 kg,ko,1,6.94,,1,1,7622201521837,HRANA
ŽV GUMA ORBIT WHITE RASPB POMEG 14g,90599952,WRIGLEY,0.01 kg,ko,0.99,70.71,,0.99,0.99,50173747,HRANA
MLINCI 400g ČOKOLAND,90602813,ČOKOLAND,0.40 kg,ko,3.39,8.48,,2.89,3.39,3857500076205,HRANA
NEG PIĆE FRUCTAL CLASSIC JAGODA 1L,90607726,FRUCTAL,1.00 l,ko,,1.49,1.49,1.39,1.89,3838945040327,PIĆE
SMOKVA VEDRINI SUHA 500g,90607736,VEDRINI,0.50 kg,ko,5.29,10.58,,5.29,5.29,3858889333064,HRANA
HRANA ZA HRČKE VITAMIN E 1kg,90617708,VERSELE LAGA,1.00 kg,ko,4.15,4.15,,4.15,4.15,5410340617212,PROIZVODI ZA KUĆANSTVO
KAVA LEDENA HELL KARAMELA 250ml,90623106,HELL ENERGY,0.25 l,ko,1.45,5.8,,1.45,1.45,5999571050611,HRANA
DET MERI MERINO COLOUR 4.5L,90633073,MERI MERINO,4.50 l,ko,5.69,1.26,,5.69,5.69,3850111105722,SREDSTVA ZA ČIŠĆENJE
PIVO KLAAS 0.5L LIM,90633079,KLAAS,0.50 l,ko,0.82,1.64,,0.67,0.64,3850334113108,PIĆE
VINO CRNO DOMANO BLATINA VRH 0.75L,90648131,DOMANO,0.75 l,ko,13.35,17.8,,13.35,13.35,3870016000168,PIĆE
MINI ROLLS ŠPINAT SIR 500g LEDO,90669547,LEDO,0.50 kg,ko,4.69,9.38,,4.69,4.69,3850116054124,HRANA
MEDALJONI PILEĆI MINUTE 500g,90669697,MINUTE,0.50 kg,ko,3.98,7.96,,3.98,3.98,3850334028549,HRANA
TP VLAŽNI ZEWA SENSITIVE 80/1,90669825,ZEWA,80.00 ko,ko,3.99,0.05,,3.99,3.99,7322541395050,TOALETNE POTREPŠTINE
SIR PARMIGGIANO REGG DOP 12 MJ 150g,90672985,AGRIFORM,0.15 kg,ko,5.31,35.4,,5.31,5.31,8016129000847,HRANA
ČAJ JASMIN GREEN 20/1 40g ETS,90674798,ENGLISH TEA SHOP,0.04 kg,ko,4.49,112.25,,4.49,4.49,0680275057888,HRANA
MED BAGREM HR 680g MEDO FLOR,90674879,MEDO FLOR,0.68 kg,ko,9.69,14.25,,9.69,9.69,3859892827861,HRANA
PECIVO HAMBURGER 140g BALVITEN,90675396,BALVITEN,0.14 kg,ko,,15.07,2.11,2.65,2.65,5907653104725,HRANA
WHISKAS MM KLASIČNI IZBOR 4X85G,90678146,WHISKAS,0.34 kg,ko,2.75,8.09,,2.75,2.75,5900951301841,PROIZVODI ZA KUĆANSTVO
VAFL FRONDI VANILIJA 250g KRAŠ,90702869,FRONDI,0.25 kg,ko,2.59,10.36,,1.99,2.59,3850102002269,HRANA
MARGARIN MARGO NOVA 400g ZVIJEZDA,90703025,MARGO,0.40 kg,ko,1.99,4.98,,1.49,1.99,3856015327253,HRANA
PAPRENJAK ROGAČ 100g KEKSOMANIJA,90670185,KEKSOMANIJA,0.10 kg,ko,3.32,33.2,,3.32,3.32,3857500127853,HRANA
ULJE MASL EKS DJEV 0.25L MATI,90670193,MATI,0.25 l,ko,10.89,43.56,,7.3,10.89,3859893968075,HRANA
DRINK MILK SLAM VANIL 30g,90678463,QUICK MILK,0.03 kg,ko,0.85,28.33,,0.85,0.85,5996071650631,HRANA
ČAJ ZELENI 25X2g AHMAD,90678490,AHMAD,0.05 kg,ko,2.39,47.8,,2.39,2.39,054881005890,HRANA
OM VIOLETA LAGOON 1.61L,90699075,VIOLETA,0.70 kg,ko,4.55,6.5,,2.99,4.55,3870128034563,SREDSTVA ZA ČIŠĆENJE
TORTELLONI RICOT ŠPIN 250g CA PRICCI,90702765,CA PRICCI,0.25 kg,ko,1.69,6.76,,1.69,1.69,8003427012160,HRANA
KAVA LEDENA NES CARAMEL 250ml,90703380,NESCAFE,0.25 l,ko,2.05,8.2,,1.79,2.05,8445290619051,HRANA
TORTA DAIM ALMONDY 400g,90473100,ALMONDY,0.40 kg,ko,6.49,16.23,,6.49,6.49,7312930009453,HRANA
BRIJAČ WILK HYDRO 5 SKIN+1 BRIT,90478221,WILKINSON,1.00 ko,ko,10.29,10.29,,10.29,10.29,4027800439935,KOZMETIKA
PIĆE GAZ COCA COLA 5+1 GR 0.33L LIM,90484772,COCA COLA,1.65 l,ko,5.45,3.3,,5.45,5.45,5000112652857,PIĆE
MASLINE CRNE BK 75g SACLA,90485128,SACLA,0.08 kg,ko,1.49,19.87,,1.49,1.49,8001060019393,HRANA
MORTADELA SAN GIORGIO 1/2 S PISTAC VAC GAV,90486249,GAVRILOVIĆ,1.00 kg,kg,8.49,8.49,,8.49,8.49,3858892720547,HRANA
MURINA SVJEŽA  TOTAL FISH,90486628,TOTAL,1.00 kg,kg,3.89,3.89,,2.33,3.89,,HRANA
ČAJ CVIJET BAZGE EKO 40g DARVITALIS,90494655,DARVITALIS,0.04 kg,ko,3.95,98.75,,3.95,3.95,3858890833782,HRANA
KIST ZA BOJU BOREAL 655/B,90494926,BOREAL,1.00 ko,ko,2.92,2.92,,2.92,2.92,8006655655017,KOZMETIKA
JOGURT 2.8% MM 200g MLJEKARA MARINA,90503401,MLJEKARA MARINA,0.20 kg,ko,0.49,2.45,,0.49,0.49,3859892438104,HRANA
GROŽĐICA GARD GOOD TAMNA JUMBO 180g,90553211,GARDEN GOOD,0.18 kg,ko,1.29,7.16,,0.89,1.29,3838900987896,HRANA
CEDEVITA BAZGA LIMUN 900g,90571941,CEDEVITA,0.90 kg,ko,6.39,7.1,,5.79,5.79,3850322015049,PIĆE
VODICA LIST ADV TOT CONT 500ml,90571945,LISTERINE,0.50 l,ko,6,12,,6,6,3574661266602,KOZMETIKA
KAVA ANAMARIA ESPR VENDI ZRNO 1000g,90573029,ANAMARIA,1.00 kg,ko,21.29,21.29,,21.29,21.29,3858881771581,HRANA
SIR POLUTV TILZIT 400g DUKAT,90573709,PRESIDENT,0.40 kg,ko,,10.48,4.19,4.19,5.19,3850355007387,HRANA
KROASAN MIDI VANILIJA 60g QUICKIE,90582787,QUICKIE,0.06 kg,ko,0.6,10,,0.6,0.6,3872324000014,HRANA
SOK JABUKA 100% MINUTE 1L,90602781,MINUTE,1.00 l,ko,2.49,2.49,,2.49,2.49,3850334009746,PIĆE
PUDING HIGH PROTEIN GRIZ 400g DR OETKER,90602798,DR OETKER,0.40 kg,ko,2,5,,2,2,4023600013511,HRANA
ČOKOLADNE CREAM BANANE 510g DIVA,90623071,DIVA,0.51 kg,ko,3.99,7.82,,2.99,3.99,3857500120007,HRANA
JUNEĆA SLABINA I LEĐA BB LOVRIĆ,90648688,LOVRIĆ,1.00 kg,kg,11.69,11.69,,11.69,11.69,,HRANA
TEQUILA SIERRA SILVER 0.7L,90648899,SIERRA UNIDA,0.70 l,ko,19.99,28.56,,19.99,19.99,4062400174305,PIĆE
DET JAR PLAT LEMON 35 TAB,90662888,JAR ADW,35.00 ko,ko,21.59,0.62,,10.79,21.59,8006540750124,SREDSTVA ZA ČIŠĆENJE
DANISH WHITE DIVAN GARDEN 400g,90668803,DIVAN GARDEN,0.40 kg,ko,2.29,5.73,,2.29,2.29,3859893864667,HRANA
UMAK JALAPENO 145g FRANK'S RH,90670052,FRANK'S REDHOT,0.15 kg,ko,4.89,33.72,,4.89,4.89,0041500011622,HRANA
MUESLI ČOKO KEKS 450g VITALIS,90674741,VITALIS,0.45 kg,ko,4.29,9.53,,4.29,4.29,4000521012861,HRANA
PAPIR PEČENJE LIST 30/1 38CMX42cm F&P,90675189,FRESH&PACK,1.00 ko,ko,1.29,1.29,,0.99,0.99,3850334431660,PROIZVODI ZA KUĆANSTVO
GRAH GARDEN GOOD SMEĐI 480g,90682782,GARDEN GOOD,0.48 kg,ko,1.49,3.1,,1.49,1.49,3850334028709,HRANA
KEKS PREKRAŠNI PUNJ KOKOS 200g,90692801,PREKRAŠNI KOLAČIĆI,0.20 kg,ko,2.59,12.95,,1.89,2.59,3850102005413,HRANA
PIVO PAN LAGER 6PACK LIM 0.5L,90703097,PAN,3.00 l,ko,7.49,2.5,,6.29,7.49,3858887581993,PIĆE
GAZ PIĆE T.HENRY WILD BERRY 0.75L,90703419,THOMAS HENRY,0.75 l,ko,5.05,6.73,,3.99,5.05,4251760801796,PIĆE
TP PALOMA PURE WHITE 16/1 3SL,90704972,PALOMA,16.00 ko,ko,4.49,0.28,,4.49,4.49,3838952027908,TOALETNE POTREPŠTINE
VAFL CHOCO MIGNON 200g KOESTLIN,90705701,KOESTLIN,0.20 kg,ko,2.89,14.45,,2.89,2.89,3856014106057,HRANA
GRAŠAK XXL 700g LEDO,90706763,LEDO,0.70 kg,ko,2.49,3.56,,2.49,2.49,3850116058627,HRANA
KULENOVA SEKA CR SLAV SVINJ cca 700g BELJE,90706778,BELJE,1.00 kg,kg,46.99,46.99,,46.99,46.99,3850257052744,HRANA
WHISKAS MM TM IZBOR KUHARA  85g,90707522,WHISKAS,0.09 kg,ko,0.89,10.37,,0.89,0.89,4770608262419,PROIZVODI ZA KUĆANSTVO
PAHULJICE ČOKO NESQUIK 225g NESTLE,90713441,NESTLE ŽITAR,0.23 kg,ko,3.15,14,,3.05,3.05,5900020042255,HRANA
PROTEIN NAPITAK ČOKOLADA 250ML ZOTT,90724904,ZOTT,0.25 kg,ko,1.29,5.16,,1.19,1.29,4014500520032,HRANA
SERUM ZORINA MAST 9KOLAG 30ml,90730250,ZORINA MAST,0.03 l,ko,17.69,589.67,,17.69,17.69,3857500100399,KOZMETIKA
SLANINA BARANJSKA NAR 100g MA,90731253,BELJE,0.10 kg,ko,3.09,30.9,,3.09,3.09,3850139616439,HRANA
TIROLSKA KOBASICA 750g XXL PIK,90744823,PIK VRBOVEC,0.75 kg,ko,4.79,6.39,,4.69,4.69,3850139173475,HRANA
OM SILAN SUPREME ELEGANCE 1.012L,90744913,SILAN,1.01 l,ko,,2.76,2.79,2.79,2.79,9000101580471,SREDSTVA ZA ČIŠĆENJE
DET PERSIL STAIN REMOVAL 22TAB,90744959,PERSIL,22.00 ko,ko,,0.45,9.99,9.99,9.99,9000101801385,SREDSTVA ZA ČIŠĆENJE
ROTKVICA 300 grama ,90745531,,0.30 kg,ko,0.99,3.3,,0.99,0.99,3858885878477,HRANA
ČIPS DORITOS LJUTA PAPRIKA 90g,90754989,DORITOS,0.09 kg,ko,1.99,22.11,,1.69,1.99,8606017379423,HRANA
KOLAČ MRAMORNI LIMUN BG 250g DR SCHAR,90755021,DR SCHAR,0.25 kg,ko,,19.12,4.78,5.99,5.99,8008698013663,HRANA
FLASTERI FOOT CARE HC 5/1 SEPTONA,90770037,SEPTONA,5.00 ko,ko,2.09,0.42,,2.09,2.09,5201410003611,TOALETNE POTREPŠTINE
UMAK PESTO SICILIANA 100g AGROMONTE,90814786,AGROMONTE,0.10 kg,ko,3.99,39.9,,3.39,3.99,8032817244577,HRANA
ARU PRAH BIO 200 g NUTRIGOLD,90825144,NUTRIGOLD,0.20 kg,ko,4.59,22.95,,4.59,4.59,3858891972145,HRANA
SREDSTVO ZA ČIŠ PER RUBLJA 5IN1 K2R,90825250,K2R,1.00 ko,ko,4.99,4.99,,4.99,4.99,9000101016550,SREDSTVA ZA ČIŠĆENJE
KOKOS ČIPS I GOJI BIO SNACK 50 g NUTRIGOLD,90825305,NUTRIGOLD,0.05 kg,ko,1.09,21.8,,1.09,1.09,3858894431403,HRANA
PLOČICA CHOCO CRUN BEZ DOD ŠEĆ 30 g NEOH,90825988,NEOH,0.03 kg,ko,1.99,66.33,,1.99,1.99,9120085630013,HRANA
SET GILLETTE M3+GEL 200 ml,90826342,GILLETTE,1.00 ko,ko,8,8,,8,8,8700216566469,KOZMETIKA
PJENA GILLETTE SENSITIVE 400 ml,90850200,GILLETTE,0.40 l,ko,,7.98,3.19,3.19,3.99,8700216497039,KOZMETIKA
AMUR SVJ ODREZAK PAK KONZUM,90472891,KONZUM,1.00 kg,kg,6.37,6.37,,3.82,6.37,,HRANA
PIĆE GAZ THOMAS HENRY TONIC WAT 0.2L,90478148,THOMAS HENRY,0.20 l,ko,2.19,10.95,,2.19,2.19,4251760800041,PIĆE
PAPALINA SVJ TOTAL FISH,90503392,TOTAL,1.00 kg,kg,2.59,2.59,,1.55,2.59,,HRANA
HAMBURGER PECIVO BEZ GLUT 2x60g RAZV,90617837,MOJE MALO ZLATO,0.12 kg,ko,2.99,24.92,,2.99,2.99,3859893064227,HRANA
PIVO LAŠKO ZLATOROG 6PACK 0.5L LIM,90622746,LAŠKO,3.00 l,ko,7.49,2.5,,6.49,7.49,3830001711066,PIĆE
PUNJENA PLJESKAVICA 400g DILMAR,90648190,DILMAR,0.40 kg,ko,4.69,11.73,,2.92,4.17,3859893373152,HRANA
BLITVA BRIKET 650g LEDO,90668416,LEDO,0.65 kg,ko,3.29,5.07,,2.69,3.29,3850116053042,HRANA
BOMBON TIC TAC STRAWBERRY MIX 18g,90669944,FERRERO,0.02 kg,ko,0.79,43.89,,0.79,0.79,80800019,HRANA
RUČNIK OLALA LIMUN MAXI 2/1 3SL,90672802,OLALA,2.00 ko,ko,3.98,1.99,,3.98,3.98,3859892232719,PROIZVODI ZA KUĆANSTVO
ŠLJIVA SUHA B/K 500g,90673885,AGRANELA,0.50 kg,ko,3.19,6.38,,2.49,3.19,8606014630503,HRANA
DET SUĐE VIO LIMUN SODA 450ml,90683096,VIO,0.45 l,ko,1.59,3.53,,1.19,1.59,3870128034327,SREDSTVA ZA ČIŠĆENJE
KEKS DOMAĆICA ORIGINAL DUO PACK 600g,90699321,DOMAĆICA,0.60 kg,ko,4.49,7.48,,4.49,4.49,3850102005710,HRANA
DET DASH LAVANDER 44TAB,90706123,DASH,44.00 ko,ko,25.59,0.58,,25.59,25.59,8700216011778,SREDSTVA ZA ČIŠĆENJE
RETOUCHER PALETTE 7-0 TAMNOPLAVA,90714389,PALETTE,1.00 ko,ko,,3.69,3.69,3.69,3.69,9000101664140,KOZMETIKA
TJEST S JAJ ŠPAGETI 5 ZL.POLJE 400g,90725541,ZLATO POLJE,0.40 kg,ko,1.99,4.98,,1.99,1.99,3838700368703,HRANA
DET WOOLITE COLOR 4.5L,90729719,WOOLITE,4.50 l,ko,8.99,2,,8.99,8.99,5900627056938,SREDSTVA ZA ČIŠĆENJE
LIZALICA LUBENICA 50g,90730947,FANTASIA,0.05 kg,ko,1.99,39.8,,1.99,1.99,3859892573553,HRANA
DESERT TWIX 3 PACK 3X50g,90731274,MARS,0.15 kg,ko,2.85,19,,2.85,2.85,5000159559362,HRANA
MIX ARABESCA 3U1 STRONG 10/1 150g,90733618,ARABESCA,0.15 kg,ko,3.29,21.93,,3.29,3.29,3858886804284,HRANA
VANILIN ŠEĆER 6X8G DR OETKER,90735036,DR OETKER,0.05 kg,ko,0.99,20.62,,0.49,0.99,5997381373227,HRANA
ULJE MASLINOVO EX DJEV K PLUS HR 0.75L,90744684,K PLUS,0.75 l,ko,9.99,13.32,,5,9.99,3850334100238,HRANA
KUGLICE VOĆ ŠLJI MAR ACTIVE ZONE 144 g,90749753,ACTIVE ZONE,0.14 kg,ko,2.79,19.37,,2.39,2.79,8605028609550,HRANA
KREMA ACETO BALSAMICO SPICE CHEF 0.25L,90749787,SPICE CHEF,0.25 l,ko,1.85,7.4,,1.85,1.85,3850334072436,HRANA
KOLAČ SUHI MIX 350g SUNCE,90759766,SUNCE,0.35 kg,ko,6.99,19.97,,6.99,6.99,3859892656102,HRANA
KREKER BOOM BOX RAJČICA RUŽMARIN 70 g,90770938,BOOM BOX,0.07 kg,ko,0.99,14.14,,0.99,0.99,3856027801369,HRANA
PIVO KARLOVAČKO RAD LIMUN 4PACK 0.5L,90775167,KARLOVAČKO,2.00 l,ko,5.69,2.85,,5.69,5.69,3850103001995,PIĆE
MLIJEKO OLIVAL KIDS SPF50 200 ml,90785077,OLIVAL,0.20 l,ko,15.99,79.95,,15.99,15.99,3858892695081,KOZMETIKA
ROVUS SPRAY MOP & SWEEPER,90795591,ROVUS,1.00 ko,ko,29.99,29.99,,18.99,29.99,3858894408535,PROIZVODI ZA KUĆANSTVO
ČOKOLADA RITTER COFFEE DUO 218g,90809824,RITTER SPORT,0.22 kg,ko,5.49,25.18,,5.49,5.49,4000417663214,HRANA
SIR TOPLJ TROK MAXX DELISO 420 g,90810354,DELISO,0.42 kg,ko,3.39,8.07,,3.39,3.39,3850334113979,HRANA
SIR MEKI MOZZAR BUFALA 125 g SPECIAL MOM,90825196,SPECIAL MOMENTS,0.13 kg,ko,1.99,15.92,,1.99,1.99,3850334430168,HRANA
SNACK ZOB BANANA BAD ČOK 70 g LOV BITES,90826251,LOV BITES,0.07 kg,ko,2.49,35.57,,2.49,2.49,5201044011235,HRANA
TUBA FRULLÀ BIO JAB/BUND/MRKVA 100 g,90839838,FRULLA,0.10 kg,ko,0.89,8.9,,0.89,0.89,8024985013871,HRANA
GEL TUŠ BIOBAZA FROSTED 265 ml,90839860,BIOBAZA,0.27 l,ko,,11.28,2.99,3.99,3.99,3856020915711,KOZMETIKA
DEO BOROTALCO INVISIBLE PINK 150 ml,90850651,BOROTALCO,0.15 l,ko,,13.27,1.99,1.99,3.99,8002410046298,KOZMETIKA
KUKURUZ ŠEĆ BŠ GARDEN GOOD 170/140 g,90850826,GARDEN GOOD,0.14 kg,ko,0.99,7.07,,0.99,0.99,3850334113894,HRANA
DEO AXE KEN BERG 150 ml,90885200,AXE,0.15 l,ko,,27.4,4.11,5.49,5.49,8720181555596,KOZMETIKA
ŠAMPON FRUCTIS ALOE 400 ml,90885232,FRUCTIS,0.40 l,ko,,7.85,3.14,4.49,4.49,3600542134781,KOZMETIKA
DEO OS WOLFTHORN 250 ml,90885650,OLD SPICE,0.25 l,ko,7.49,29.96,,7.49,7.49,8700216875738,KOZMETIKA
SPECIAL DOG EX. SP MINI TUNA 1.5 kg,90886051,SPECIAL DOG EXCELLENCE,1.50 kg,ko,9.99,6.66,,9.99,9.99,8009470059770,PROIZVODI ZA KUĆANSTVO
BOMBONI GUM SOUR RED PENCIL 90g FINI,90886086,FINI,0.09 kg,ko,1.39,15.44,,1.39,1.39,8410525206146,HRANA
FLIPS CLIPSY SIR/KECAP/ORIGANO 150 g,90887014,PEPSICO,0.15 kg,ko,,10.6,1.59,1.99,1.99,8606033741495,HRANA
KREMA BYROKKO TAN BOOST 200 ml,90887261,BYROKKO,0.20 l,ko,19.99,99.95,,19.99,19.99,3830079880855,KOZMETIKA
VODKA SKYY 0.7 L,90889959,SKYY,0.70 l,ko,17.59,25.13,,17.59,17.59,8000040007009,PIĆE
NEG PIĆE FRUC LIMUNADA 1.5 L,90889978,FRUCTAL,0.50 l,ko,1.89,3.78,,1.89,1.89,3838945043359,PIĆE
TIJESTO CAPPELLETTI DURUM 500 g ZP,90890097,ZLATO POLJE,0.50 kg,ko,1.99,3.98,,1.99,1.99,3856020278922,HRANA
HAMBURGER 600 g K PLUS,90890236,K PLUS,0.60 kg,ko,3.85,6.42,,2.69,3.85,3850139286335,HRANA
VEGETA SMOKED 200 g PODRAVKA,90890326,VEGETA,0.20 kg,ko,2.19,10.95,,2.19,2.19,3856020276669,HRANA
MASLINE ZELENE 700/400 g OLYMP,90900115,OLYMP,0.40 kg,ko,2.99,7.48,,2.99,2.99,5201409804410,HRANA
ŠPAROGA VEZANA KOM,01402556,,0.50 kg,ko,,4.98,2.49,2.89,2.89,3850334159045,HRANA
PAPRIKA BABURA,01408960,,1.00 kg,kg,2.49,2.49,,2.49,3.99,3850334173423,HRANA
SIR POLUTV EDAMER 40% BAYREUTH,02053000,BAYREUTH,1.00 kg,kg,5.99,5.99,,3.97,3.97,3850334172464,HRANA
BRANCIN XL SVJ CROMARIS,02198009,,1.00 kg,kg,17.99,17.99,,10.79,17.99,3859892725006,HRANA
MLIJEKO ČOKOLADNO 'ZB 1L VINDIJA,02230085,Z BREGOV,1.00 l,ko,2.39,2.39,,2.39,2.39,3850108022988,HRANA
VINO BLATINA 0.75L VRH VIN ČIT,03020264,HERCEGOVINAVINO,0.75 l,ko,8.95,11.93,,8.95,8.95,3870083000146,PIĆE
VINO POŠIP VRH 0.75L MADIRAZZA,03022376,MADIRAZZA,0.75 l,ko,15.79,21.05,,15.79,15.79,3859889833462,PIĆE
PRIMA BRAND 0.5L 36% BADEL,03070257,BADEL 1862,0.50 l,ko,7.05,14.1,,7.05,7.05,3850112141217,PIĆE
NEKTAR BRES MAR JABUKA 0.2L,03140216,VINDI,0.20 l,ko,0.65,3.25,,0.65,0.65,3850108079753,PIĆE
KAŠICA HIPP BIO BROKULI RIŽA 125g,03148052,HIPP,0.13 kg,ko,1.25,10,,1.25,1.25,9062300131144,HRANA
KRUH POLUBIJELI 700g PAK MLINAR,04011230,MLINAR,0.70 kg,ko,1.55,2.21,,1.55,1.55,3858881127500,HRANA
KREMA ZA KUHNJE SOJA 250ml ALPRO,04030310,ALPRO,0.25 l,ko,2.59,10.36,,1.99,2.59,5411188513483,HRANA
PAHULJICE FITNESS NESTLE 375g,04031064,NESTLE ŽITAR,0.38 kg,ko,4.99,13.31,,4.69,4.69,7613032853815,HRANA
TIJESTO PENNE RIGATE 49 500g ZARA,04050187,PASTA ZARA,0.50 kg,ko,1.59,3.18,,0.89,1.59,8004350130495,HRANA
TIJESTO SPAGHETTINI 3 1kg BARILLA,04050331,BARILLA,1.00 kg,ko,3.69,3.69,,3.69,3.69,8076800105032,HRANA
KAVA ESPRESSO 250g LAVAZZA KUT,04070149,LAVAZZA,0.25 kg,ko,9.49,37.96,,9.49,9.49,8000070018808,HRANA
ČAJ KOMORAČ TR.PRIR. 30g OM FRANCK,04092223,FRANCK,0.03 kg,ko,2.49,75.45,,2.49,2.49,3858881086753,HRANA
ŠTAPIĆI KVIKI MAXI KIKIR 190g PODRAV,04142146,KVIKI,0.19 kg,ko,1.79,9.42,,1.79,1.79,3850104235283,HRANA
FANT ZA ĆUFTE 60g PODRAVKA,04161233,FANT,0.06 kg,ko,1.39,23.17,,1.39,1.39,3850104248948,HRANA
WASABI 45g BD,04163666,BLUE DRAGON,0.05 kg,ko,4.69,104.22,,4.69,4.69,5010338302887,HRANA
MUESLI HRSKAVI S MEDOM 375g DR OETKE,04170508,VITALIS,0.38 kg,ko,4.19,11.17,,4.19,4.19,4000521644604,HRANA
BOMBONJERA MERCI GROSSE 250g,04211002,MERCI,0.25 kg,ko,7.99,31.96,,7.99,7.99,4014400901191,HRANA
SPUŽVA GLITZI CRYST 1/1 1017,05354913,VILEDA,1.00 ko,ko,1.65,1.65,,0.99,1.65,3838447000294,PROIZVODI ZA KUĆANSTVO
HIG UL LIBRESSE MAXI GOODNIGHT 10/1,06502379,LIBRESSE,10.00 ko,ko,,0.17,1.69,1.99,1.99,7322541192543,TOALETNE POTREPŠTINE
BOJA COLOR NAT 3 CAH FO 5609,06542043,GARNIER COL NATURALS,1.00 ko,ko,,3.69,3.69,4.99,4.99,3600540335609,KOZMETIKA
BOJA PALETTE ICC A10 INS COLOR,06548066,PALETTE ICC,1.00 ko,ko,,3.49,3.49,3.49,3.49,3838824159133,KOZMETIKA
BOJA COL SENSAT 4.15,90032859,GARNIER COL SENSATION,1.00 ko,ko,,3.99,3.99,4.99,5.29,3600541136007,KOZMETIKA
ONE SM SENSITIVE PURETINA 800g,90052136,ONE,0.80 kg,ko,5.69,7.11,,3.99,5.69,7613035467903,PROIZVODI ZA KUĆANSTVO
BOJA SYOSS OLEO 6-76 TOPLA BAKRENA,90059994,SYOSS OLEO,1.00 ko,ko,,6.49,6.49,6.49,7.99,9000100814553,KOZMETIKA
VINO KAPISTRAN CRNO 0.75L KV ILOK,90061952,ILOČKI PODRUMI,0.75 l,ko,6.85,9.13,,6.85,6.85,3859892149277,PIĆE
KOBASICA KRANJSKA K PLUS 340g VAK,90062364,K PLUS,0.34 kg,ko,2.79,8.21,,2.35,2.79,3850139171518,HRANA
ULJE MASLINOVO 1 L TRENTON,90110034,TRENTON,1.00 l,ko,9.49,9.49,,9.49,9.49,3859888906051,HRANA
KREMA ZA KUHANJE RIŽA 250ml ALPRO,90149158,ALPRO,0.25 l,ko,2.59,10.36,,1.99,2.59,5411188120988,HRANA
DEO MEN BIOBAZA LOVOR PAČULI I MENTA 50ML,90172377,BIOBAZA,1.00 ko,ko,,2.89,2.89,3.85,3.85,3859892638719,KOZMETIKA
KEKS MOTO  KAKAO MLIJEKO 288g,90183981,MOTO,0.29 kg,ko,2.79,9.69,,2.19,2.19,3850102522866,HRANA
TLAČENICA PREMIUM,90240347,SILMA,1.00 kg,kg,7.03,7.03,,5.62,7.03,3859892782269,HRANA
SPREJ LOREAL MR IZRAST CRNA 75ML,90258679,LOREAL MAGIC RETOUCH,0.08 l,ko,7.49,99.87,,7.29,7.49,3600523192861,KOZMETIKA
SPUŽVA CELULOZNA DAX 2/1,90289991,DAX,2.00 ko,ko,1.06,0.53,,0.74,1.06,3850334608321,PROIZVODI ZA KUĆANSTVO
SPUŽVA AUTO DAX 1/1,90289997,DAX,1.00 ko,ko,1.19,1.19,,0.83,1.19,3850334608383,PROIZVODI ZA KUĆANSTVO
SIR TILZIT CCA 3 kg MILCHLAND,90886596,MILCHLAND,1.00 kg,kg,6.99,6.99,,6.99,6.99,,HRANA
SOMAT MACHINE CARE,08010422,SOMAT,0.25 l,ko,,11.96,2.99,2.99,2.99,90003714,SREDSTVA ZA ČIŠĆENJE
KAŠ FRUTEK LN KAKAO 190g,90029819,FRUTEK,0.19 kg,ko,,6.79,1.29,1.75,1.75,3838945020565,HRANA
POSLASTICA DENTAL 3U1 180G VK,90033210,VITAKRAFT,0.18 kg,ko,3.05,16.94,,3.05,3.05,4008239309174,PROIZVODI ZA KUĆANSTVO
ŠAMPON ELSEVE COLOR VIVE 400ml,90051819,LOREAL ELSEVE,0.40 l,ko,,11.23,4.49,5.49,5.99,3600522069829,KOZMETIKA
HRANA VK PERLE MALE PAPIGE MED 1kg,90052474,VITAKRAFT,1.00 kg,ko,5.69,5.69,,5.69,5.69,4008239181022,PROIZVODI ZA KUĆANSTVO
JOGURT BADEM PISTACIJA 150g DUKATOS,90059149,DUKATOS,0.15 kg,ko,0.99,6.6,,0.89,0.99,3850354009764,HRANA
SAPUN ČVRSTI NIVEA SEA & MIN 90g,90059364,NIVEA,0.09 kg,ko,1.19,13.22,,1.19,1.19,4005808176489,KOZMETIKA
ŽV GUMA ORBIT BUBBLEMINT 14g,90069669,WRIGLEY,0.01 kg,ko,0.99,70.71,,0.99,0.99,42247371,HRANA
BOMBONJERA MERCI KNUSPER 250g,90077957,MERCI,0.25 kg,ko,7.99,31.96,,7.99,7.99,4014400917956,HRANA
SIR TVRDI LIVANJSKI PUĐA,90092330,PUĐA,1.00 kg,kg,21.23,21.23,,21.23,21.23,,HRANA
CORDON BLEU PAN PILEĆI 400G LEDO,90157447,LEDO,0.40 kg,ko,7.69,19.23,,6.69,7.69,3850116103891,HRANA
MASLINE ZELENE 350g/ 200g PODRAVKA,90187710,PODRAVKA,0.20 kg,ko,2.79,13.95,,1.99,2.79,3850104279270,HRANA
WC GEL SANITAR OCEAN FRESH 750ML,90222070,SANITAR,0.75 l,ko,3.05,4.07,,2.35,2.95,3850111503870,SREDSTVA ZA ČIŠĆENJE
JUHA DALMATINSKA 40g MAGGI,90235951,MAGGI,0.04 kg,ko,0.75,18.75,,0.45,0.75,7613287413727,HRANA
DN ULOŠCI ALWAYS EXT LONG 44/1,90261058,ALWAYS P&G,44.05 ko,ko,3.32,0.08,,2.65,2.65,4015400563846,TOALETNE POTREPŠTINE
GLAVE RIBLJE KUPA,90270050,,1.00 kg,kg,1.99,1.99,,1.19,1.99,,HRANA
ZAČIN KOPAR USITNJ VR 10g VEGETA MAESTRO,90282297,VEGETA MAESTRO,0.01 kg,ko,0.89,89,,0.49,0.89,3850104294518,HRANA
VODA ROMERQUELLE LIM TRAVA 0.5L,90290958,ROMERQUELLE,0.50 l,ko,1.15,2.3,,1.15,1.15,9031100003807,PIĆE
COCKTAIL MOJITO 0.33l nb,90291842,A LE COQ,0.33 l,ko,1.65,5,,1.15,1.55,4740098002833,PIĆE
ČAJ INDIJSKI 30 g AO,90295636,PODRAVKA,0.03 kg,ko,1.59,53,,1.59,1.59,3856020205027,HRANA
PIVO 5TH ELEMENT GERWEISS 0.5L NB,90298339,5TH ELEMENT,0.50 l,ko,2.05,4.1,,2.05,2.05,3859892222994,PIĆE
KAMENICE KONZUM,90298474,,1.00 kg,kg,10.79,10.79,,6.47,10.79,,HRANA
LIGNJA PATAGONIKA KONZUM,90298483,,1.00 kg,kg,11.19,11.19,,6.71,11.19,,HRANA
RIBLJA PAŠTETA KOZICAMA 165g TRENTON,90303569,TRENTON,0.17 kg,ko,5.19,31.45,,3.89,5.19,3859893081200,HRANA
VINO MERLOT 1L VINA LAGUNA,90311375,LAGUNA,1.00 l,ko,5.45,5.45,,5.45,5.45,3858881190818,PIĆE
BRIJAČ JEDNOK GILL BLUE3 COOL 6+2,90324334,GILLETTE,8.00 ko,ko,,0.98,7.83,7.79,10.98,7702018457342,KOZMETIKA
GRISSINI CLASSIC 125g AMOR DI PANE,90325478,AMOR DI PANE,0.13 kg,ko,1.29,10.32,,1.29,1.29,8005803010357,HRANA
KEKS PARIS KAKAO 225g KOESTLIN,90344321,PARIS,0.23 kg,ko,1.89,8.4,,1.89,1.89,3856014122682,HRANA
ENJOY MIX 350 g NATURA PLUS,90895279,NATURA,0.35 kg,ko,4.99,14.26,,4.99,4.99,3858893922506,HRANA
OM ORNEL WISH 1.6 L,90899756,ORNEL,1.60 l,ko,5.09,3.18,,5.09,5.09,3850105189448,SREDSTVA ZA ČIŠĆENJE
LUK LJUBIČASTI,01400667,,1.00 kg,kg,1.29,1.29,,1.29,1.29,3850334173034,HRANA
GRAŠAK 265g ZVIJEZDA,01550504,ZVIJEZDA,0.27 kg,ko,1.69,6.38,,1.69,1.69,3858882217057,HRANA
MASLINE ZEL BK 75g DOY AGROSEVILLA,01581068,AGROSEVILLA,0.08 kg,ko,1.75,23.33,,1.75,1.75,8410522000389,HRANA
JUN REBRA BK KONZUM,02410719,,1.00 kg,kg,4.68,4.68,,4.68,4.68,,HRANA
VINO BLATINA CRNO KV 1L KK,03019105,HERCEGOVINAVINO,1.00 l,ko,4.89,4.89,,4.19,4.19,3870083000559,PIĆE
VATA LOLA CIK CAK 100g       0619,06500797,LOLA,0.10 kg,ko,2.05,20.5,,2.05,2.05,3858881100619,TOALETNE POTREPŠTINE
SRED FINISH ČIŠĆ PERILICE 2x250ML,08010621,FINISH ADW,0.50 l,ko,8.45,16.9,,8.45,8.45,5999109582652,SREDSTVA ZA ČIŠĆENJE
STAKLO SUPER JON ALK+OCAT 650ML,08036079,SUPER JON,0.65 l,ko,,2.29,1.49,1.49,1.99,3850111503382,SREDSTVA ZA ČIŠĆENJE
VRHNJE ZA KUHANJE 500g BOCA DUKAT,90038498,BRZO&FINO,0.50 kg,ko,3.39,6.78,,3.39,3.39,3850354008606,HRANA
KUPKA PALM BLACK ORCHID 500ml,90051380,PALMOLIVE,0.50 l,ko,4.89,9.78,,2.55,2.55,8714789733180,KOZMETIKA
MINI MOZZARELLA K PLUS 125g,90070153,K PLUS,0.13 kg,ko,1.46,11.68,,1.19,1.46,3850334387974,HRANA
NAMAZ ALPINESSE SLANI 250g MEGGLE,90083828,ALPINESSE,0.25 kg,ko,3.99,15.96,,3.59,3.99,4034900008206,HRANA
JAJA SVJ K PLUS L 10/1 PODNI UZGOJ,90083836,K PLUS,10.00 ko,ko,2.99,0.3,,2.98,2.98,3850334421173,HRANA
LIKER JACK DANIEL'S HONEY 0.7L,90092738,JACK DANIELS,0.70 l,ko,24.55,35.07,,24.55,24.55,5099873001370,PIĆE
BRIJAČ Ž JEDN WILK XTR 3 BEA 4/1,90140966,WILKINSON,4.00 ko,ko,5.29,1.32,,3.7,3.7,4027800318308,KOZMETIKA
PAP RUPČ PALOMA EXC 10/1 4SL,90142041,PALOMA,10.00 ko,ko,1.89,0.19,,1.89,1.89,3838952014076,TOALETNE POTREPŠTINE
RUPČIĆI PAP VIOLETA KUT 3SL 60/1,90153453,VIOLETA,59.99 ko,ko,1.99,0.03,,1.99,1.99,3870128009172,TOALETNE POTREPŠTINE
DEO AXE BLACK 150ML,90154697,AXE,0.15 l,ko,,22.73,3.41,4.55,4.55,8712561614122,KOZMETIKA
STICK OLDSP WHITEWATER 50ml,90156905,OLD SPICE,0.05 l,ko,,74.8,3.74,4.99,4.99,8700216162180,KOZMETIKA
REFILL SCHOLL ZA KOMP EX COARSE,90161471,SCHOLL,1.00 ko,ko,3,3,,3,3,5052197035445,KOZMETIKA
KEKS MED 400G MISURA,90188099,MISURA,0.40 kg,ko,3.58,8.95,,3.58,3.58,8002590043483,HRANA
RAJČICA KUMATO 380 grama,90203921,,0.38 kg,ko,2.79,7.34,,2.79,2.79,3859890369189,HRANA
GOF,90212339,,1.00 kg,kg,29.84,29.84,,17.89,29.84,93856024300417,HRANA
VITAMIN C 500MG DIRE 30G NATUREL,90215459,NATUREL,0.03 kg,ko,3.45,115,,3.45,3.45,3858887246946,HRANA
VINO MONTES TWINS MALBEC/CAB.SAUV.0.75L,90216573,MONTES,0.75 l,ko,9.85,13.13,,9.85,9.85,7804303000346,PIĆE
DOMESTOS TB WHITE&SHINE 750ML,90258189,DOMESTOS,0.75 l,ko,2.99,3.98,,2.99,2.99,8710908675089,SREDSTVA ZA ČIŠĆENJE
OKRUGLICE VAN ŠUM VOĆE LEDO 500G,90263031,LEDO,0.50 kg,ko,2.99,5.98,,2.99,2.99,3850116102443,HRANA
MINI CROISSANT 200G RUGGERI,90278040,LA CROISSANTERIE,0.20 kg,ko,1.5,7.5,,1.5,1.5,8001618991980,HRANA
KOLAČ MAĐARICA 350g KUSTURA,90293601,KUSTURA KOLAČI,0.35 kg,ko,3.71,10.6,,3.71,3.71,3858890192131,HRANA
ČOK MILKA BADEM CARAMEL 300g,90296250,MILKA,0.30 kg,ko,6.79,22.63,,3.99,3.99,7622210744883,HRANA
KAŠA ZOB JAGODA CHIA 65g DOBRA,90303261,DOBRA,0.07 kg,ko,0.99,15.23,,0.99,0.99,8595054904883,HRANA
VINO ROSE 0.75 L KV BELJE,90311435,BELJE,0.75 l,ko,9.05,12.07,,6.99,9.05,3850257021160,PIĆE
GAZ PIĆE COCA COLA ZERO 1.5L,90311937,COCA COLA,1.50 l,ko,1.89,1.26,,1.89,1.89,5449000133335,PIĆE
48 ZAŠTITNA KREMA ZA LICE I TIJELO 150ML,90299204,ILIRIJA,0.15 l,ko,3.39,22.6,,3.39,3.39,3838980813849,KOZMETIKA
PIVO SAN SERVOLO CRVENO 0.33L NB,90300323,SAN SERVOLO,0.33 l,ko,2.59,7.85,,2.59,2.59,3859893049033,PIĆE
KAVA MUST PURO ARABICA NS 10/1 50g,90307011,MUST,0.05 kg,ko,3.15,63,,3.15,3.15,8056370761012,HRANA
HIG UL NAT ULTRA NIGHT DUO 14/1,90308095,NATURELLA,14.00 ko,ko,2.85,0.2,,2.85,2.85,8001090585394,TOALETNE POTREPŠTINE
VINO GRAŠEVINA VRH 0.75L VINA BELJE,90311378,BELJE,0.75 l,ko,11.05,14.73,,8.99,11.05,3850257019051,PIĆE
VINO MERLOT VRH 0.75L VINA BELJE,90311418,BELJE,0.75 l,ko,14.99,19.99,,14.99,14.99,3850257019570,PIĆE
HUGO GRACIOSO 0.75L,90320039,HUGO,0.75 l,ko,3.25,4.33,,3.25,3.25,4002391301106,PIĆE
KAŠICA FRUTEK POV GOV/RIŽ 190g,90320524,FRUTEK,0.19 kg,ko,1.99,10.47,,1.99,1.99,3838945030663,HRANA
ČETKICA CURAPROX CS 3960 SUPER SOFT,90332144,CURAPROX,1.00 ko,ko,5.99,5.99,,5.99,5.99,7612412396003,KOZMETIKA
FOLIJA PRIJANJAJUĆA DOMUS 30m,90344372,DOMUS,30.00 m,ko,1.86,0.06,,1.86,1.86,3859893097003,PROIZVODI ZA KUĆANSTVO
KLICE ALFA ALFA 70 grama,90344508,,0.07 kg,ko,2.19,31.29,,2.19,2.19,3856028677840,HRANA
VREĆICA ZAMR HD 3L 38/1 F&P,90344726,FRESH&PACK,38.01 ko,ko,0.86,0.02,,0.86,0.86,3850334009685,PROIZVODI ZA KUĆANSTVO
OSLIĆ 250-300 MEDUZA,90356791,MEDUZA,1.00 kg,kg,7.19,7.19,,4.31,7.19,,HRANA
VOĆNI NAMAZ MIJEŠANI SUNNY 700g,90360216,SUNNY,0.70 kg,ko,2.99,4.27,,2.99,2.99,3850334153005,HRANA
KAŠ INST LINO ZOBELINO SA ŠLJIVOM 200g,90361361,LINO,0.20 kg,ko,2.89,14.45,,2.89,2.89,3856020225216,HRANA
SRED ZA POD VIOLETA LUXURIOS PURPLE 1L,90362810,VIOLETA,1.00 l,ko,2.98,2.98,,1.69,1.69,3870128017320,SREDSTVA ZA ČIŠĆENJE
KAŠICA FRUTEK JAB BAN PIR 190g,90362846,FRUTEK,0.19 kg,ko,,6.79,1.29,1.75,1.75,3838945034265,HRANA
KIKIRIKI LJUSKA G GOOD SUHO PRŽ 400g,90363718,GARDEN GOOD,0.40 kg,ko,2.29,5.73,,1.59,2.19,3838900956977,HRANA
LJEŠNJAK JEZGRA SWEET CHEF 200g,90363774,SWEET CHEF,0.20 kg,ko,2.65,13.25,,2.65,2.65,3838900956861,HRANA
SAPUN TEK PALM ALMOND 500ml,90378111,PALMOLIVE,0.50 l,ko,,4.38,2.19,3.19,3.19,8003520029133,KOZMETIKA
FLIPS POM BAR KETCHUP 50g,90404069,POM BAR,0.05 kg,ko,1.19,23.8,,0.99,1.19,3856021302756,HRANA
POSLASTICA STARSNACK MINI BONES MIX 200g,90406766,STARSNACK,0.20 kg,ko,2.95,14.75,,2.95,2.95,4033766797781,PROIZVODI ZA KUĆANSTVO
PIĆE GAZ PEPSI COLA 1.5L PET,90407036,PEPSI,1.50 l,ko,1.79,1.19,,1.79,1.79,3830065022603,PIĆE
KEKSI OD RIŽE S KOM ČOK 350g RISO SCOTTI,90412623,RISO SCOTTI,0.35 kg,ko,3.05,8.71,,3.05,3.05,8001860210099,HRANA
DET MERI MERINO BLACK 2.7L,90428093,MERI MERINO,2.70 l,ko,9.99,3.7,,9.29,9.29,3850111105784,SREDSTVA ZA ČIŠĆENJE
OSLIĆ PARANGAL RZ KOMIŽA,90428167,RZ KOMIŽA,1.00 kg,kg,11.19,11.19,,6.71,11.19,,HRANA
FILETI MAR INĆUNA U SUNC ULJU 320g PELAGOS,90432922,PELAGOS,0.32 kg,ko,10.49,32.78,,10.49,10.49,3859893545535,HRANA
DVOPEK INTEGRALNI 330g NATUREL,90453644,NATUREL,0.33 kg,ko,2.45,7.42,,2.45,2.45,3858889365263,HRANA
GLAVA ZAMJ ORAL B ZA EL ČETK SENS UL TH 4 KOM,90453738,ORAL B,4.00 ko,ko,,3.7,14.79,21.25,21.25,8006540847961,KOZMETIKA
ČAJ K PLUS KADULJA ŽALFIJA RINF 40g,90453817,K PLUS,0.04 kg,ko,1.35,33.75,,1.35,1.35,3850334240095,HRANA
LOSOS SUP 6/7 MOWI,90473078,MOWI,1.00 kg,kg,11.69,11.69,,7.01,11.69,,HRANA
BURGER PECIVO RAW ŠTILJ 2x80g,90486563,RAW ŠTILJ,0.16 kg,ko,0.8,5,,0.8,0.8,3850334411877,HRANA
RAKIJA VINOPLOD LOZA 0.1L,90486600,VINOPLOD,0.10 l,ko,1.69,16.9,,1.69,1.69,3858892460382,PIĆE
MEĐ PILEĆI MIX FILE 600g PERUTNINA,90875367,PERUTNINA PT,0.60 kg,ko,4.99,8.32,,4.99,4.99,3850220428491,HRANA
SUHI ŠAMP NIVEA VOLUME 200 ml,90885444,NIVEA,0.20 l,ko,,23.75,4.75,6.79,6.79,9005800358086,KOZMETIKA
REG SCHAUMA REG LONG HAIR 200 ml,90885557,SCHAUMA,0.20 l,ko,,19.95,3.99,4.99,4.99,9000101750317,KOZMETIKA
KEKS BAIOCCHI PISTACCHIO 240 g BARIL,90887361,BARILLA,0.24 kg,ko,4.19,17.46,,4.19,4.19,8076809583039,HRANA
WHISKAS SM TUNA POVRĆE 300G,01641663,WHISKAS,0.30 kg,ko,,6.63,1.99,1.99,2.39,5900951014093,PROIZVODI ZA KUĆANSTVO
KRUŠČIĆ KUKURUZNI MIJEŠ 400g MLINAR,04016055,MLINAR,0.40 kg,ko,1.59,3.98,,1.25,1.59,3858881121263,HRANA
KRUH BIJELI SENDVIČ PAK 650g MLINAR,04016480,MLINAR,0.65 kg,ko,1.85,2.85,,1.85,1.85,3858881127517,HRANA
ROLADE MINI KAKAO 222g 6/1,04024158,BALCONI,0.22 kg,ko,2.29,10.32,,2.29,2.29,8001585001330,HRANA
CROISSANT KAKAO 6/1 300g BAULI,04029201,BAULI,0.30 kg,ko,3.79,12.63,,3.29,3.29,8001720645825,HRANA
ULJE AMBRE SOL KOKOS 200ml,06592083,GARNIER AMBRE SOLAIR,0.20 l,ko,,48.65,9.73,12.99,12.99,3600542450645,KOZMETIKA
SRED SUPER JON UNIV ĐURĐICA 1L,90030725,SUPER JON,1.00 l,ko,,2.19,2.19,2.19,2.95,3850111503412,SREDSTVA ZA ČIŠĆENJE
NAMAZ POV SA ŠAMP 75g NATUREL,90030973,NATUREL,0.08 kg,ko,1.45,19.33,,0.99,1.45,3858887246236,HRANA
LIKER PINA COLADA 0.7L,90035175,PINA COLADA,0.70 l,ko,10.05,14.36,,10.05,10.05,8712436102839,PIĆE
BALZAM TIJ NEUTROGENA SUHA KOŽA 300ml,90037152,NEUTROGENA,0.30 l,ko,,24.2,7.26,9.09,9.09,3574660514643,KOZMETIKA
RIŽA K PLUS ARBORIO 1kg KUTIJA,90056510,K PLUS,1.00 kg,ko,3.69,3.69,,2.79,3.69,3850334339188,HRANA
PIVO HEINEKEN 0.4L POV BOCA,90062189,HEINEKEN,0.40 l,ko,1.25,3.13,,1.09,1.25,5998818171249,PIĆE
GOUDA SANDWICH 120g REZ DUKAT,90063605,PRESIDENT,0.12 kg,ko,2.79,23.25,,2.79,2.79,3850355007103,HRANA
GRAH ZAPEČENI 400g PODRAVKA,90074374,PODRAVKA,0.40 kg,ko,2.69,6.73,,2.02,2.69,3858886465997,HRANA
KREMA ZA RUKE OLIVAL LAVANDA 75ML,90082940,OLIVAL,0.08 l,ko,2.39,31.87,,2.39,2.39,3859892751197,KOZMETIKA
PURE CAT STICK KOLJA MSC 4X5g,90425436,VITAKRAFT,0.05 kg,ko,1.99,39.8,,1.99,1.99,4008239595690,PROIZVODI ZA KUĆANSTVO
PIVO GARDEN MILKSHAKE IPA 0.33l LIM,90425579,GARDEN,0.33 l,ko,2.25,6.82,,1.8,2.25,3859893153303,PIĆE
KOVAČ RZ KOMIŽA,90428179,RZ KOMIŽA,1.00 kg,kg,37.69,37.69,,22.6,37.69,,HRANA
CAPP NES ORIG MANJE ŠEĆERA 125G KUT,90442879,NESCAFE,0.13 kg,ko,4.19,33.52,,2.99,2.99,7613037084696,HRANA
KOLAČ BIJELA PITA K PLUS 400g,90468093,K PLUS,0.40 kg,ko,4.99,12.48,,4.29,4.29,3850334385512,HRANA
KEKS BOOM BOX ZOBENI BRUSNICA 50g,90487094,BOOM BOX,0.05 kg,ko,0.99,19.8,,0.99,0.99,3858890476835,HRANA
TAB FINISH QUANTUM REG 100TAB,90487416,FINISH ADW,100.00 ko,ko,31.59,0.32,,31.59,31.59,5999109581501,SREDSTVA ZA ČIŠĆENJE
TUBA NUTR JABUKA 100g,90494049,NUTRINO,0.10 kg,ko,,8.9,0.89,1.05,1.05,8606019650506,HRANA
PEL GAĆ PAMPERS NIGHT S4 25/1,90568126,PAMPERS,25.00 ko,ko,11.28,0.45,,11.28,11.28,8006540234709,TOALETNE POTREPŠTINE
KREMA LICE SN BB MEDIUM 50ml,90571679,GARNIER,0.05 l,ko,9.99,199.8,,9.99,9.99,3600542416405,KOZMETIKA
LEDENI ČAJ FUZETEA BRESKVA RUŽA 0.5L,90572199,FUZETEA,0.50 l,ko,1.25,2.5,,1.25,1.25,5449000270139,PIĆE
SLAD GELATISSIMO TIRAMISU 900ml,90599249,GELATISSIMO,0.90 l,ko,3.99,4.43,,3.99,3.99,3850334009562,HRANA
SPUŽVA KUHINJA FINO PROFIL PREM 1/1,90603245,FINO,1.00 ko,ko,0.99,0.99,,0.99,0.99,8606013476850,PROIZVODI ZA KUĆANSTVO
ARF DEOBAD LAVANDA SMILJE 650ML,90633196,ARF,0.65 l,ko,2.79,4.29,,2.09,2.09,3850105181046,SREDSTVA ZA ČIŠĆENJE
TEL BUT BK MARTINJAK DOMAĆI,90669300,MARTINJAK,1.00 kg,kg,16.99,16.99,,16.99,16.99,3859893702549,HRANA
ŠAMPON L'ANGEL MASNA KOSA 750ml,90669793,L ANGELICA,0.75 l,ko,5.29,7.05,,5.29,5.29,8017331089446,KOZMETIKA
PROTEIN ME 1ST SOY ISOL 454g VANILIJA,90674547,POLLEO,0.45 kg,ko,19.99,44.03,,19.99,19.99,3856026804019,HRANA
KUGLICE ČOKOL  HRSK BG 140g BALVITEN ,90675419,BALVITEN,0.14 kg,ko,,18.93,2.65,3.32,3.32,5907653104763,HRANA
TORTELLONI SIR 250g CA PRICCI,90702762,CA PRICCI,0.25 kg,ko,1.69,6.76,,1.69,1.69,8003427012177,HRANA
ROLADA SUNNY VANILIJA 200g,90702789,SUNNY,0.20 kg,ko,1.19,5.95,,1.19,1.19,3850334044044,HRANA
SLAD MILKA ŠTAPIĆ 3x90ml,90703701,MILKA,0.27 l,ko,6.99,25.86,,6.99,6.99,5900130038469,HRANA
ČOK NOUGAT MAGIC KANDI 80g,90705579,KANDIT,0.08 kg,ko,1.85,23.13,,1.85,1.85,3856024804929,HRANA
NAPITAK MONSTER ULTRA BLUE 0.5L,90468053,MONSTER,0.50 l,ko,1.95,3.9,,1.95,1.95,5060639129973,PIĆE
KEKS DVOSTR KAKAO 120g FREE ZONE,90477810,FREE ZONE,0.12 kg,ko,2.52,21,,2.52,2.52,3838900962466,HRANA
KAVA ESPR EXTRA 125 YEARS EDIT KUT 140g,90478164,FRANCK,0.14 kg,ko,10.99,78.5,,10.99,10.99,3858881089914,HRANA
KREMA VEET PURE BIK&UNDERARM 100ml,90478824,VEET,0.10 l,ko,,47.5,4.75,6.19,6.19,5997321774480,KOZMETIKA
ŠAMPON GLISS SPLIT MIRACL 400ml,90484081,GLISS,0.40 l,ko,,11.23,4.49,4.49,7.09,9000101287431,KOZMETIKA
DN UL NATURELLA NORM CAMOMILE 44/1,90484472,NATURELLA,44.01 ko,ko,2.59,0.06,,2.59,2.59,8006540100769,TOALETNE POTREPŠTINE
MLIJEKO UHT 2.8% M.M. 1L KRAVICA,90485391,KRAVICA KRALJICA,1.00 l,ko,,0.89,0.89,0.89,0.94,3856015324337,HRANA
ULJE SUNC HL PREŠ 0.5L KAPLJICE SUNCA,90486474,KAPLJICE SUNCA,0.50 l,ko,3.18,6.36,,3.18,3.18,3859893568053,HRANA
DN UL CAREFREE COTTON ALOE 76/1,90499424,CAREFREE,76.05 ko,ko,,0.04,2.99,3.79,3.79,3574660464368,TOALETNE POTREPŠTINE
ALU PLADANJ F&P 6 PORCIJA 2/1,90513622,FRESH&PACK,1.00 ko,ko,2.39,2.39,,2.39,2.39,3850334395887,PROIZVODI ZA KUĆANSTVO
JOGURT B'AKTIV NATUR 1KG PET DUKAT,90514013,B'AKTIV,1.00 kg,ko,,2.29,2.29,2.29,2.85,3850354015819,HRANA
ORAH BRAZILSKI GARDEN GOOD 180g,90514176,GARDEN GOOD,0.18 kg,ko,,13.26,2.39,3.19,3.19,3838900987834,HRANA
TELEĆA LOPATICA SK T BOER,90518557,T BOER & ZN,1.00 kg,kg,8.89,8.89,,7.99,8.89,,HRANA
OM COCCOLINO KONC INT FRESH SKY 870ml,90543162,COCCOLINO,0.67 l,ko,6.99,10.45,,6.99,6.99,8720181414909,SREDSTVA ZA ČIŠĆENJE
TP VLAŽNI NATUR NEVEN 60/1,90553381,NATUR,60.02 ko,ko,0.79,0.01,,0.79,0.79,3850334521156,TOALETNE POTREPŠTINE
BAGUETTE SA ZAČIN BILJ 160g MEGGLE,90553564,MEGGLE,0.16 kg,ko,1.59,9.94,,1.59,1.59,4034900032409,HRANA
LISNATO TIJESTO MINUTE 500g,90563155,MINUTE,0.50 kg,ko,1.19,2.38,,0.89,1.19,8605002353868,HRANA
TUBA FRUTOLINO KRUŠ/MAR 100g,90568390,LINO,0.10 kg,ko,1.39,13.9,,1.39,1.39,3856020248123,HRANA
NAMAZ PEANUT BUTTER CRUNCHY 1000g,90568631,PROSERIES,1.00 kg,ko,11.99,11.99,,11.99,11.99,3858892299630,HRANA
PAPIR PEČENJE FORM GREEN NATURE 16/1,90570151,ALUFIX,16.00 ko,ko,3.29,0.21,,1.89,3.29,4823071659719,PROIZVODI ZA KUĆANSTVO
VREĆE ZA SMEĆE POJAČANE FINO 120L 10/1,90570365,FINO,10.00 ko,ko,3.89,0.39,,2.99,2.99,5201314932024,PROIZVODI ZA KUĆANSTVO
SPECIAL DOG EX MP AD. MINI JANJ 100g,90572790,SPECIAL DOG EXCELLENCE,0.10 kg,ko,1.09,10.9,,0.76,1.09,8009470060554,PROIZVODI ZA KUĆANSTVO
KOLAČ LONDONERI  220g BREDA I PITA,90573025,BREDA I PITA,0.22 kg,ko,5.71,25.95,,5.71,5.71,3857500074171,HRANA
FRISKIES SP DIGESTION GOV/JANJ 3kg,90573120,FRISKIES,3.00 kg,ko,11.99,4,,7.49,11.99,7613287901200,PROIZVODI ZA KUĆANSTVO
MED BAGREM 900g MEDO FLOR,90573230,MEDO FLOR,0.90 kg,ko,8.99,9.99,,8.99,8.99,3859888378049,HRANA
SUSHI AKCIJA KONZUM,90578247,AS SUSHI,0.20 kg,ko,5.97,30,,5.97,5.97,0604580004818,HRANA
SIRUP MARASKA JABUKA BAZGA 1L,90587850,MARASKA,1.00 l,ko,2.99,2.99,,2.99,2.99,3850158105044,PIĆE
BOJA EXCELL 8 UNIV LIGHT BLOND,90598231,LOREAL EXCELLANCE,1.00 ko,ko,,7.49,7.49,9.49,9.99,3600523998210,KOZMETIKA
DEO OLD SPICE DYNAM DEFENCE 200ml,90598806,OLD SPICE,0.20 l,ko,5,25,,5,5,8006540315385,KOZMETIKA
KOLAČ MAĐARICA XXL 750 g,90746002,MLINAR,0.75 kg,ko,6.99,9.32,,6.99,6.99,3856028404132,HRANA
KUGLICE VOĆ ŠLJI DAT ACTIVE ZONE 144 g,90749755,ACTIVE ZONE,0.14 kg,ko,2.79,19.37,,2.39,2.79,8605028609567,HRANA
NAMAZ FINESSE MILK 400 g,90749843,FINESSE,0.40 kg,ko,2.65,6.63,,2.65,2.65,3838900834688,HRANA
MASKA LICE NIVEA SKIN MOISTURE,90775411,NIVEA,1.00 ko,ko,,2.44,2.44,3.49,3.49,9005800374147,KOZMETIKA
SLAD TWIX PRUTIĆ 6X43.1 ml,90795128,TWIX,0.21 kg,ko,5.49,26.74,,5.49,5.49,5000159484695,HRANA
SIR SVJEŽI ZRNATI 200 g MEGAMILK,90800686,MEGAMILK,0.20 kg,ko,0.99,4.95,,0.99,0.99,3830048301237,HRANA
TORTILLA PŠEN ŽITARICE 6/1 370g MISSION,90819842,MISSION,0.37 kg,ko,2.99,8.08,,2.99,2.99,8710637105390,HRANA
PAPAR ŠARENI FAMILY PACK 50g KOTANYI,90824806,KOTANYI,0.05 kg,ko,2.15,43,,1.89,2.15,9001414007358,HRANA
NEKTAR VINDI DISNEY BOROVNICA 1 L,90826103,VINDI,1.00 l,ko,2.09,2.09,,2.09,2.09,3850108078244,PIĆE
BOMBON WACKY STICKS JAG VAN 75g BEBETO,90829651,BEBETO,0.08 kg,ko,0.99,13.2,,0.93,0.93,8690146134343,HRANA
BUREK ŠPINAT SIR 400 g BUJRUM,90830093,BUJRUM,0.40 kg,ko,,10.45,4.18,4.99,4.99,3870218001123,HRANA
SALAMA NEGRA NARESCI 90 g PREM DOBRO,90851048,DOBRO,0.09 kg,ko,3.99,44.33,,3.99,3.99,3850133816286,HRANA
PAHULJICE LUMPI FRUTTI RINGS 250 g,90869879,LUMPI,0.25 kg,ko,1.06,4.24,,1.06,1.06,3850334433305,HRANA
PRALINE SPECIAL M PISTACIJA 200 g,90879808,SPECIAL MOMENTS,0.20 kg,ko,5.99,29.95,,4.19,5.99,3850334437235,HRANA
GAZ PIĆE NARANČA JAMNICA 0.33 L LIM,90884954,JAMNICA,0.33 l,ko,1.29,3.91,,1.29,1.29,3856028506096,PIĆE
LOSION OLIVAL HAMAMELIS 150 ml,90885206,OLIVAL,0.15 l,ko,,49.93,7.49,7.49,7.49,3858892696019,KOZMETIKA
GEL TUŠ L'ANG GLOW 500 ml,90885502,L ANGELICA,0.50 l,ko,3.25,6.5,,3.25,3.25,8017331102800,KOZMETIKA
SET MELEM KIKI MAGENTA,90885724,MELEM,1.00 ko,ko,,8.39,8.39,7.91,9.89,3856007912801,KOZMETIKA
SLAD KING DESIRE 3X100 ml,90885892,LEDO,0.30 l,ko,6.99,23.3,,6.99,6.99,3850116066240,HRANA
SLADOLED CDO JAGODA 1000 ml,90886338,UNILEVER,1.00 l,ko,7.39,7.39,,5.99,7.39,5996037050536,HRANA
SLAD SANDWICH MONTE 120 ml,90886439,MONTE,0.12 l,ko,2.59,21.58,,2.59,2.59,5906040064215,HRANA
KOKICE CARAMEL SOUR&SWEET 170 g BOOM,90887165,BOOMZA,0.17 kg,ko,2.49,14.65,,2.49,2.49,4820196732433,HRANA
ULJE OLIVAL SUPER COCO SUHO 100 ml,90887206,OLIVAL,0.10 l,ko,,63.8,6.38,7.99,7.99,3858892696224,KOZMETIKA
ČOKOLADA MILKA CIJELI LJEŠ 190 g,90889925,MILKA,0.19 kg,ko,4.49,23.63,,4.49,4.49,7622202305399,HRANA
OSVJ SHAKE ORMAR ONDA 3/1,90890113,SHAKE,1.00 ko,ko,1.99,1.99,,1.89,1.89,3859890779292,SREDSTVA ZA ČIŠĆENJE
LUK ŽUTI 1 kg,01400200,KORA,1.00 kg,ko,1.19,1.19,,0.99,0.99,3850334049667,HRANA
UMAK PESTO 190g BARILLA,01490108,BARILLA,0.19 kg,ko,4.79,25.21,,2.99,4.79,8076809513746,HRANA
TABASCO SA ČEŠNJAKOM 60ML MC ILH,01491961,TABASCO,0.06 l,ko,4.64,77.33,,4.64,4.64,0011210007253,HRANA
KRASTAVAC 370g PODRAVKA,01520246,PODRAVKA,0.37 kg,ko,2.99,8.08,,2.99,2.99,3850104050244,HRANA
GRAH BIJELI 230g LIM PODRAVKA,01529013,PODRAVKA,0.23 kg,ko,1.39,6.04,,1.39,1.39,3850104020797,HRANA
SENF BLAGI TUBA 100g THOMY,01530001,THOMY,0.10 kg,ko,1.79,17.9,,1.79,1.79,7613287084644,HRANA
BUDDY MP DIVLJAČ 405g,01645044,BUDDY,0.41 kg,ko,0.99,2.45,,0.75,0.99,3850334018199,PROIZVODI ZA KUĆANSTVO
ŠUNKA FINA VAC PIK VRBOVEC,02034493,PIK VRBOVEC,1.00 kg,kg,15.99,15.99,,15.99,15.99,3850139250626,HRANA
HRENOVKE PIL SIR BEZ OV 100g CEKIN,02048160,CEKIN,0.10 kg,ko,0.85,8.5,,0.85,0.85,3850159120800,HRANA
SIR MEKI CAMEMBERT 250g VINDIJA,02100678,Z BREGOV,0.25 kg,ko,4.99,19.96,,4.99,4.99,3850108051902,HRANA
ŠUNKA KUHANA 5.448kg PIK,02160059,PIK VRBOVEC,1.00 kg,kg,,10.99,10.99,10.99,13.39,3850139350043,HRANA
HAŠE OD SVINJETINE 200g PODRAVKA,02166671,PODRAVKA,0.20 kg,ko,2.39,11.95,,2.39,2.39,3850104057380,HRANA
PAGAR 600/800 SVJ UV MEDUZA,02197630,,1.00 kg,kg,19.49,19.49,,9.35,15.59,,HRANA
ŠKAMP 21/30 SVJ UV MEDUZA,02197642,,1.00 kg,kg,18.99,18.99,,15.7,26.19,,HRANA
PLODOVI MORA ZA RIŽOTO 300g KUT LEDO,02199378,LEDO,0.30 kg,ko,4.99,16.63,,3.74,4.99,3850116745985,HRANA
MLIJEKO KISELO ZB 3.2% 200g VINDIJA,02330150,Z BREGOV,0.20 kg,ko,0.75,3.75,,0.75,0.75,3850108031645,HRANA
SLAD TWICE VANILIJA JAGODA 1L LEDO,02350876,TWICE,1.00 l,ko,,2.39,2.39,2.99,2.99,3850116713045,HRANA
SV TRBUŠNA MARAMICA  ,02400838,,1.00 kg,kg,3.45,3.45,,3.45,3.45,3850139280227,HRANA
ĆEVAPČIĆI S TELETINOM,02401274,KONZUM,1.00 kg,kg,10.69,10.69,,7.48,10.69,,HRANA
PLJESKAVICA,02403735,KONZUM,1.00 ko,ko,7.33,7.33,,5.13,7.33,,HRANA
PILEĆI FILE PERUTNINA RFZ 5,02430597,PERUTNINA PT,1.00 kg,kg,5.29,5.29,,5.29,5.29,3850220114608,HRANA
FILE PILEĆEG ZABATKA 500g PERUTNINA,02435579,PERUTNINA PT,0.50 kg,ko,4.49,8.98,,3.59,3.59,3850220115797,HRANA
RAKIJA TRAVARICA 1L 38% VINOPLOD,03060017,VINOPLOD,1.00 l,ko,14.05,14.05,,14.05,14.05,3859888129849,PIĆE
LIKER PELINKOVAC 1L MARASKA,03075806,MARASKA,1.00 l,ko,15.49,15.49,,15.05,15.49,3850158406752,PIĆE
OCAT JABUČNI 1L MAUTNER,03120019,MAUTNER MARK,1.00 l,ko,2.79,2.79,,2.79,2.79,9011900104683,HRANA
KAŠICA HIPP TELET RIŽ MRKV 190g,03140010,HIPP,0.19 kg,ko,1.99,10.47,,1.99,1.99,9062300101093,HRANA
NEG PIĆE ORANGE CAPRI SONNE 0.2L,03140108,CAPRI SONNE,0.20 l,ko,0.53,2.65,,0.53,0.53,4000177407400,PIĆE
KAŠICA FRUTEK VOĆE ŽITARICE 190g,03140459,FRUTEK,0.19 kg,ko,,6.79,1.29,1.75,1.75,3838945503143,HRANA
VODA MINERALNA JANA 0.5L,03180031,JANA,0.50 l,ko,0.85,1.7,,0.85,0.85,3858884600062,PIĆE
MED LIPA HR 900g PIP,04130180,PIP,0.90 kg,ko,11.99,13.32,,11.99,11.99,3859888500075,HRANA
VAFL NAPOLITANKA ČOK PRELJ 500g KRAŠ,04150558,KRAŠ,0.50 kg,ko,6.29,12.58,,4.99,6.29,3850102320073,HRANA
BISKVIT MILKA ČOK KREMA 128g,04151216,MILKA,0.13 kg,ko,1.79,13.98,,1.09,1.79,7622300479084,HRANA
KREKER DJ HIPP RIŽA JAB 30G,04170929,HIPP,1.00 ko,ko,1.59,1.59,,1.35,1.59,4062300376199,HRANA
ČOKOLADA RITTER MARZIPAN 100g,04210171,RITTER SPORT,0.10 kg,ko,1.79,17.9,,1.79,1.79,4000417025005,HRANA
KAKAO KRAŠ EXPRES SP 330g KRAŠ,04211206,KRAŠ EXPRESS,0.33 kg,ko,3.99,12.09,,3.99,3.99,3850102111152,HRANA
ČOKOL SEKA MLIJEČNA 75g,04211873,MIKADO,0.08 kg,ko,1.25,16.67,,1.25,1.25,3858881064843,HRANA
ČOKOL MILKA BIJELA 100g,04420013,MILKA,0.10 kg,ko,2.49,24.9,,1.39,2.49,4025700001962,HRANA
LAK NIVEA 250ML JAKO UČ 8018,06540146,NIVEA,0.25 l,ko,6.19,24.76,,6.19,6.19,9005800223384,KOZMETIKA
ULJE OLIVAL ZA KOSU ORAH 60ML,06540719,OLIVAL,0.06 l,ko,4.99,83.17,,4.99,4.99,3859888345126,KOZMETIKA
LOSION OLDSP WHITW 100ml,06560033,OLD SPICE,0.10 l,ko,8.49,84.9,,8.49,8.49,5000174440256,KOZMETIKA
GAZ PIĆE FANTA GRAPE 2 L,90886695,FANTA,2.00 l,ko,2.29,1.15,,2.29,2.29,5449000338815,PIĆE
PODRAVKA ŠUNKA U OVITKU 100 g (NARE),90886903,PODRAVKA,0.10 kg,ko,1.99,19.9,,1.99,1.99,3856020241452,HRANA
NAPITAK RED BULL SEA BLUE 0.25 L,90886991,RED BULL,0.25 l,ko,1.69,6.76,,1.19,1.19,90456886,PIĆE
FLIPS CLIPSY HOT DOG 30 g,90887010,PEPSICO,0.03 kg,ko,,26.33,0.79,0.99,0.99,8606033741808,HRANA
MAR AFR SUNNY MANGO 200 ml,90887197,AFRODITA,0.20 l,ko,,67.45,13.49,17.99,17.99,3831070663447,KOZMETIKA
MLIJEKO AMBR SOL 175 ml SPF50,90887214,GARNIER AMBRE SOLAIR,0.08 l,ko,,174.8,13.11,17.49,17.49,3600542624961,KOZMETIKA
PUSLICE 130 g GECCHELE,90889756,GECCHELE,0.13 kg,ko,2.79,21.46,,1.99,2.79,8015854020106,HRANA
JUHA SPEC PIL S TIJ 5x75G  INDOMIE,01491316,INDOMIE,0.38 kg,ko,,4.24,1.59,1.59,2.25,0089686170054,HRANA
CIKLA 360G,01590427,SLOVA,0.36 kg,ko,1.45,4.03,,1.45,1.45,3850334076175,HRANA
PEDIGREE PAL MARKIES 150G,01641510,PEDIGREE,0.15 kg,ko,1.79,11.93,,1.79,1.79,9003579302552,PROIZVODI ZA KUĆANSTVO
SIR TVRDI KRAVLJI ŠPIN,02053791,ŠPIN,1.00 kg,kg,21.99,21.99,,17.99,17.99,3858881190757,HRANA
BAKALAR SUHI 200-600 FINMARKEN NOTO,02196680,NOTO,1.00 kg,kg,45.99,45.99,,38.99,45.99,,HRANA
PATARAČA II SVJ CENTAURUS,02197743,,1.00 kg,kg,5.49,5.49,,3.29,5.49,,HRANA
BRANCIN I SVJ PAK KONZUM,02199515,,1.00 kg,kg,9.39,9.39,,5.63,9.39,,HRANA
MAJONEZA TUBA 165g ZVIJEZDA,02200099,ZVIJEZDA,0.17 kg,ko,,10.85,1.79,2.29,2.29,3858882210263,HRANA
VRHNJE KISELO 12% 400g BRZO&FIN DUKA,02334157,BRZO&FINO,0.40 kg,ko,1.89,4.73,,1.89,1.89,3850354000471,HRANA
PUDING LJEŠNJAK-ČOK 125g VINDIJA,02334180,VINDIJA,0.13 kg,ko,0.65,5.2,,0.65,0.65,38503924,HRANA
SV VRAT SK U KOŽI  ,02402307,PIK VRBOVEC,1.00 kg,kg,4.55,4.55,,4.55,4.55,3850139523041,HRANA
MARINATO GRILL MINI CCA 850g,02422077,CEKIN,1.00 kg,kg,,7.39,7.39,7.39,7.39,3850159150524,HRANA
JANJEĆI TRUP S GLAVOM UVOZ,02470111,PIK VRBOVEC,1.00 kg,kg,,10.99,10.99,7.69,7.69,3850139510171,HRANA
JAJA SVJEŽA K PLUS M 6/1,02510669,K PLUS,6.00 ko,ko,2.19,0.36,,1.99,1.99,3850334186942,HRANA
VINO CABERNET SAUV MONT RESERVA 0.75,03021707,MONTES,0.75 l,ko,9.25,12.33,,9.25,9.25,7804303271142,PIĆE
PIVO CARLSBERG 0.5L LIM,03041315,CARLSBERG,0.50 l,ko,1.59,3.18,,1.59,1.59,8606103965318,PIĆE
JAKO ALKOHOLNO PIĆE TRAVARICA 0.50L,03060010,DEGENIJA,0.50 l,ko,13.05,26.1,,13.05,13.05,3859889693011,PIĆE
VODKA SMIRNOFF RED LABEL 0.70L,03081710,SMIRNOFF,0.70 l,ko,,19.27,13.49,13.49,17.65,5410316671118,PIĆE
SOK 100% NARANČA CAPPY 0.33L,03141291,CAPPY,0.33 l,ko,1.65,5,,1.65,1.65,90492341,PIĆE
MRVICE KRUŠNE 500g KLARA,04010249,KLARA,0.50 kg,ko,2.15,4.3,,2.15,2.15,3858881322011,HRANA
PECIVO HOT DOG 2/1 280g DON DON,04016315,DON DON,0.28 kg,ko,1.59,5.68,,1.59,1.59,3858885560303,HRANA
TIJESTO SPIRALI TRICOL 57 500g ZA,04050189,PASTA ZARA,0.50 kg,ko,1.86,3.72,,1.86,1.86,8004350030573,HRANA
TIJESTO FETTUCCINE LC 500g BARILLA,04051128,BARILLA,0.50 kg,ko,3.49,6.98,,3.49,3.49,8076809523776,HRANA
MIX JACOBS MILKA 3U1 18G,04070788,JACOBS,0.01 kg,ko,0.45,37.5,,0.45,0.45,8711000532744,HRANA
ČEŠNJAK GRANULE 28g VREĆ KOTANY,04100132,KOTANYI,0.03 kg,ko,1.29,46.07,,1.19,1.29,9001414015261,HRANA
RIŽA SUSHI 500g BLUE DRAGON,04163664,BLUE DRAGON,0.50 kg,ko,5.19,10.38,,5.19,5.19,5010338303273,HRANA
PRAŠAK ZA PECIVO 12g PODRAVKA,04180536,DOLCELA,0.01 kg,ko,0.2,16.67,,0.1,0.1,3850104216770,HRANA
PRELJEV ZA TORTE JAGODA 12g DR OETKE,04180669,DR OETKER,0.01 kg,ko,0.89,74.17,,0.89,0.89,5997381348782,HRANA
DESERT DUPLO KINDER 26g,04221322,FERRERO,0.03 kg,ko,0.85,32.69,,0.85,0.85,80052357,HRANA
GAĆICE MREŽ TO TO MAMA 5/1 L,06302159,TOTO,1.00 ko,ko,3.99,3.99,,3.19,3.99,3838985857015,TOALETNE POTREPŠTINE
HIG UL LIBRESSE INV NORM CL DUO 20/1,06500091,LIBRESSE,20.00 ko,ko,2.89,0.14,,1.99,2.89,7322541194998,TOALETNE POTREPŠTINE
VATA HIG LOLA 50g 1701       0015,06501244,LOLA,0.05 kg,ko,1.29,25.8,,1.29,1.29,3858881100015,TOALETNE POTREPŠTINE
ŠAMPON ELSEVE ARGIN RESIST 250ml,06521260,LOREAL ELSEVE,0.25 l,ko,,13.4,3.35,3.59,4.49,3600522087496,KOZMETIKA
KREMA DOVE SILK 300ml,06529028,DOVE,0.30 l,ko,8.49,28.3,,8.49,8.49,40883007,KOZMETIKA
PATRONE Ž GILL VENUS BREEZE,06560935,VENUS,1.00 ko,ko,19.19,19.19,,19.19,19.19,7702018886364,KOZMETIKA
BRITVICA WILKINSON  BLISTER 5/1,06561966,WILKINSON,5.00 ko,ko,1.59,0.32,,1.59,1.59,4027800011209,KOZMETIKA
PIVO ERDINGER TAMNO PŠENIČ 0.5L,03130656,ERDINGER,0.50 l,ko,2.15,4.3,,1.65,2.15,4002103248422,PIĆE
ULJE BILJNO 1L PET ZVIJEZDA,03220065,ZVIJEZDA,1.00 l,ko,1.69,1.69,,1.69,1.69,3858882210065,HRANA
BRAŠNO GLATKO T-550 5kg MLINETA,04030001,MLINETA,5.00 kg,ko,3.58,0.72,,2.85,3.58,3859888419070,HRANA
TIJESTO FUSILLI 98 1kg BARILLA,04050381,BARILLA,1.00 kg,ko,3.69,3.69,,3.69,3.69,8076800105988,HRANA
TIJESTO REZANCI ŠIR JAJ 400g MARODI,04057533,MARODI,0.40 kg,ko,2.59,6.48,,1.79,2.59,3859888666023,HRANA
KAVA MINAS BEZ KOFEI MLJEV 250g ANAM,04070138,ANAMARIA,0.25 kg,ko,5.99,23.96,,5.99,5.99,3858881770249,HRANA
ČAJ ŠIPAK FILT 20/1 60g FRANCK,04091824,FRANCK,0.06 kg,ko,2.09,34.83,,2.09,2.09,3858881081383,HRANA
PAPAR CAYENNE 38g BOČ KOTANY,04100438,KOTANYI,0.04 kg,ko,2.39,62.89,,2.39,2.39,9001414040089,HRANA
PAPAR CRNI U ZRNU 17g VR KOTANY,04100695,KOTANYI,0.02 kg,ko,1.49,87.65,,1.49,1.49,9001414015452,HRANA
FLIPS SA KECAPOM CLIPSY DINI 30g,04140906,PEPSICO,0.03 kg,ko,,26.33,0.79,0.99,0.99,8606103039255,HRANA
BISKVIT BARNI MILK 150g,04151407,BARNI,0.15 kg,ko,3.49,23.27,,2.49,3.49,7622300511814,HRANA
ŠLAG KREMA VANILI 45G 2+1GRAT DOLCE,04185991,DOLCELA,0.09 kg,ko,2.98,33.11,,2.18,2.18,3850104219337,HRANA
BOMBON HARIBO MEKANI MEDO 100g,04340685,HARIBO,0.10 kg,ko,1.59,15.9,,1.19,1.59,9002975401111,HRANA
TAMPONI OLEA NORMAL 16/1,06500245,OLEA,16.00 ko,ko,1.05,0.07,,1.05,1.05,3850334600691,TOALETNE POTREPŠTINE
GEL TUŠ NIVEA BC LEM&OIL 250ml,06521370,NIVEA,0.25 l,ko,2.99,11.96,,1.89,2.99,9005800222967,KOZMETIKA
LAK NIVEA VOLUMEN 250ML 8049,06540093,NIVEA,0.25 l,ko,6.19,24.76,,6.19,6.19,9005800223957,KOZMETIKA
BOJA PALETTE DELUXE 555,06540560,PALETTE DELU,1.00 ko,ko,,4.79,4.79,4.79,4.79,3838824176796,KOZMETIKA
BOJA PALETTE PNC 600 50+2X25ml,06543338,PALETTE PNC,0.10 l,ko,4.49,44.9,,4.49,4.49,3838824171401,KOZMETIKA
KIST ZA BOJANJE TC      5002,06544242,TOP CHOICE,1.00 ko,ko,2.39,2.39,,2.39,2.39,5905710065002,KOZMETIKA
ROLL ON NIVEA AQUA COL M 50ml,06550011,NIVEA,0.05 l,ko,,78.2,3.91,4.19,5.59,42241980,KOZMETIKA
DEO NIVEA DOUBLE EFECT 150ml,06552528,NIVEA,0.15 l,ko,,26.6,3.99,3.99,3.99,4005808735495,KOZMETIKA
BRIJAČ JEDNOK GILL BLUE3 6+2,06562140,GILLETTE,8.00 ko,ko,,1,7.99,7.99,10.98,7702018489978,KOZMETIKA
ČETKICA OB DJ STAGES 3 5-7GOD,06610138,ORAL B,1.00 ko,ko,2,2,,2,2,5010622010795,KOZMETIKA
HP AQUA PROTECT 20 FLASTERA 1241,06621156,HANSAPLAST,20.00 ko,ko,3.59,0.18,,3.59,3.59,9005800225333,TOALETNE POTREPŠTINE
AJAX FF WILD FLOW 1L    4988,08035448,AJAX,1.00 l,ko,3.69,3.69,,3.69,3.69,8718951278394,SREDSTVA ZA ČIŠĆENJE
DESERT KINDER PINGUI 4pack 120g,90032543,FERRERO,0.12 kg,ko,,16.58,1.99,1.99,2.39,8000500119716,HRANA
BOMBON MAMBA 4/1 106g,90042902,MAMBA,0.11 kg,ko,1.59,15,,1.59,1.59,4014400926279,HRANA
FRISKIES SM PIL POV 1.5kg,90044309,FRISKIES,1.50 kg,ko,6.69,4.46,,6.69,6.69,7613033923586,PROIZVODI ZA KUĆANSTVO
MLIJEKO ZAMJ HIPP 3 BIO 600g,90054347,HIPP,0.60 kg,ko,11.99,19.98,,11.99,11.99,4062300355439,HRANA
SIR TVRDI U TERANU ŠPIN,90091900,ŠPIN,1.00 kg,kg,29.99,29.99,,29.99,29.99,3858881194229,HRANA
LAN KRESTO 150g,90097858,KRESTO,0.15 kg,ko,0.99,6.6,,0.99,0.99,3858882291552,HRANA
SIR TOP LIST SANDWCH ZDENKA 150g,90112696,ZDENKA,0.15 kg,ko,1.69,11.27,,1.69,1.69,3858888591908,HRANA
MUESLI  CRUNCHY NUTS 350G AWT,90170696,NATUREL,0.35 kg,ko,,7.4,2.59,2.59,3.59,3859889139427,HRANA
REGENERATOR FRUCTIS GROWSTRONG 200ML,90182142,GARNIER FRUCTIS,0.20 l,ko,,12.2,2.44,3.29,3.49,3600541698574,KOZMETIKA
KULEN BELJE NAR 100G MA,90185844,BELJE,0.10 kg,ko,3.49,34.9,,3.49,3.49,3850139240238,HRANA
MASLINE KALAMATA ODKOŠT U SALAMURI 300g,90187329,GAEA,0.18 kg,ko,4.99,28.51,,4.99,4.99,5201671000527,HRANA
KRUH DOMAĆI SA SJEMENKAMA 400G DON DON,90228048,DON DON,0.40 kg,ko,2.35,5.88,,1.85,1.85,3830043040346,HRANA
DET JAR TEATREE&MINT 450ML,90232330,JAR HDW,0.45 l,ko,2.39,5.31,,1.65,2.39,4015400991311,SREDSTVA ZA ČIŠĆENJE
DN ULOŠCI ALWAYS NORM FR 60/1,90261054,ALWAYS P&G,60.24 ko,ko,3.32,0.06,,2.65,2.65,4015400563747,TOALETNE POTREPŠTINE
HIMALAJSKA SOL BOČ 120G KOTANYI,90268081,KOTANYI,0.12 kg,ko,2.15,17.92,,2.15,2.15,9001414040034,HRANA
HRANA ZA TROPSKE RIBE VITA 100 ML,90280068,VITAKRAFT,0.10 kg,ko,2.59,25.9,,1.99,2.59,4008239598127,PROIZVODI ZA KUĆANSTVO
ZAČIN CIMET MLJEV VR 25g VEGETA MAESTRO,90282221,VEGETA MAESTRO,0.03 kg,ko,0.99,39.6,,0.99,0.99,3850104294433,HRANA
TIJESTO SPAGHETTI 1kg GRANO DORO,90296098,GRANO DORO,1.00 kg,ko,1.69,1.69,,1.45,1.69,3850334349767,HRANA
KEČAP BLAGI 15g ZVIJEZDA,90296240,ZVIJEZDA,0.02 kg,ko,0.26,17.33,,0.26,0.26,3856015316752,HRANA
MLIJEKO ZAMJ APTAMIL PRE PRONUTRA 800g,90303527,APTAMIL,0.80 kg,ko,21.99,27.49,,21.99,21.99,4056631001202,HRANA
NAMAZ LINO LADA GOLD 350g PODRAVKA,90319741,LINO LADA,0.35 kg,ko,3.99,11.4,,3.29,3.99,3856020213572,HRANA
VOĆNE KUGL SMOKVA LJEŠ I KAK 144g,90320105,FIT&FIT,0.14 kg,ko,3.79,26.32,,3.79,3.79,828093003841,HRANA
UMAK ZA MESO BURGER STYLE 235ml CARL KUHNE,90324614,KUHNE,0.24 l,ko,3.99,16.98,,3.99,3.99,40198668,HRANA
DEO NIVEA B&W SSILKY SMOOTH 150ml,90335133,NIVEA,0.15 l,ko,,26.6,3.99,3.99,3.99,9005800302072,KOZMETIKA
KOCKA ZA JUHU KOKOŠJA 110g,90344713,FATTORIA ITALIA,0.11 kg,ko,0.8,7.27,,0.8,0.8,8012429000105,HRANA
VREĆICE PEČENJE 5/1 F&P,90890386,FRESH&PACK,1.00 ko,ko,1.19,1.19,,1.19,1.19,3850334431684,PROIZVODI ZA KUĆANSTVO
GROŽĐE CRVENO,01410725,,1.00 kg,kg,3.99,3.99,,2.89,3.99,3850334173584,HRANA
JABUKA CRIPPS PINK,01413011,,1.00 kg,kg,1.89,1.89,,1.89,1.89,3850334386038,HRANA
SRED SANYTOL ČIŠĆ POD I OST POVR 1L,90672998,SANYTOL,1.00 l,ko,3.45,3.45,,3.45,3.45,3045206312202,SREDSTVA ZA ČIŠĆENJE
NAMAZ POVRTNI CRVENA PAPRIKA 95g ARG,90675220,ARGETA,0.10 kg,ko,1.89,19.89,,1.39,1.89,8606018021857,HRANA
KREKER LAN SEZAM 130g DANVITA,90675285,DANVITA,1.00 ko,ko,2.29,2.29,,1.79,2.29,4771218191083,HRANA
MASLAC OD KIKIRIKIJA 350g ANNAPURNA,90697843,ANNAPURNA,0.35 kg,ko,4.64,13.26,,4.64,4.64,3859890343950,HRANA
MJEŠ ZAČ ZA ĆEVAP Q&E 25g KOTANYI,90698129,KOTANYI,0.03 kg,ko,0.98,39.2,,0.98,0.98,9001414237182,HRANA
DEO DOVE W INVISIBLE DRY 200ml,90702964,DOVE,0.20 l,ko,6.49,32.45,,6.49,6.49,8720181291951,KOZMETIKA
VINO SAUVIGNON BLANC DIKA 0.75L,90703343,DIKA,0.75 l,ko,6.75,9,,6.75,6.75,3859893924200,PIĆE
SLAD MILKA BALL TOP KORNET 4x100ml,90703703,MILKA,0.40 l,ko,6.99,17.48,,6.99,6.99,8606018616015,HRANA
RIŽA DUGO ZRNO 800g SB RISO GALLO,90704478,RISO GALLO,0.80 kg,ko,2.5,3.13,,2.5,2.5,8001420011821,HRANA
SLAD MOCHI MALINA LITLLE MOONS 6x32g,90704571,LITTLE MOONS,0.19 kg,ko,6.99,36.41,,4.99,6.99,5027324001235,HRANA
NAPITAK BADEM 1L VIVICOSI,90705107,VIVICOSI,1.00 l,ko,2.29,2.29,,2.29,2.29,8032625480464,HRANA
DUO MIX BRUSN I ORAH IND FP EC 300g,90705631,EUROCOMPANY,0.30 kg,ko,4.99,16.63,,3.74,4.99,3872084014474,HRANA
VL MARAM PAMPERS HARMONIE AQUA 48/1,90706590,PAMPERS,48.01 ko,ko,3.39,0.07,,3.39,3.39,8006540458563,TOALETNE POTREPŠTINE
KUKURUZ ŠEĆERAC GARDEN GOOD 170/140g,90707329,GARDEN GOOD,0.14 kg,ko,0.99,7.07,,0.99,0.99,8605028600045,HRANA
WHISKAS MM TM KREM KREAC 4x85G,90707526,WHISKAS,0.34 kg,ko,2.75,8.09,,2.19,2.75,4770608262655,PROIZVODI ZA KUĆANSTVO
SIR U LISTIĆIMA POLUTV 160g FIT&TASTY,90707837,FIT&TASTY,0.16 kg,ko,3.49,21.81,,3.49,3.49,3858892322055,HRANA
DŽEM EXTRA SMOKVA/PIMET 690g DIDA BOŽA,90714247,DIDA BOŽA,0.69 kg,ko,4.99,7.23,,3.49,4.99,3859894111135,HRANA
KOMPOT ANANAS KOL GARDEN G 340g,90720075,GARDEN GOOD,0.34 kg,ko,1.99,5.85,,1.99,1.99,3850334062963,HRANA
KAVA INTESO ESP NS 10/1 57g LAVAZZA,90725316,LAVAZZA,0.06 kg,ko,5.59,98.07,,5.59,5.59,8000070054271,HRANA
KAKAO BENQUICK S MANJE ŠEĆ BOX 400g,90726537,BENQUICK,0.40 kg,ko,4.69,11.73,,4.69,4.69,3830039153241,HRANA
ŠAMPON PANTENE INFINITE LONG 400ml,90729773,PANTENE,0.40 l,ko,5.99,14.98,,4.49,4.49,8700216058155,KOZMETIKA
DESERT GO ON PROTEIN COOKIE CARAMEL 50g,90730794,GO ON,0.05 kg,ko,1.49,29.8,,1.49,1.49,5900617041661,HRANA
NAPITAK BCAA 8000 NAR-LIM-LIME 0.75L,90731257,POLLEO,0.75 l,ko,2.05,2.73,,2.05,2.05,3856026806778,PIĆE
MIX SLANI ORAŠ PLOD I SJEM 70g MOGY,90731789,MOGYI,0.07 kg,ko,1.49,21.29,,1.12,1.49,5997347540281,HRANA
POSEBNA 300g CEKIN,90732781,CEKIN,0.30 kg,ko,1.59,5.3,,1.59,1.59,3850159125164,HRANA
KREKER RIŽA KURKUMA PAPAR 50g SCOTTI,90733404,RISO SCOTTI,0.05 kg,ko,1.29,25.8,,1.29,1.29,8001860185052,HRANA
GAVELINO NADJEVENI,90733616,CEKIN,1.00 kg,kg,,4.69,4.69,4.69,5.49,3850159113192,HRANA
MLIJEKO TIJ OLEA HYDRATING 500ml,90735094,OLEA,0.50 l,ko,1.99,3.98,,1.99,1.99,3850334100108,KOZMETIKA
GRAH S DIM SLANINOM MINUTE 400g,90735130,MINUTE,0.40 kg,ko,2.69,6.73,,2.69,2.69,3850334070289,HRANA
KOLAČ STRACCIATELLA 400g,90739703,JOMO,0.40 kg,ko,2.79,6.98,,2.19,2.79,9002287005311,HRANA
DET PERSIL FBS 3.96kg=72PR,90745020,PERSIL,3.96 kg,ko,18.99,4.8,,18.99,18.99,9000101805932,SREDSTVA ZA ČIŠĆENJE
PECIVO OBITELJSKO XXL 480 g,90745930,TVOJIH 5 MIN,0.48 kg,ko,1.89,3.94,,1.89,1.89,3858885565629,HRANA
KAVA NOTA CORTADO DG 16/1 104 g FRANCK,90750346,FRANCK NOTA,0.10 kg,ko,5.99,57.6,,5.99,5.99,3850291054926,HRANA
KORA ZA ROLADU TAM 380g CASA GRANDE,90750507,CASA GRANDE,0.38 kg,ko,5.99,15.76,,4.99,5.99,8057592822819,HRANA
TJEST TAGLIAT TIKVA 400g PEREC,90750967,OPG PEREC,0.40 kg,ko,,6.23,2.49,2.99,2.99,3859894123053,HRANA
MEDALJONI A LA PILETINA O'PLANT 300 g,90764687,O PLANT,0.30 kg,ko,5.99,19.95,,5.99,5.99,3856020263843,HRANA
SLAD LEDO BANANKO 3x85 ml,90764718,LEDO,0.26 l,ko,3.99,15.65,,3.99,3.99,3850116064147,HRANA
VL MARAMICE NIVEA SOFT&CREAM 57/1,90764773,NIVEA,57.01 ko,ko,,0.05,3.03,3.79,3.79,9005800374406,TOALETNE POTREPŠTINE
ČOKOLADA DORINA KREM LJEŠNJAK 98 g,90765188,DORINA,0.10 kg,ko,1.99,20.97,,1.45,1.45,3850102005734,HRANA
TP PALOMA DINO 3SL 8/1,90769647,PALOMA,8.00 ko,ko,,0.31,2.49,3.99,3.99,3838952035118,TOALETNE POTREPŠTINE
TJEST PENNE MINI 400g ZLATO POLJE,90769971,ZLATO POLJE,0.40 kg,ko,1.99,4.98,,0.99,0.99,3838700330069,HRANA
ZAČIN GRILL MED TERIYAKI 75g VEGETA,90770268,VEGETA,0.08 kg,ko,1.29,17.2,,0.99,1.29,3856020269913,HRANA
SALAMA UNGHERESE 80g NAR,90770662,CASA MODENA,0.08 kg,ko,1.99,24.88,,1.99,1.99,8004225044230,HRANA
KOLAČ S VIŠNJAMA 435g DR OETKER,90770742,DR OETKER,0.44 kg,ko,3.85,8.85,,3.85,3.85,4000521854102,HRANA
KREMA AFRODITA MEN ANTI AGE 50 ml,90771299,AFRODITA,0.05 l,ko,9.99,199.8,,9.99,9.99,3831070660392,KOZMETIKA
VODA MINERALNA JANA 5L,90774664,JANA,5.00 l,ko,2.99,0.6,,2.99,2.99,3856028502937,PIĆE
KREMA TIJ MIXA PANTHENOL 400 ml,90774958,MIXA,0.40 l,ko,9.49,23.73,,8.99,9.49,3600551135960,KOZMETIKA
SHEBA MM JUNIOR PIL U UMAKU 85 g VR,90775495,SHEBA,0.09 kg,ko,0.99,11.65,,0.79,0.79,4770608264567,PROIZVODI ZA KUĆANSTVO
ROLL ON LACTOVIT Ž LACTOUREA 50 ml,90775577,LACTOVIT,0.05 l,ko,3.95,79,,2.99,3.95,8411135353626,KOZMETIKA
UMAK HRUSTY SALSA HOT DIP 300g,90784732,HRUSTY,0.30 kg,ko,1.49,4.97,,1.49,1.49,3850334113801,HRANA
NEG PIĆE TOCO JABUKA RABARBARA 0.5 L,90784813,TOCO,0.50 l,ko,1.05,2.1,,1.05,1.05,3856028501039,PIĆE
NEKTAR VINDI JAGODA 1 L,90784841,VINDI,1.00 l,ko,2.79,2.79,,1.59,2.79,3850108078695,PIĆE
SIR POLUTVR PUNOM SALAKIS 300g PRESIDENT,90749925,PRESIDENT,0.30 kg,ko,5.19,17.3,,5.19,5.19,3850355007837,HRANA
MIX RITUAL 3U1 18 g,90750206,RITUAL,0.02 kg,ko,0.19,10.56,,0.19,0.19,3850334100191,HRANA
KAVA CREMA MLJEV 2U1 9 g FRANCK,90750356,FRANCK CREMA,0.01 kg,ko,0.39,43.33,,0.39,0.39,3850291054117,HRANA
KOLAČ ŠNITA OD BANANA 250g,90754961,JOMO,0.25 kg,ko,2.49,9.96,,2.49,2.49,9002287000903,HRANA
VL MARAMICE NIVEA SOFT&CREAM 4X57,90759677,NIVEA,228.31 ko,ko,,0.04,8.38,10.49,10.49,9005800374420,TOALETNE POTREPŠTINE
VRHNJE KISELO BAKINO 300g DUKAT,90759872,BRZO&FINO,0.30 kg,ko,1.89,6.3,,1.89,1.89,3850354018087,HRANA
SLAD QUATTRO PLAZMA 1500 ml,90764762,QUATTRO,1.50 l,ko,7.49,4.99,,4.99,7.49,3850116064291,HRANA
COCKTAIL BLUE LAGOON 0.33L NB,90764945,A LE COQ,0.33 l,ko,1.65,5,,1.15,1.55,4740098002918,PIĆE
PROBITAS MAL VAN GOJI 330g KRAVICA,90765231,KRAVICA KRALJICA,0.33 kg,ko,1.75,5.3,,1.75,1.75,3856015330901,HRANA
ČIPS CLASSIC WAVY 180 g SAN CARLO,90754668,SAN CARLO,0.18 kg,ko,2.59,14.39,,2.59,2.59,8003130120718,HRANA
TJEST FETTUCCINE 400 g MARODI,90769990,MARODI,0.40 kg,ko,2.99,7.48,,2.99,2.99,3859893944369,HRANA
TJEST LASAGNE BEZ JAJA 250g BARILLA,90770561,BARILLA,0.25 kg,ko,2.79,11.16,,2.79,2.79,8076809542517,HRANA
UMAK MEDITERANSKO POVRĆE 400g BARILLA,90770629,BARILLA,0.40 kg,ko,3.85,9.63,,3.85,3.85,8076809583749,HRANA
MG MM GOV RAJČICA MAHUNE 405G,90775138,MIGLIOR,0.41 kg,ko,1.19,2.94,,1.19,1.19,8007520027328,PROIZVODI ZA KUĆANSTVO
PLATA MURSA 1150 g PLATA DO VRATA,90774868,PLATA DO VRATA,1.15 kg,ko,27.5,23.91,,24.5,24.5,3859894230027,HRANA
VODA VITAMIN IMMUNO DANA 0.75L,90785029,DANA,0.75 l,ko,1.39,1.85,,1.39,1.39,3830055521604,PIĆE
GEL TUŠ AGRADO VANIL 750 ml,90795009,AGRADO,0.75 l,ko,2.79,3.72,,1,2.79,8433295052867,KOZMETIKA
TORTILJA ČIPS HRUSTY 150g,90799779,HRUSTY,0.15 kg,ko,0.89,5.93,,0.89,0.89,8605028610730,HRANA
VINO MERLOT SANTA LUCIA 0.75 l,90800266,SANTA LUCIA,0.75 l,ko,5.55,7.4,,3.99,3.99,7804661040701,PIĆE
ŽV GUMA ORBIT STRAWBERRY 14g,90800277,WRIGLEY,0.01 kg,ko,0.99,70.71,,0.99,0.99,50173464,HRANA
BISKVIT MUFFIN CLASSIC 10/1 250 g,90800480,DELASHERAS,0.25 kg,ko,2.99,11.96,,2.99,2.99,8410722512507,HRANA
VREĆA SMEĆE LD VEZ EST 60 L 25/1 DAX,90800599,DAX,25.00 ko,ko,2.99,0.12,,2.39,2.99,3850334101839,PROIZVODI ZA KUĆANSTVO
SOMAT GEL EXCELLENCE 3x684 ml,90800950,SOMAT,2.05 l,ko,17.99,8.77,,17.99,19.99,9000101819250,SREDSTVA ZA ČIŠĆENJE
FRISKIES MP ADULT GOV PIL JANJ UMAK 4X85 g,90809762,FRISKIES,0.34 kg,ko,2.59,7.62,,1.99,1.99,8445290752017,PROIZVODI ZA KUĆANSTVO
TEK POSL MAČKA PIL+TAURINE 150 ml,90810819,VITAKRAFT,0.15 l,ko,2.99,19.93,,2.99,2.99,4008239579997,PROIZVODI ZA KUĆANSTVO
ULJE MASLINOVO ED IST BJE 0.5L OLALA,90824862,OLALA,0.50 l,ko,13,26,,13,13,3857500143037,HRANA
PIVO LP MEĐIMURSKO LAGER 0.5 L LIM,90809851,LEPI DEČKI,0.50 l,ko,2.35,4.7,,2.35,2.35,3859894040176,PIĆE
TIJESTO IST FUŽI S JAJ SPEC MOM 500g,90825344,SPECIAL MOMENTS,0.50 kg,ko,3.79,7.58,,3.79,3.79,3850334431066,HRANA
ŠTRUDLA SPECIAL M ČOKO VIŠNJA 145g,90825560,SPECIAL MOMENTS,0.15 kg,ko,1.29,8.9,,0.9,1.29,3850334429278,HRANA
ULJE BUČINO SPECIAL MOMENTS 0.25L,90825706,SPECIAL MOMENTS,0.25 l,ko,5.99,23.96,,5.99,5.99,3850334428592,HRANA
SOMAT GEL EXCELLENCE LEMON 2X684 ml,90826096,SOMAT,1.37 l,ko,,10.59,14.49,14.49,14.49,9000101819229,SREDSTVA ZA ČIŠĆENJE
DES CORNY PROTEIN SOFT KIKIR/KAR 45g,90826141,SCHWARTAU,0.05 kg,ko,2.19,48.67,,2.19,2.19,4011800297213,HRANA
ČIPS PRINGLES HOT CHEESE 160g,90826561,PRINGLES,0.16 kg,ko,,11.81,1.89,3.49,3.49,5053990175888,HRANA
GOURMET GOLD MM LOSOS 85 g,90830130,GOURMET,0.09 kg,ko,0.89,10.47,,0.69,0.89,8445291133242,PROIZVODI ZA KUĆANSTVO
BOMBON ŽELE KOCKA SLAVONIJA 320 g KA,90834916,KANDIT,0.32 kg,ko,1.99,6.22,,1,1.99,3856024805810,HRANA
GRAH CRVENI 800/480 g E BUONO,90850330,E BUONO,0.48 kg,ko,1.69,3.52,,1.69,1.69,3858894141821,HRANA
REGEN PANTENE INFINITE LENGTH 275 ml,90850693,PANTENE,0.28 l,ko,5.99,21.78,,4.49,4.49,8700216508957,KOZMETIKA
VIŠNJE GARDEN GOOD 400 g,90854648,GARDEN GOOD,0.40 kg,ko,1.99,4.98,,1.69,1.69,8605002359884,HRANA
DOMESTOS PJENA FLORAL FRESH 435 ml,90864976,DOMESTOS,0.44 l,ko,4.49,10.32,,4.49,4.49,8720182796424,SREDSTVA ZA ČIŠĆENJE
DET PERSIL GEL COLOR 4.5 L 100PR,90869801,PERSIL,4.50 l,ko,19.99,4.44,,19.99,19.99,9000101567335,SREDSTVA ZA ČIŠĆENJE
SARDINA S POVRĆEM 95 g MIRELA,90874649,MIRELA,0.10 kg,ko,1.39,14.63,,1.39,1.39,3856020267650,HRANA
FLIPS GERBER KUKURUZ 28 g,90874766,GERBER,0.03 kg,ko,1.89,67.5,,1.51,1.89,8445291463523,HRANA
KUPKA 3U1 MELEM VOĆNA 300 ml,90874874,MELEM,0.30 l,ko,,19.3,5.79,5.51,6.89,3856007912719,KOZMETIKA
LIKER MALINA 0.75 L HARMUND,90875111,HARMUND,0.75 l,ko,19.99,26.65,,19.99,19.99,3859893459696,PIĆE
GOURMET GOLD MM UŽITAK MIX 12X85 g,90875297,GOURMET,1.02 kg,ko,6.69,6.56,,6.69,6.69,8445291529939,PROIZVODI ZA KUĆANSTVO
MLIJEČNI NAMAZ JUNIOR 70 g DUKAT,90879851,DUKAT JUNIOR,0.07 kg,ko,0.99,14.14,,0.99,0.99,3850354019183,HRANA
GAZ PIĆE LIMUNADA JAMNICA 0.5 l PET,90884970,JAMNICA,0.50 l,ko,1.35,2.7,,1.35,1.35,3856028502135,PIĆE
ZP PARODONT GUM WHITE 75 ml,90885021,PARODONTAX,0.08 l,ko,6.99,93.2,,6.99,6.99,5054563206275,KOZMETIKA
KREMA COREGA ALL 40 g,90885025,COREGA,0.04 kg,ko,,190.75,7.63,8.99,8.99,5054563209467,KOZMETIKA
GEL GARNIER VIT C 250 ml,90885243,GARNIER,0.25 l,ko,7.99,31.96,,7.99,7.99,3600542586108,KOZMETIKA
SUHI ŠAMPON NIVEA SR SVIJ KO 200 ml,90885435,NIVEA,0.20 l,ko,,23.75,4.75,6.79,6.79,9005800301549,KOZMETIKA
NEKTAR VINDI BRESKVA KAŠ 2L,90050605,VINDI,2.00 l,ko,2.99,1.5,,2.99,2.99,3850108079555,PIĆE
FILET USOLJENOG BAKALARA FIORITAL,90077417,,1.00 kg,kg,12.99,12.99,,7.79,12.99,93856024300394,HRANA
LAK SYOSS KERATIN PERFECT 300ML,90081690,SYOSS,0.30 l,ko,,15.5,4.65,4.65,4.65,9000100854733,KOZMETIKA
GEL TUŠ K PLUS OLEA BADEM 300ml,90089137,OLEA,0.30 l,ko,1.19,3.97,,1.19,1.19,3850334103406,KOZMETIKA
VREĆA SMEĆE LD 160L 10/1 ROYAL,90090625,ROYAL,10.00 ko,ko,3.32,0.33,,3.32,3.32,3858888961732,PROIZVODI ZA KUĆANSTVO
KUKURUZ KOKIČAR EUROCOMPANY 400g,90100298,EUROCOMPANY,0.40 kg,ko,1.19,2.98,,1.19,1.19,3872084004024,HRANA
KOMPOT KRUŠKA VALFRUTTA 411g     ,90103825,VALFRUTTA,0.41 kg,ko,2.19,5.33,,2.19,2.19,8001440000041,HRANA
VINO KORTA KATARINA ROSE0.75l     ,90130475,KORTA KATARINA,0.75 l,ko,19.69,26.25,,19.05,19.05,3859891637379,PIĆE
KOMP ZAMJ GLAVA OB PR CL EB20-4 3+1,90147019,ORAL B,1.00 ko,ko,,11.89,11.89,16.99,16.99,8006540847299,KOZMETIKA
PAŠTETA PIKETA PILEĆA 95G AL,90166147,PIKETA,0.10 kg,ko,1.19,12.53,,0.79,1.19,3850104277856,HRANA
NAPITAK RED BULL YELLOW EDIT 0.25L,90171428,RED BULL,0.25 l,ko,1.69,6.76,,1.19,1.19,90415944,PIĆE
SVJ TIJESTO ZA PIZZU MAXX 550g,90183714,MAXX,0.55 kg,ko,1.85,3.36,,1.49,1.85,3850334411990,HRANA
SVJEŽA MLADA PATKA,90203451,HUNENT,1.00 kg,kg,2.99,2.99,,2.99,2.99,,HRANA
DESERT ČOK ŽIVOTINJSKO CARSTVO 15G NOVO,90210252,ŽIVOTINJSKO CARSTVO,0.02 kg,ko,0.69,46,,0.48,0.69,3850102507979,HRANA
BARANJSKA KOBASICA BELJE,90246093,BELJE,1.00 kg,kg,10.99,10.99,,7.69,10.99,3850257051624,HRANA
PAH ZOBENE MY LIFE 500g,90291086,MY LIFE,0.50 kg,ko,1.19,2.38,,1.19,1.19,3859892920913,HRANA
KISELO VRHNJE MOJA KRAVICA 20% 750g,90296201,MOJA KRAVICA,0.75 kg,ko,2.99,3.99,,2.99,2.99,8601500120742,HRANA
RIŽA SANT ANDREA 1kg  SCOTTI,90298098,RISO SCOTTI,1.00 kg,ko,4.99,4.99,,4.99,4.99,8001860251108,HRANA
KAVA MUST PURO ARABICA DG 16/1 112g,90307006,MUST,0.11 kg,ko,5.29,47.23,,5.29,5.29,8056370761319,HRANA
POESIE DELISAUCE PIL.FILE 85g VITAKRAFT,90307705,VITAKRAFT,0.09 kg,ko,0.85,10,,0.85,0.85,4008239366627,PROIZVODI ZA KUĆANSTVO
TJEST SPAGHETTI INTEG EKO 500g ZARA,90311981,PASTA ZARA,0.50 kg,ko,1.69,3.38,,1.69,1.69,8004350001948,HRANA
SPRIZZ  GRACIOSO 0.75L,90320042,HUGO,0.75 l,ko,3.25,4.33,,3.25,3.25,4002391323207,PIĆE
JASTUČIĆI S MARMELADOM 300g,90320745,BREDA I PITA,0.30 kg,ko,3.98,13.27,,3.98,3.98,3857500060198,HRANA
ULJE BUČINO 0.25L ČAKOVEČKI MLINOVI,90325216,ČAK MLINOVI,0.25 l,ko,5.49,21.96,,5.49,5.49,3858884170534,HRANA
MARAMICE ZA UPIJANJE BOJE DAX 24/1,90325949,DAX,24.00 ko,ko,2.19,0.09,,1.75,2.19,3838900946671,SREDSTVA ZA ČIŠĆENJE
KEKS DIGESTIVE INTEGRAL 400g MCVITIES,90325967,MCVITIE'S,0.40 kg,ko,3.69,9.23,,3.69,3.69,5000396025026,HRANA
VODA IZVORSKA SURPRISE 0.30 L,90328408,SURPRISE,0.30 l,ko,1.39,4.63,,1.39,1.39,8594023925607,PIĆE
JANJEĆI TRUP DOMAĆI MARTINJAK,90340212,MARTINJAK,1.00 kg,kg,13.99,13.99,,13.99,13.99,3859893702563,HRANA
MARAMICE ZA UPIJANJE BOJE DR BECK 42 KOM,90344846,BECKMANN,42.00 ko,ko,5.89,0.14,,4.12,5.89,4008455497815,SREDSTVA ZA ČIŠĆENJE
PRELJEV PROSERIES ZERO CALORIES  0.425L TRIPLE CHOCO,90344863,POLLEO,0.43 l,ko,5.49,12.92,,5.49,5.49,3859893008962,HRANA
KUPUS KIS MASL ULJE ČEŠNJAK 250g,90348702,KORA,0.25 kg,ko,1.59,6.36,,1.59,1.59,3859891493616,HRANA
PIADINA ČETVRTASTA 320g GECCHELE,90350562,GECCHELE,0.32 kg,ko,3.78,11.81,,3.78,3.78,8015854166385,HRANA
GOF SVJ MEDUZA,90356734,MEDUZA,1.00 kg,kg,16.79,16.79,,10.07,16.79,,HRANA
PAGAR CRVENI SVJ UV MEDUZA,90356798,MEDUZA,1.00 kg,kg,15.55,15.55,,9.32,15.55,,HRANA
KAŠICA FRUTEK JAB ŠLJ JEČ 190g,90362851,FRUTEK,0.19 kg,ko,,6.79,1.29,1.75,1.75,3838945034258,HRANA
ŠLJIVA GG SUHA SOFT BEZ KONZ BK 200g,90363941,GARDEN GOOD,0.20 kg,ko,1.69,8.45,,1.25,1.69,3838900807873,HRANA
SOL MORSKA S CHILI I ČEŠNJ ML 72g KOTANYI,90363959,KOTANYI,0.07 kg,ko,2.25,31.25,,2.25,2.25,9001414143995,HRANA
KREKER RIŽA SOL PAPAR 60g RICE UP,90364918,RICE UP,0.06 kg,ko,1.39,23.17,,1.39,1.39,3800233070095,HRANA
VODA DESTI DAX 5L ISKRA,90365060,DAX,5.00 l,ko,1.19,0.24,,1.19,1.19,3850334183972,SREDSTVA ZA ČIŠĆENJE
FILE TUNE ŽUVELA,90372966,ŽUVELA,1.00 kg,kg,,16.49,16.49,8.99,20.39,,HRANA
VLAŽNE MARAMICE UNIVERZALNE OLEA 20/1,90382174,OLEA,20.00 ko,ko,0.89,0.04,,0.49,0.89,3850334520128,TOALETNE POTREPŠTINE
SALAMA OD DIVLJE SVINJE 80g,90382902,LOVSKI,0.08 kg,ko,2.29,28.63,,2.29,2.29,3859893534010,HRANA
KAŠICA FRUTEK JAB.BAN.JAG 100g,90385425,FRUTEK,0.10 kg,ko,,11.9,1.19,1.19,1.39,3838945037105,HRANA
TIJESTO FUŽI SA CRNI SIPE 400g KLARA M,90403411,KLARA M,0.40 kg,ko,4.29,10.73,,4.29,4.29,3859888499393,HRANA
JAJA SVJ L 10/1 SL UZGOJ AGRO-KLASTER,90403568,AGRO KLASTER,10.00 ko,ko,3.39,0.34,,2.79,3.39,3857500091710,HRANA
KUPINA MLJEVENA SUŠENA 100g BOBO,90404294,BOBO,0.10 kg,ko,4.11,41.1,,4.11,4.11,3859893313479,HRANA
BOMBONI SKITTLES FRUITS VR 95g,90405119,WRIGLEY,0.10 kg,ko,1.59,16.74,,1.11,1.59,4009900510813,HRANA
SLAD BEN & JERRY CHOCO FUDGE 465ml,90406105,BEN & JERRY'S,0.47 l,ko,8.99,19.33,,8.99,8.99,8711327370708,HRANA
HIPP BIO POVRĆE S GOVEDINOM 250g,90406762,HIPP,0.25 kg,ko,2.25,9,,2.25,2.25,4062300261303,HRANA
SIRUP FRUTTI BOROVNICA 1L,90407069,FRUTTI,1.00 l,ko,1.55,1.55,,1.55,1.55,3850334134332,PIĆE
DESERT MONTE SNACK 8X29g ZOTT,90407175,MONTE,0.23 kg,ko,2.15,9.27,,2.15,2.15,4014500515502,HRANA
CHILI MLJEVENI SPICE CHEF 32g MLIN,90409989,SPICE CHEF,0.03 kg,ko,1.99,62.19,,1.99,1.99,3850334133946,HRANA
UMAK NAPOLETANA 410g PODRAVKA,90412275,PODRAVKA,0.41 kg,ko,3.19,7.78,,3.19,3.19,3856020242206,HRANA
LIKER TERANINO KORLAT 0.7L,90704471,KORLAT,0.70 l,ko,24.05,34.36,,24.05,24.05,3850112111975,PIĆE
SMOKVA SEEBERGER SUHA 200g,90705715,SEEBERGER,0.20 kg,ko,3.69,18.45,,3.69,3.69,4008258235003,HRANA
SARDINA U UM RAJČICE 100g/65g EVA,90706343,EVA,0.07 kg,ko,1.69,26,,1.69,1.69,3856020262648,HRANA
GAZ PIĆE PIPI MANDAR LUBENICA 0.33L ,90706834,PIPI,0.33 l,ko,1.15,3.48,,0.97,1.15,3859893637087,PIĆE
GAZ PIĆE VINDI TONIC ZERO 1.5L ,90707227,VINDI,1.50 l,ko,1.75,1.17,,1.75,1.75,3850108071450,PIĆE
PEL PAMPERS PREMIUM VP S3 60/1,90707868,PAMPERS,59.99 ko,ko,,0.25,14.99,14.99,14.99,4015400274780,TOALETNE POTREPŠTINE
LASAGNE BOLOGNESE 400g COME A CASA,90713374,COME A CASA,0.40 kg,ko,2.69,6.73,,2.69,2.69,5900741604657,HRANA
TORTILLA KUKUR 8X20cm 320g HRUSTY,90725718,HRUSTY,0.32 kg,ko,1.59,4.97,,1.19,1.59,3850334055118,HRANA
MUESLI RISE&SMILE ČOKOLADA 750g,90726295,RISE&SMILE,0.75 kg,ko,2.85,3.8,,2.85,2.85,3850334045461,HRANA
ULJE OLIVAL VLAS RUŽM KLINČIĆ 60ml,90730468,OLIVAL,0.06 l,ko,5.29,88.17,,5.29,5.29,3858892694626,KOZMETIKA
LIZALICA ZVRK 65,90730950,FANTASIA,0.07 kg,ko,1.99,30.62,,1.99,1.99,3859892573317,HRANA
VINO ZELENI SILVANAC ANTUNOVIĆ 0.75L ,90731531,ANTUNOVIĆ,0.75 l,ko,11.99,15.99,,11.99,11.99,3859892364052,PIĆE
CHORIZO IBERICO REVISAN NAR 70g VAC,90744740,REVISAN,0.07 kg,ko,3.29,47,,3.29,3.29,8436024020267,HRANA
PEL LUMPI PREMIUM XL 6 (15+ kg) 32/1 ,90745448,LUMPI,32.00 ko,ko,6.65,0.21,,5.65,5.65,3850334071422,TOALETNE POTREPŠTINE
ČOKOLADNA MINI JAJA MLJEČ KREMA 115 g WITORS,90749736,WITORS,0.12 kg,ko,0.7,6.09,,0.7,1,8003535081652,HRANA
ČAJ K PLUS ĐUMBIR LIMUN 20x2 g,90749830,K PLUS,0.02 kg,ko,1.25,62.5,,1.25,1.25,3850334110503,HRANA
ČIPI ČIPS ULTRA CAYENNE PAPRIKA 120 g,90751051,ČIPI ČIPS,0.12 kg,ko,2.19,18.25,,1.89,2.19,3856021306600,HRANA
VINO MERLOT MARKOTA 0.75L,90759905,MARKOTA,0.75 l,ko,13.05,17.4,,13.05,13.05,3859893430305,PIĆE
VL MARAMICE NIVEA TODDIES 57/1,90764770,NIVEA,57.01 ko,ko,,0.05,2.59,3.25,3.25,9005800369235,TOALETNE POTREPŠTINE
HUMMUS HERB FUSION 180g GURU,90764832,RIBELLA,0.18 kg,ko,2.25,12.5,,2.25,2.25,8606011896315,HRANA
HIG UL ALWAYS ULTRA PL NIGHT  20/1,90769909,ALWAYS P&G,20.00 ko,ko,5,0.25,,3.99,3.99,8700216186797,TOALETNE POTREPŠTINE
PUDING ČOKO BANANA PREMIUM 44g DOLCELA,90770260,DOLCELA,0.04 kg,ko,0.99,22.5,,0.99,0.99,3856020263294,HRANA
PUDING COOKIES&CREAM 40 g DR OETKER,90770713,DR OETKER,0.04 kg,ko,0.79,19.75,,0.79,0.79,5997381373272,HRANA
ŠAMPON H&S 2IN1 MENTHOL 250 ml,90771167,HEAD&SHOULDE,0.25 l,ko,5.29,21.16,,5.29,5.29,8700216304658,KOZMETIKA
ČEŠNJOVKA 250 g PODRAVKA,90774784,PODRAVKA,0.25 kg,ko,6.49,25.96,,6.49,6.49,3856020271725,HRANA
PLATA AGRAM 1150 g PLATA DO VRATA,90774869,PLATA DO VRATA,1.15 kg,ko,27.5,23.91,,24.5,24.5,3859894230003,HRANA
DEO REXONA W SHOWER FRESH 150 ml,90774987,REXONA,0.15 l,ko,5.29,35.27,,3.89,5.29,8720181449840,KOZMETIKA
VODICA ZA USTA COLGATE COOL MINT 1 L,90775115,COLGATE,1.00 l,ko,7.99,7.99,,5.59,7.99,8718951208681,KOZMETIKA
DEO OLD SPICE ROCKSTAR 150 ml,90775155,OLD SPICE,0.15 l,ko,,24.93,3.74,4.99,4.99,8700216169820,KOZMETIKA
ZP COLGATE AD WHITE CHARCOAL 2X75 ml,90775306,COLGATE,0.15 l,ko,5.09,33.93,,4.29,5.09,8718951589117,KOZMETIKA
SPECIAL DOG EX MP MINI JANJ ZEC 4X100 g,90775442,SPECIAL DOG EXCELLENCE,0.40 kg,ko,3.29,8.23,,2.3,3.29,8009470061704,PROIZVODI ZA KUĆANSTVO
ENER NAP PROGAME MANGO-MARELICA 0.33 L,90784766,PROGAME,0.33 l,ko,0.99,3,,0.99,0.99,3856028500469,PIĆE
MLIJEKO OLIVAL SPF30 200 ml,90785087,OLIVAL,0.20 l,ko,,51.9,10.38,12.99,12.99,3858892694978,KOZMETIKA
THE PINK STUFF VIŠENAMJ ČIŠ 750 ml,90789829,THE PINK STUFF,0.75 l,ko,3.45,4.6,,3.45,3.45,5060033823682,SREDSTVA ZA ČIŠĆENJE
DET JAR AIO PLATINUM LEMON 75TAB,90789836,JAR ADW,75.02 ko,ko,39.99,0.53,,19.98,39.99,8006540750247,SREDSTVA ZA ČIŠĆENJE
SALV PALOMA BOŽIĆ FAIRYTALE 33X33 20/1,90800084,PALOMA,20.00 ko,ko,2.29,0.11,,2.29,2.29,3838952035590,PROIZVODI ZA KUĆANSTVO
PIRE VOĆNI  JAB JAG BOR 200 g BB,90800595,BOOM BOX,0.20 kg,ko,1.99,9.95,,1.49,1.99,3856027801338,HRANA
BOMBONI TIC TAC MINT 54g,90800645,FERRERO,0.05 kg,ko,2.15,39.81,,2.15,2.15,8000500166697,HRANA
ČOKOLADNO JAJE HOT WHEELS 20g ZAINI,90809657,ZAINI,0.02 kg,ko,1.19,59.5,,1.19,1.19,80737797,HRANA
ZP SENSOD PRONAMEL JUN 2-6 GOD 50 ml,90814960,SENSODYNE,0.05 l,ko,,67.6,3.38,3.99,3.99,5054563219251,KOZMETIKA
CHIA SJEMENKE BIO ZONE 300 g,90824881,BIO ZONE,0.30 kg,ko,2.75,9.17,,1.99,2.75,3838900841037,HRANA
SLAD LEDO KESTEN 60 ml,90824992,LEDO,0.06 l,ko,1.4,23.34,,1.4,1.4,3850116064413,HRANA
SIRUP DATULJE BIO 350 g NUTRIGOLD,90825069,NUTRIGOLD,0.35 kg,ko,3.39,9.69,,3.39,3.39,3858891971483,HRANA
KAKAO PRAH BIO 250 g NUTRIGOLD,90825123,NUTRIGOLD,0.25 kg,ko,4.89,19.56,,4.89,4.89,3858891972374,HRANA
KUGLICE ŠUMSKO VOĆE 100 g FITFIT,90825643,FIT&FIT,0.10 kg,ko,2.99,29.9,,2.99,2.99,8683923381740,HRANA
PRALINE SPECIAL M MIX BALLS 200g,90825718,SPECIAL MOMENTS,0.20 kg,ko,3.5,17.5,,3.5,3.5,3850334429391,HRANA
GAZ PIĆE PEPSI MAX LIMETA 1.5 L,90826336,PEPSI,1.50 l,ko,1.79,1.19,,1.79,1.79,3830065021118,PIĆE
ŠTAPIĆI CRAX SIR 40g ETI,90826519,ETI,0.04 kg,ko,0.59,14.75,,0.59,0.59,8690526010120,HRANA
GEL TUŠ BIOB BEES & DONKEYS 400 ml,90850179,BIOBAZA,0.40 l,ko,,10.28,4.11,5.49,5.49,3856020915858,KOZMETIKA
REGEN PANTENE REPAIR&PROTECT 220 ml,90850364,PANTENE,0.22 l,ko,4.99,22.68,,3.69,3.69,8700216500616,KOZMETIKA
MUESLI FRUIT 350 g OPLANT,90869769,OPLANT,0.35 kg,ko,3.99,11.4,,3.99,3.99,3856020274320,HRANA
JOGURT BEZ LAKT JAG 160g FREE ZONE,90770071,FREE ZONE,0.16 kg,ko,0.55,3.44,,0.55,0.55,3850334101488,HRANA
SALANETTIS SORGER BITS PIKANT 80g,90770688,SORGER,0.08 kg,ko,2.59,32.38,,2.59,2.59,9002055004584,HRANA
ŠAMPON H&S DEEP HYDRA 500 ml,90771218,HEAD&SHOULDE,0.50 l,ko,8.29,16.58,,8.29,8.29,8700216305327,KOZMETIKA
DET PERSIL FBS 6.05 kg=110PR,90774739,PERSIL,6.05 kg,ko,23.99,3.97,,23.99,23.99,9000101806083,SREDSTVA ZA ČIŠĆENJE
VRUĆA ČOKOLADA DARK 16g STEVIQ,90794785,STEVIQ,0.02 kg,ko,1.29,80.63,,1.29,1.29,3858893680345,HRANA
PALAČINKE ČOKOLADA 6x90 g MINUTE,90824829,MINUTE,0.54 kg,ko,3.99,7.38,,2.59,2.59,3850334426253,HRANA
ČAJ VRBOVICA BILJKA 50g AGRISTAR ,90824930,AGRISTAR,0.05 kg,ko,2.49,49.8,,2.49,2.49,3858886500988,HRANA
DEO OLD SPICE RED KNIGHT 200ml,90705804,OLD SPICE,0.20 l,ko,6,30,,6,6,8006540315545,KOZMETIKA
DET ARIEL COLOR 3.3kg=60PR,90706074,ARIEL,3.30 kg,ko,15,4.55,,15,15,8006540940433,SREDSTVA ZA ČIŠĆENJE
LISTOVI SVJ LASAGNE 250g DE ANGELIS,90707607,DE ANGELIS,0.25 kg,ko,1.39,5.56,,1.39,1.39,8021228310056,HRANA
DESERT ČOKOLADA LJEŠNJAK 4X125g DAR,90707774,DAR,0.50 kg,ko,2.49,4.98,,2.49,2.49,3850108028102,HRANA
PRAŠAK ME FIRST STORM PEACH PAS 227g,90707828,PROSERIES,0.23 kg,ko,19.99,88.06,,19.99,19.99,3856026803920,HRANA
TJEST FUSILLI PIR EKO 500g DENNREE,90712892,DENNREE,0.50 kg,ko,2.99,5.98,,2.99,2.99,4021851549681,HRANA
VREĆICA TERMO FRESH&PACK,90712925,FRESH&PACK,1.00 ko,ko,1.3,1.3,,1.3,1.3,3850334045676,PROIZVODI ZA KUĆANSTVO
FRIEND MM GOVEDINA 100g,90719885,FRIEND,0.10 kg,ko,0.59,5.9,,0.59,0.59,3870547072511,PROIZVODI ZA KUĆANSTVO
BRANCIN L OČIŠ CRO V,90725393,CROMARIS,1.00 kg,kg,,9.99,9.99,5.99,5.99,3858890591385,HRANA
PIVO VICTORIA MALAGA 0.5L LIM,90726817,VICTORIA MALAGA,0.50 l,ko,1.65,3.3,,1.65,1.65,8410793226129,PIĆE
PREHRAMBENA BOJILA 4X10ml AROMAR,90726830,AROMAR,0.04 l,ko,2.99,74.75,,2.99,2.99,3859888333215,HRANA
VINO GRAŠEVINA ANTUNOVIĆ 0.75L ,90731528,ANTUNOVIĆ,0.75 l,ko,11.99,15.99,,11.99,11.99,3859892364083,PIĆE
SENDVIČ HIGH PROTEIN TUNA 150g,90731569,EUROCHEF,0.15 kg,ko,3.49,23.27,,3.49,3.49,8033524201006,HRANA
SET DOVE W DEEPLY SG+LOS+KREMA,90732421,DOVE,1.00 ko,ko,9,9,,9,9,8720182660671,KOZMETIKA
SALAMICA PIL NAJPOSEB KIDS 350g,90732783,CEKIN KIDS,0.35 kg,ko,1.99,5.69,,1.99,1.99,3850159127069,HRANA
VODA HIPP BABY 1L,90733331,HIPP,1.00 l,ko,1.25,1.25,,1.25,1.25,9062300000662,HRANA
GIN MINTIS BLACK CURRANT 0.7L,90739831,MINTIS,0.70 l,ko,24.05,34.36,,24.05,24.05,8595676600200,PIĆE
RAKIJA PREMIUM DUNJA 0.7 L,90745861,ĆOSIĆ,0.70 l,ko,45.05,64.36,,45.05,45.05,3857500140807,PIĆE
KROASAN BELINO MIDI KAKAO/VANIL 60 g,90759803,BELINO,0.06 kg,ko,0.59,9.83,,0.59,0.59,5301000233418,HRANA
SLAD GELATISSIMO MANGO MARAK 4x125ml,90765051,GELATISSIMO,0.32 l,ko,3.99,12.49,,3.99,3.99,3850334112644,HRANA
BOMBON RICOLA MALINA MELISA VR 75 g,90770195,RICOLA,0.08 kg,ko,2.69,35.87,,2.69,2.69,7610700018675,HRANA
KIKIRIKI JUMBO SUHO PEČENI SLANI 180g,90770870,JUMBO,0.18 kg,ko,1.69,9.39,,1.69,1.69,8606015852676,HRANA
ŠAMPON AFRODITA SUHA KOSA 320 ml,90771128,AFRODITA,0.32 l,ko,6.49,20.28,,6.49,6.49,3831070661900,KOZMETIKA
DEO REXONA W INVISIBLE PURE 150 ml,90774994,REXONA,0.15 l,ko,5.29,35.27,,3.89,5.29,8720181450426,KOZMETIKA
DEO NIVEA Ž FRUITY DELIGHT 150 ml,90775341,NIVEA,0.15 l,ko,,26.6,3.99,3.99,3.99,9005800379005,KOZMETIKA
PIVO KLAAS GREJP 0.5L LIM ,90775716,KLAAS,0.50 l,ko,0.85,1.7,,0.75,0.75,3850334113740,PIĆE
NEG PIĆE LIM MENTA FRUCTAL CLASSIC 1 L,90784792,FRUCTAL,1.00 l,ko,,1.49,1.49,1.39,1.79,3838945042390,PIĆE
VINO ROSE THE PALE  0.75 L,90785233,CAVES D'ESCLANS,0.75 l,ko,15.05,20.07,,15.05,15.05,3666140033604,PIĆE
AJVAR LJUTI 350g ZVIJEZDA,90799797,ZVIJEZDA,0.35 kg,ko,2.59,7.4,,2.59,2.59,3856015330734,HRANA
ŠAMPON ELSEVE BOND REPAIR 200 ml,90805029,LOREAL ELSEVE,1.00 ko,ko,,6.36,6.36,8.49,8.49,3600524074760,KOZMETIKA
KAVA ESPRESSO INTENSE NS 20/1 104g JACOBS,90805040,JACOBS,0.10 kg,ko,10.19,97.98,,10.19,10.19,8711000371190,HRANA
GEL TUŠ PALM MILK&PROTEIN 750 ml,90810384,PALMOLIVE,0.75 l,ko,5.09,6.79,,5.09,5.09,8718951543874,KOZMETIKA
SAVIJAČA ŠPINAT 600 g MINUTE,90810837,MINUTE,0.60 kg,ko,2.29,3.82,,1.69,2.29,3850334429841,HRANA
PLOČICA KIKIRIKI 28 g NEOH,90826056,NEOH,0.03 kg,ko,1.99,71.07,,1.99,1.99,9120085631768,HRANA
LEĆA ZELENA BIO 500 g NUTRIGOLD,90826420,NUTRIGOLD,0.50 kg,ko,2.49,4.98,,2.49,2.49,3858891973227,HRANA
ULJE MASLINOVO SPECIAL MOMENTS 0.5L,90826435,SPECIAL MOMENTS,0.50 l,ko,11.99,23.98,,11.99,11.99,3850334429926,HRANA
PROTEIN ZOE WHEY SACHER CAKE 454 g,90839919,ZOE,0.45 kg,ko,24.99,55.04,,24.99,24.99,3856026708133,HRANA
PJENUŠAC SREBRNA PENINA MUŠKAT 0.75L,90874693,PENINA,0.75 l,ko,9.85,13.13,,9.85,9.85,3830000344074,PIĆE
VINO ROSE PHAROS PLANČIĆ KV 0.75 L,90875392,PLANČIĆ,0.75 l,ko,13.69,18.25,,13.69,13.69,3859893847080,PIĆE
SIR EMENTALER RYKI CCA 3 kg,90886917,RYKI,1.00 kg,kg,11.94,11.94,,11.94,11.94,,HRANA
KEKS MILK FUN MINIS 100 g LEIBNIZ,90887194,BAHLSEN,0.10 kg,ko,2.79,27.9,,2.79,2.79,4017100144257,HRANA
TJESTENINA S RAJČI I BOSILJ 280 g,90890179,EUROVERDE,0.28 kg,ko,3.99,14.25,,3.99,3.99,8055118486514,HRANA
UMAK PESTO SUŠ RAJČ PIST 190 g STAR,90890418,STAR,0.19 kg,ko,3.29,17.32,,3.29,3.29,8000050024645,HRANA
ARF GRILL PROF 650 ml + SPUŽVA GRILL,90894693,ARF,0.65 l,ko,2.59,3.98,,2.59,2.59,3850105189882,SREDSTVA ZA ČIŠĆENJE
OM DUEL LIKE A DIAMOND 1.6 L,90895397,DUEL,1.60 l,ko,4.99,3.12,,4.99,4.99,8606015847023,SREDSTVA ZA ČIŠĆENJE
DET DAX COLOR 3.75 kg 50PR,90894656,DAX,3.75 kg,ko,6.99,1.86,,4.99,6.99,3850334432773,SREDSTVA ZA ČIŠĆENJE
OM ORNEL NO. 1 1.6 L,90899754,ORNEL,1.60 l,ko,5.09,3.18,,5.09,5.09,3850105190406,SREDSTVA ZA ČIŠĆENJE
DET PERSIL COLOR 60 tab,90899868,PERSIL,60.02 ko,ko,18.99,0.32,,18.99,18.99,9000101830880,SREDSTVA ZA ČIŠĆENJE
DET PERSIL STAIN REMOVAL 29TAB,90899882,PERSIL,29.00 ko,ko,10.49,0.36,,10.49,10.49,9000101830736,SREDSTVA ZA ČIŠĆENJE
KIWI,01410105,,1.00 kg,kg,3.99,3.99,,2.99,2.99,3850334173522,HRANA
SENF ESTRAGON PVC 140g PODRAVKA,01530171,PODRAVKA,0.14 kg,ko,1.79,12.79,,1.79,1.79,3850104023033,HRANA
RAJČICA PASIRANA ST 400g MUTTI,01570367,MUTTI,0.40 kg,ko,1.99,4.98,,1.99,1.99,8005110630408,HRANA
RAJČICA KONCEN TUBA 130g MUTTI,01570937,MUTTI,0.13 kg,ko,1.69,13,,1.69,1.69,80042532,HRANA
MASLINE CRNE 370g MARINA,01580195,MARINA,0.20 kg,ko,5.29,26.45,,5.29,5.29,3859888295285,HRANA
MASLINE K PLUS ZELENE 400g,01585062,K PLUS,0.40 kg,ko,,5.28,2.11,2.65,2.65,3850334154699,HRANA
BEČKA VP CIJELA PODRAVKA,02037955,PODRAVKA,1.00 kg,kg,11.99,11.99,,11.99,11.99,3858886463771,HRANA
HRENOVKE U PRIR OVITKU 240g VINDIJA,02044259,CEKIN,0.24 kg,ko,2.75,11.46,,2.75,2.75,3850159121302,HRANA
PAS U KOŽI IKL SVJ MEDUZA,02195292,,1.00 kg,kg,5.19,5.19,,3.11,5.19,,HRANA
GURMANSKA  PLJESKAVICA,02404375,KONZUM,1.00 kg,ko,7.86,7.86,,5.5,7.86,,HRANA
PILEĆI RASJ ZA POH TOP FILE 1100g,02434349,CEKIN,1.00 kg,kg,,5.99,5.99,5.99,7.69,3850159110658,HRANA
PUREĆI BATAK PODLOŽAK VINDIJA,02450381,VINDON,1.00 kg,kg,4.79,4.79,,4.79,4.79,3850339404003,HRANA
VINO SILVANAC ZEL VRH 0.75L PP ORAHOV,03020082,PP ORAHOVICA,0.75 l,ko,8.55,11.4,,8.55,8.55,3859888114050,PIĆE
VINO AURA CHARD MATOŠEVIĆ 0.75L,03020351,MATOŠEVIĆ,0.75 l,ko,13.25,17.67,,13.25,13.25,3859892196103,PIĆE
VINO PINOT SIVI SIMČIČ 0.75L,03020429,SIMČIČ,0.75 l,ko,18.05,24.07,,18.05,18.05,3830042031017,PIĆE
VINO ZLATAN PLAVAC GRAND SELECT 0.75L,03022931,ZLATAN OTOK,0.75 l,ko,26.65,35.53,,26.65,26.65,3859888437722,PIĆE
RAKIJA KOMOVICA 1L VINOPLOD,03060200,VINOPLOD,1.00 l,ko,14.05,14.05,,14.05,14.05,3859888129900,PIĆE
PIVO PAULANER 0.5L LIM WEISSBIER,03131118,PAULANER,0.50 l,ko,1.79,3.58,,1.49,1.79,4066600601920,PIĆE
KAŠICA HIPP OBROK PURETINA+1g 220g,03140038,HIPP,0.22 kg,ko,2.09,9.5,,2.09,2.09,9062300103493,HRANA
NEG PIĆE MULTIVIT CAPRI SONNE 0.2L,03140107,CAPRI SONNE,0.20 l,ko,0.53,2.65,,0.53,0.53,4000177407509,PIĆE
KAŠICA HIPP MK JABUKA/BRESKVA/GRIZ 190G,03148047,HIPP,0.19 kg,ko,1.69,8.89,,1.69,1.69,9062300132967,HRANA
KAŠICA HIPP MK BANANA/GRIZ/KAKAO 190G,03148048,HIPP,0.19 kg,ko,1.69,8.9,,1.69,1.69,9062300133117,HRANA
PUDING SOJA ČOK 4X125g ALPRO,03150043,ALPRO,0.50 kg,ko,3.79,7.58,,2.99,3.79,54051157,HRANA
KRUH BIJELI SENDVIČ 650g MLINAR,04010007,MLINAR,0.65 kg,ko,1.75,2.69,,1.75,1.75,3858881122796,HRANA
ČAJ ŠUMSKO VOĆE FILT 55g OMOT FRANCK,04090288,FRANCK,0.06 kg,ko,2.49,45.27,,2.49,2.49,3858881083813,HRANA
KIM ZRNO 10g ŠAFRAM,04100237,ŠAFRAM,0.01 kg,ko,0.42,42,,0.42,0.42,3859888163133,HRANA
ĐUMBIR 38g STAKLO  KOTANY,04100297,KOTANYI,0.04 kg,ko,3.19,83.95,,2.95,3.19,9001414040201,HRANA
PERŠIN EKO 7g KOTANYI,04100902,KOTANYI,0.01 kg,ko,1.39,198.57,,1.39,1.39,9001414004951,HRANA
DALMATINSKI ZAČIN BOČICA 18g NADAL,04101199,NADALINA,0.02 kg,ko,1.79,99.44,,1.79,1.79,3858881586079,HRANA
CIMET U KORI 20g ŠAFRAM,04101262,ŠAFRAM,0.02 kg,ko,0.99,49.5,,0.99,0.99,3859890104261,HRANA
PECIVO KVIKI PERECI 100g PODRAVKA,04140144,KVIKI,0.10 kg,ko,1.09,10.9,,1.09,1.09,3850104007217,HRANA
BRUSCHETTE MIJEŠ POVRĆE 70g MARETTI,04141680,MARETTI,0.07 kg,ko,,10,0.7,0.7,0.95,3800205875307,HRANA
KEKS DOMAĆICA ORIGINAL 300g,04151246,DOMAĆICA,0.30 kg,ko,3.19,10.63,,2.49,3.19,3850102314126,HRANA
ŽELIN 25g PODRAVKA,04180450,DOLCELA,0.03 kg,ko,1.19,47.6,,1.19,1.19,3850104007958,HRANA
BOMBON MENTOL BEZ ŠEĆ 80g KRAŠ,04190071,KRAŠ,0.08 kg,ko,1.49,18.63,,1.49,1.49,3850102212460,HRANA
BOMBON ŠUMI JABUKA 100g ŽITO,04196761,ŠUMI,0.10 kg,ko,1.39,13.9,,1.39,1.39,3838700040432,HRANA
PRALINE LINDT LINDOR MILK BALLS 200g,04219618,LINDT,0.20 kg,ko,9.99,49.95,,6.99,9.99,7610400082549,HRANA
DESERT M&M'S KIKIRIKI 45g,04220013,MARS,0.05 kg,ko,1.09,24.22,,1.09,1.09,5900951140310,HRANA
VODICA ZA USTA LISTERINE FRESH 500ml,06530633,LISTERINE,0.50 l,ko,,9.38,4.69,6.29,6.29,5010123703547,KOZMETIKA
VODICA ZA USTA LISTERINE COOL 250ml,06530636,LISTERINE,0.25 l,ko,4.65,18.6,,4.65,4.65,5010123703509,KOZMETIKA
KREMA BAD ZA UČVRŠ EXTR 6927,06530915,BLEND-A-DENT,1.00 ko,ko,,4.01,4.01,5.35,5.35,8001841900612,KOZMETIKA
ZUBNA ČETKICA AQF TRIPLE PROTEC DUO PACK,06531309,AQUAFRESH,1.00 ko,ko,3.79,3.79,,3.79,3.79,5054563931771,KOZMETIKA
KREMA AFR DEP SENZIT 100ML 6969,06590220,AFRODITA,0.10 l,ko,5.99,59.9,,5.99,5.99,3830001296969,KOZMETIKA
KREMA LICE OLIVAL EXTRA DN 50ML,90029521,OLIVAL,0.05 l,ko,8.99,179.8,,8.99,8.99,3859888345928,KOZMETIKA
KOKOS MLIJEKO 250ML GO-TAN,90059068,GO-TAN,0.25 l,ko,2.79,11.16,,2.79,2.79,8710605096170,HRANA
TIJESTO PUŽIĆI JAJ 400g KOLEDA,90060208,KOLEDA,0.40 kg,ko,2.25,5.63,,1.59,2.25,3859888433281,HRANA
PASTRVA SVJ LIKA,90069757,,1.00 kg,kg,5.11,5.11,,3.06,5.11,,HRANA
ŠEĆER S CIMETOM 5g KOTANYI,90069872,KOTANYI,0.05 kg,ko,1.05,21,,0.63,1.05,9001414211830,HRANA
KREMA RUKE NEUTROG S MIRISOM 75ML,90079126,NEUTROGENA,0.08 l,ko,,52.13,3.91,4.89,4.89,3574660258264,KOZMETIKA
ŠAMPON SCHAUMA FRESH IT UP 400ml,90082453,SCHAUMA,0.40 l,ko,,7.48,2.99,2.99,4.19,3838824293813,KOZMETIKA
SOM SVJ ODREZAK KUPA,90079278,,1.00 kg,kg,8.39,8.39,,5.03,8.39,,HRANA
KEKS BREAKFAST CEREALS/CHOCO 160g,90080742,BREAKFAST,0.16 kg,ko,,9.31,1.49,1.49,1.89,3856014113543,HRANA
KAŠA PROSENA 1kg MGP,90097807,MGP,1.00 kg,ko,3.45,3.45,,3.45,3.45,3859889377027,HRANA
TJEST. ZLATICA 45 400g ZP,90109832,ZLATO POLJE,0.40 kg,ko,2.69,6.73,,1.59,1.59,3838700015669,HRANA
BLAZINICE ZA DOJILJE TOTO 30/1,90110277,TOTO,30.00 ko,ko,3.49,0.12,,2.79,3.49,3838985170596,TOALETNE POTREPŠTINE
MIXA MLIJEKO ZA TIJELO SUHA KOŽA 400ML,90115156,MIXA,0.40 l,ko,5,12.5,,5,5,3600550932744,KOZMETIKA
BOMBON HERBA RIB-AMER.SL 90g,90135331,ŠUMI,0.09 kg,ko,1.19,13.22,,1.19,1.19,3838700041156,HRANA
JAJA SVJ K PLUS M 10/1 PODNI UZGOJ,90148335,K PLUS,10.00 ko,ko,2.89,0.29,,1.89,2.65,3850334421111,HRANA
BOJA EXCELLENCE 01,90164082,LOREAL EXCELLANCE,1.00 ko,ko,,6.69,6.69,8.59,8.99,3600523724932,KOZMETIKA
KOCKA KOKOŠJA PODRAVKA 80G,90168549,PODRAVKA,0.08 kg,ko,1.79,22.38,,1.79,1.79,3850104274879,HRANA
PJENA ZA BRIJANJE NIVEA SENS COOLING 200ML,90168654,NIVEA,0.20 l,ko,5.09,25.45,,3.79,5.09,9005800249209,KOZMETIKA
ČOKOLADA MILKA TOFFEE NUTS 300G,90184119,MILKA,0.30 kg,ko,6.79,22.63,,3.99,3.99,7622210417534,HRANA
JUHA OD BUNDEVE 23G FINI MINI,90185598,FINI MINI,0.02 kg,ko,0.79,34.35,,0.59,0.79,3850104281976,HRANA
JUHA KREM OD ŠPIN/SIR 23G FINI MINI,90185609,FINI MINI,0.02 kg,ko,0.79,34.35,,0.59,0.79,3850104282010,HRANA
MED ŠUMSKI HR 700G PIP,90187515,PIP,0.70 kg,ko,10.89,15.56,,10.89,10.89,3858886101529,HRANA
MASLINE ZELENE 700g/400g PODRAVKA,90187716,PODRAVKA,0.40 kg,ko,4.59,11.48,,3.67,4.59,3850104279287,HRANA
BOMB PJENASTI TWIST 60G BEBETO,90210656,BEBETO,0.06 kg,ko,0.89,14.83,,0.86,0.86,8690146091882,HRANA
ŠAMPON FRUCTIS GOODBYE DAMAGE 400ML,90215585,GARNIER FRUCTIS,0.40 l,ko,,7.85,3.14,4.29,4.49,3600541922846,KOZMETIKA
OBITELJSKA ČAROLIJA 500G FANOLA,90220670,FANOLA,0.50 kg,ko,5.29,10.58,,3.99,5.29,3859888257177,HRANA
KULEN 330G PIK MA,90232137,PIK VRBOVEC,0.33 kg,ko,,17.24,5.69,7.99,7.99,3850139050028,HRANA
ČETKICA ZA ZUBE SLIM SOFT CHARCOAL 3PACK,90234988,COLGATE,1.00 ko,ko,8.89,8.89,,6.22,8.89,8714789940557,KOZMETIKA
HRENOVKE U SLANOJ VODI 570g GAVRILOVIĆ,90268474,GAVRILOVIĆ,0.57 kg,ko,5.29,9.28,,5.29,5.29,3858890207576,HRANA
MIJEŠANO MLJEV MESO LIGHT 540G (MA),90276053,PIK VRBOVEC,0.54 kg,ko,5.59,10.35,,3.91,5.59,3850139446500,HRANA
BOMB SKITTLES FRUITS BOČICA 125G,90279424,WRIGLEY,0.13 kg,ko,2.99,23.92,,2.12,2.99,4009900500166,HRANA
ČETKICE ZA ZUBE DENTORAL PREM SOFT,90290509,DENTORAL,1.00 ko,ko,,1.19,1.19,1.59,1.59,3850334608178,KOZMETIKA
SIR TVRDI KRAVLJI PARMILETA,90294847,PARMILETA,1.00 kg,kg,,10.99,10.99,10.99,14.99,3858884995434,HRANA
SV KARE BK ODR ZELENA MAR 400g DF,90296297,PIK VRBOVEC,0.40 kg,ko,4.29,10.73,,3,4.29,3850139445657,HRANA
BRBAVICE SVJEŽE KONZUM,90298476,,1.00 kg,kg,14.19,14.19,,8.51,14.19,,HRANA
VINO MERLOT 0.75L VINA LAGUNA,90311368,LAGUNA,0.75 l,ko,6.39,8.52,,6.39,6.39,3858881190160,PIĆE
VINO CAB SAUV FESTIGIA 0.75L VINA LAGUNA,90311405,LAGUNA,0.75 l,ko,13.45,17.93,,13.45,13.45,3858881191938,PIĆE
JUHA KREM OD MRKVE I BUNDEVE 620g,90316215,DIMMIDISI,0.62 kg,ko,2.79,4.5,,2.79,2.79,8014190017092,HRANA
JUHA MINESTRONE 620g,90316220,DIMMIDISI,0.62 kg,ko,2.79,4.5,,2.79,2.79,8014190017139,HRANA
VODA ROMERQUELLE 1.5L PET NEGAZ,90319371,ROMERQUELLE,1.50 l,ko,1.05,0.7,,1.05,1.05,9031100004187,PIĆE
KAŠ LINO VOĆE S INT ŽITAR 190g,90320540,LINO,0.19 kg,ko,1.59,8.37,,1.59,1.59,3856020211042,HRANA
KULEN RAVNI CCA 1kg PODRAVKA,90364972,PODRAVKA,1.00 kg,kg,20.79,20.79,,20.79,20.79,3859890848394,HRANA
SIR TVRDI KRAVLJI 1/4 DŽIUGAS,90370541,DŽIUGAS,1.00 kg,kg,13.27,13.27,,10.99,13.27,,HRANA
BOMBON KAR KIKI PUNIOZA MIX 90g,90377725,KIKI,0.09 kg,ko,1.29,14.33,,0.97,1.29,3850102005901,HRANA
SIRUP OD BAZGE 500ml,90404076,AGROPOSTA,0.50 l,ko,5.69,11.38,,5.69,5.69,3859892734671,PIĆE
MLIJEKO ZAMJENSKO NAN HA 400g,90406776,NAN,0.40 kg,ko,11.49,28.73,,11.49,11.49,7613036056434,HRANA
VIVIS SVJEŽI KREM SIR 100g,90298692,VIVIS,0.10 kg,ko,,10.9,1.09,1.09,1.29,3850108058734,HRANA
MAJONEZA HEINZ 400g,90302674,HEINZ,0.40 kg,ko,3.99,9.98,,3.99,3.99,8715700422510,HRANA
KAŠA INST PIR 500g MLINOTEST,90302729,MLINOTEST,0.50 kg,ko,2.25,4.5,,2.25,2.25,3831001824688,HRANA
VINO SAN STEFANO 0.75L,90308355,VINO TERAN SAN STEFANO,0.75 l,ko,16.89,22.52,,16.89,16.89,3858891983530,PIĆE
VINO GRAŠEVINA LECTUS 0.75L,90308730,LECTUS,0.75 l,ko,12.05,16.07,,12.05,12.05,3859893101793,PIĆE
DEO OLDSPICE ANITPERSP SPR ORIGINAL 150ml,90312078,OLD SPICE,0.15 l,ko,,24.93,3.74,4.99,4.99,4084500479784,KOZMETIKA
KIKIRIKI VEDRINI SUHOPRŽ SLANI 400g,90319318,VEDRINI,0.40 kg,ko,2.59,6.48,,2.59,2.59,3859890630876,HRANA
GIN GORDONS PINK 0.7L,90320401,GORDON'S,0.70 l,ko,21.99,31.41,,21.99,21.99,5000289929417,PIĆE
NAPITAK HIDRA ISO 0.5L,90325312,HIDRA,0.50 l,ko,1.25,2.5,,1.25,1.25,3850131005118,PIĆE
ČETKICA CURAPROX CS 1560 SOFT,90332145,CURAPROX,1.00 ko,ko,5.99,5.99,,5.99,5.99,7612412156003,KOZMETIKA
MJEŠAVINA ZA MUFFINE BEZ GLUTENA 340g DR.OETKER,90332408,DR OETKER,0.34 kg,ko,3.79,11.15,,3.79,3.79,5997381364201,HRANA
ROLL ON NIVEA B&W SILKY SMOOTH 50ml,90335130,NIVEA,0.05 l,ko,,83.8,4.19,4.19,4.19,42355663,KOZMETIKA
SUHI ŠAMPON SCHAUMA  CLEAN 150ml,90341530,SCHAUMA,0.15 l,ko,,19.93,2.99,2.99,2.99,9000101213980,KOZMETIKA
PASIRANA RAJČICA CHERRY 400 g MUTTI,90341741,MUTTI,0.40 kg,ko,2,5,,2,2,8005110022210,HRANA
MAJONEZA K PLUS 85g VREĆ,90341985,K PLUS,0.09 kg,ko,0.66,7.76,,0.66,0.66,3850334341426,HRANA
KOBASICA DOMAĆA DIMLJENA 300g VAK PIK,90319514,PIK,0.30 kg,ko,4.49,14.97,,4.49,4.49,3850139173512,HRANA
HRANA ZA VANJ PTICE HOBBY PROG 850g,90335202,VITAKRAFT,0.85 kg,ko,1.99,2.34,,1.99,1.99,3023610249888,PROIZVODI ZA KUĆANSTVO
RAKIJA ZLATNA DUNJA 40% 0.7L,90339544,ZLATNA,0.70 l,ko,19.95,28.5,,19.95,19.95,3870474000465,PIĆE
KREKER RIŽA CHIA & QUINOA 100g NATUREL,90342586,NATUREL,0.10 kg,ko,1.89,18.9,,1.89,1.89,3858889364419,HRANA
ČAJ EKO ARONIJA 100g DARVITALIS,90344416,DARVITALIS,0.10 kg,ko,3.95,39.5,,3.95,3.95,3858890830873,HRANA
VANISH LIQ PINK 1L,90362923,VANISH,1.00 l,ko,8.19,8.19,,6.55,8.19,5997321747743,SREDSTVA ZA ČIŠĆENJE
BADEM JEZGRA GARDEN GOOD 180g,90363749,GARDEN GOOD,0.18 kg,ko,,11.06,1.99,2.19,2.19,3838900957059,HRANA
ZAČIN BOSILJ SUŠENI POS. 14g VEGETA MAESTRO,90364217,VEGETA MAESTRO,0.01 kg,ko,1.79,127.86,,1.79,1.79,3850104294952,HRANA
VODKA VIGOR ORIGINAL 1L,90365094,VIGOR,1.00 l,ko,12.05,12.05,,12.05,12.05,3850112142993,PIĆE
OCAT BALZAMSKI 3gr 0.5L CREMONINI,90377230,CREMONINI,0.50 l,ko,4.5,9,,4.5,4.5,8033717731228,HRANA
FRISKIES MM GOVEDINA UMAK 85g,90381989,FRISKIES,0.09 kg,ko,0.59,6.94,,0.59,0.59,7613036964166,PROIZVODI ZA KUĆANSTVO
WC FROSCH GEL MENTA 750ml,90382856,FROSCH,0.75 l,ko,2.65,3.53,,1.85,2.65,4009175941701,SREDSTVA ZA ČIŠĆENJE
ZOB PLOČ JAGODA 90g MB,90391693,MA BAKER,0.09 kg,ko,1.79,19.89,,1.79,1.79,5034444101301,HRANA
VINO CHIANTI  DOCG 0.75l,90402328,ROSETTI,0.75 l,ko,8.69,11.59,,8.69,8.69,8027603005319,PIĆE
ARONIJA SUŠENA MLJEVENA 100g BOBO,90403932,BOBO,0.10 kg,ko,3.45,34.5,,3.45,3.45,3859893313332,HRANA
DET NILA MY HAPPY COLORS 900ml,90404622,NILA,0.90 l,ko,4.29,4.77,,4.29,4.29,3850105169518,SREDSTVA ZA ČIŠĆENJE
HOT DOG 2/1 140g MLINAR,90406414,MLINAR,0.14 kg,ko,1.35,9.64,,1.35,1.35,3858889893025,HRANA
PIŠMOLJ II ŽUVELA,90410153,ŽUVELA,1.00 kg,kg,2.59,2.59,,1.55,2.59,,HRANA
JEČAM 500g BIOZONE,90412765,BIO ZONE,0.50 kg,ko,1.99,3.98,,1.99,1.99,3838900841150,HRANA
KOKOT  PARANGAL RZ KOMIŽA,90428169,RZ KOMIŽA,1.00 kg,kg,19.99,19.99,,11.99,19.99,,HRANA
RAKIJA ŠLJIVOVICA JEDNA 0.5L,90432801,JEDNA,0.50 l,ko,21.29,42.58,,21.29,21.29,0745125703312,PIĆE
KRUH HELJDIN 450g PAK MLINAR,90485265,MLINAR,0.45 kg,ko,,3.76,1.69,1.69,1.69,3858889894008,HRANA
PJENUŠAC HUGO BLACK GRACIOSO 0.75l,90486313,HUGO,0.75 l,ko,3.25,4.33,,3.25,3.25,4002391382402,PIĆE
KEFIR 3.5%MM 1000G VINDIJA,90513935,Z BREGOV,1.00 kg,ko,2.55,2.55,,2.09,2.55,3850108037531,HRANA
PANCETA 100g PERAJICA,90514267,SUŠARA PERAJICA,0.10 kg,ko,4.09,40.9,,4.09,4.09,3857500112804,HRANA
BRUSCHETTE RAJČ/MASL/ORIG 140g MARETT,90553388,MARETTI,0.14 kg,ko,1.59,11.36,,1.59,1.59,3800205877547,HRANA
PAPRIKA PEČENA 395g MADRE NATURA,90568561,MADRE NATURA,0.40 kg,ko,3.39,8.58,,3.39,3.39,3859892918187,HRANA
BOMBON BARKLEYS CINNAMON&APPLE 50g,90569346,BARKLEYS,0.05 kg,ko,2.39,47.8,,2.12,2.12,8717438743349,HRANA
DŽEM EXTRA JAGODA 320g PODRAVKA,90572898,PODRAVKA,0.32 kg,ko,3.89,12.16,,3.89,3.89,3856020253073,HRANA
VL MARAMICE LUMPI AQUA 72/1,90573292,LUMPI,72.05 ko,ko,1.59,0.02,,1.59,1.59,3850334523303,TOALETNE POTREPŠTINE
TOM & JERRY STEAK KONZUM ,90573349,,1.00 kg,kg,14.49,14.49,,14.49,14.49,,HRANA
KOLAČ TULUMBA 400g KLAS,90574012,KLAS,0.40 kg,ko,3.78,9.45,,3.78,3.78,3870004030825,HRANA
SIRUP MARASKA BOROVNICA 1L,90587852,MARASKA,1.00 l,ko,2.99,2.99,,2.99,2.99,3850158105020,PIĆE
PATRONE GILL FUS PROGLIDE 8KOM,90598826,GILLETTE,8.00 ko,ko,43.39,5.42,,43.39,43.39,8700216066587,KOZMETIKA
SIR CACIOTTA S ČILIJEM I RUKOLOM 130g,90599004,Q CONCEPT,0.13 kg,ko,3.29,25.31,,3.29,3.29,5902431276083,HRANA
PANIRANI PILEĆI ODRESCI CEKIN 600g,90599100,CEKIN,0.60 kg,ko,7.89,13.15,,7.89,7.89,3850159141867,HRANA
ŠTAPIĆI BIORAZG JASMIN NATURE 100/1,90599176,JASMIN,100.00 ko,ko,1.35,0.01,,1.35,1.35,3838985889061,TOALETNE POTREPŠTINE
LIKER ANTIQUE PELINKOVAC 0.1L,90599431,BADEL 1862,0.10 l,ko,2.75,27.5,,2.75,2.75,3850112111814,PIĆE
PIVO HEINEKEN LIMENKA 4PACK 0.5L,90599933,HEINEKEN,2.00 l,ko,,2.7,5.39,5.39,6.15,3830001714715,PIĆE
PIĆE HARD SELT GRIN RASPB 0.5L LIM ,90608073,ZMAJSKA PIVOVARA,0.50 l,ko,2.05,4.1,,2.05,2.05,3859893414442,PIĆE
SLAD TORTERIE JOGURT BOROVNICA 500ml,90617900,TORTERIE MACARON,0.50 l,ko,7.89,15.78,,6.99,7.89,3859893855320,HRANA
NAPITAK ZOB 1.8% MASTI NOT MILK 1L ALPRO,90623451,ALPRO,1.00 l,ko,3.89,3.89,,3.89,3.89,5411188135005,HRANA
KEKS PLAZMA MINI ČOKO KEKS 45g,90668786,BAMBI,0.05 kg,ko,0.79,17.56,,0.79,0.79,8600043033557,HRANA
HIG UL VIOLETA AIR FIT NIGHT 10/1,90669550,VIOLETA,10.00 ko,ko,,0.15,1.46,1.46,1.86,3870128023628,TOALETNE POTREPŠTINE
RAKOVI SURIMI 175g VIČI,90674726,VIČI,0.18 kg,ko,3.45,19.71,,3.45,3.45,4770190146029,HRANA
INSTANT NES GOLD CREMA ST 190g,90698522,NESCAFE,0.19 kg,ko,,52.58,9.99,13.49,13.49,8445290503565,HRANA
INSTANT NES GOLD 95g NESTLE,90699127,NESCAFE,0.10 kg,ko,7.49,78.84,,7.49,7.49,8445290492722,HRANA
ZAČIN POVRĆE GRILL 30g VEGETA NATUR,90703021,VEGETA NATUR,0.03 kg,ko,1.19,39.67,,0.79,1.19,3856020247461,HRANA
PJENUŠAC FREIXENET ROSE EDRY 0.75L,90703400,FREIXENET,0.75 l,ko,11.99,15.99,,11.99,11.99,8410036001094,PIĆE
SRNA GULAŠ 450g NIMROD,90350676,NIMROD,0.45 kg,ko,8.63,19.18,,8.63,8.63,3830034366097,HRANA
DET JAR PINK YASMIN 900ml,90351034,JAR HDW,0.90 l,ko,4.69,5.21,,4.69,4.69,8001090975065,SREDSTVA ZA ČIŠĆENJE
JOGURT K PLUS ARETOS GRČKI 900g,90366041,K PLUS,0.90 kg,ko,,2.21,1.99,2.79,2.79,3850334117588,HRANA
KREMA EVEL DRAGOCJENA ULJA 50ml,90380339,EVELINE,0.05 l,ko,,59.2,2.96,3.95,3.95,5901761981650,KOZMETIKA
UŠATA SVJEŽA MEDUZA,90153911,MEDUZA,1.00 kg,kg,7.79,7.79,,4.67,7.79,,HRANA
PIVO PAN ZLATNI LIM 0.5 l 4 PACK,90166982,PAN,2.00 l,ko,5.15,2.58,,3.99,5.15,3858887580651,PIĆE
RIŽA ZP BEST BUY 800g VR ŽITO,90202870,ZLATO POLJE,0.80 kg,ko,2.59,3.24,,2.59,2.59,3838700540369,HRANA
ČAJ UVIN H 20*1.5G NATURAVITA,90212319,NATURAVITA,0.03 kg,ko,1.99,66.33,,1.99,1.99,3858884090641,HRANA
STICK OLDSP CITRON 50ml,90214527,OLD SPICE,0.05 l,ko,,74.8,3.74,4.99,4.99,8700216203654,KOZMETIKA
SOK 100% SUPERBOBICE JUICY 1L,90264403,JUICY,1.00 l,ko,2.79,2.79,,2.55,2.79,3858890976243,PIĆE
KUPKA FELCE AZZURRA CLASSIC 650ml,90301402,FELCE AZZURA,0.65 l,ko,4.85,7.46,,4.85,4.85,8001280068003,KOZMETIKA
SIR NAM PHILADELPHIA NATUR 175g,90302545,PHILADELPHIA,0.18 kg,ko,3.49,19.94,,3.49,3.49,7622300340285,HRANA
SOM SVJ ODREZAK PAK KONZUM,90306878,,1.00 kg,kg,9.99,9.99,,4.49,9.99,,HRANA
PRALINE RUM 280g KANDIT,90308683,KANDIT,0.28 kg,ko,3.69,13.18,,3.69,3.69,3858889866890,HRANA
VINO ROSE 0.75L ERDUT,90321212,ERDUTSKI VINOGRADI,0.75 l,ko,6.99,9.32,,6.05,6.99,3859889193177,PIĆE
LOSION SOLEA POSLIJE BRIJ D'AMARIS 100ml,90321420,SOLEA,0.10 l,ko,4.75,47.5,,4.75,4.75,7613107500118,KOZMETIKA
LIGNJA JAR MEDUZA,90330883,MEDUZA,1.00 kg,kg,16.49,16.49,,7.79,16.49,,HRANA
HIG UL ALWAYS ULT NOĆNI QUATTRO 28/1,90363652,ALWAYS P&G,28.00 ko,ko,5.57,0.2,,5.57,5.57,4015400489764,TOALETNE POTREPŠTINE
ZAČIN ZA ROŠTILJ 60g ALEVA,90380168,ALEVA,0.06 kg,ko,1.19,19.83,,1.19,1.19,8600947030577,HRANA
KUGLOF S JOGURTOM 400g GECCHELE,90385951,GECCHELE,0.40 kg,ko,3.59,8.98,,3.59,3.59,8015854021288,HRANA
BRISAČ STAKLA SUDOMAT,90388844,SUDOMAT,1.00 ko,ko,0.5,0.5,,0.5,0.5,3856007705885,PROIZVODI ZA KUĆANSTVO
NAMAZ HUMMUS CLASSIC DIV GARD 200g,90403851,DIVAN GARDEN,0.20 kg,ko,1.72,8.6,,1.72,1.72,3859893493188,HRANA
ACETO BALSAM SA TARTUF 250ml ZIGANTE,90404471,ZIGANTE,0.25 kg,ko,15.93,63.72,,15.93,15.93,3858891981291,HRANA
COCKTAIL GORBAT RTD LEMON 0.33L,90409928,GORBATSCHOW,0.33 l,ko,2.99,9.06,,2.99,2.99,4003310014800,PIĆE
MUESLI GRANOLA BOOM BOX ČOKOL 60g,90493489,BOOM BOX,0.06 kg,ko,0.99,16.5,,0.99,0.99,3858890477436,HRANA
ČAJ MANGO BRESKVA 50g PODRAVKA,90494812,PODRAVKA,0.05 kg,ko,2.85,57,,2.85,2.85,3856020249014,HRANA
DŽEMFIX 4:1 20g DR OETKER,90498326,DR OETKER,0.02 kg,ko,1.59,79.5,,1.59,1.59,5997381370936,HRANA
TIJESTO TROFIE 500g BARILLA,90572091,BARILLA,0.50 kg,ko,2.5,5,,2.5,2.5,8076809537711,HRANA
VINO VRANAC TERRA VINEA BIB 3L,90572114,TERRA VINEA,3.00 l,ko,,1.52,4.55,6.09,6.09,3850334520944,PIĆE
RAKIJA  WILLIAMS BADEL 0.7L,90573078,BADEL 1862,0.70 l,ko,21.05,30.07,,21.05,21.05,3850112123091,PIĆE
MLIJEKO TRAJNO 0.5%MM 1L DUKAT,90573680,DUKAT,0.50 l,ko,1.59,3.18,,1.59,1.59,3850354016816,HRANA
KOLAČ HURMAŠICE 500g KLAS,90574007,KLAS,0.50 kg,ko,3.71,7.42,,3.71,3.71,3870004030771,HRANA
KRUH SENDVIČ BIJELI 650g PAK KLARA,90598061,KLARA,0.65 kg,ko,1.65,2.54,,1.65,1.65,3856016906709,HRANA
ZAČIN PERŠIN VR 30g VEGETA MAESTRO,90599305,VEGETA MAESTRO,0.03 kg,ko,2.69,89.67,,2.69,2.69,3856020256265,HRANA
PARTY MAXI MIX CHIO 100g,90600071,CHIO,0.10 kg,ko,1.39,13.9,,1.39,1.39,4000522060915,HRANA
UMAK BOLOGNESE 300g PODRAVKA,90623014,PODRAVKA,0.30 kg,ko,3.49,11.63,,2.62,3.49,3856020257392,HRANA
KRUH KLARA RUSTIKA 500g NAR PAK KLARA,90632841,KLARA,0.50 kg,ko,2.09,4.18,,1.29,2.09,3856016906556,HRANA
SOK MACE JABUKA MRKVA 250ml,90642785,MACE,0.25 l,ko,1.89,7.56,,1.89,1.89,8032523373028,PIĆE
DET ARIEL COLOR 31 TAB ,90662800,ARIEL,31.00 ko,ko,10,0.32,,10,10,8001090726957,SREDSTVA ZA ČIŠĆENJE
MAHUNA ŽUTA 400g LEDO,90668455,LEDO,0.40 kg,ko,1.6,4,,1.6,1.6,3850116053226,HRANA
ŠAMPON SYOSS MEN POWER 750ml,90669368,SYOSS,0.75 l,ko,7,9.33,,7,7,9000101681062,KOZMETIKA
MJEŠAVINA HELJDA I BROKULA 350g,90669496,LEDO,0.35 kg,ko,2.99,8.55,,2.99,2.99,3850116057774,HRANA
TIJEST SVRDLA 400g LAURA,90669612,LAURA,0.40 kg,ko,2.15,5.38,,2.15,2.15,3859893592072,HRANA
WINTERA K PLUS NAREZAK 250g,90673086,K PLUS,0.25 kg,ko,3.59,14.36,,3.59,3.59,3850334019882,HRANA
ŠUM. TABL. KALCIJ 80g ACTIVE ZONE,90698014,ACTIVE ZONE,0.08 kg,ko,1.15,14.38,,1.15,1.15,3850334036124,HRANA
SIRUP K PLUS ŠUMSKO VOĆE 1L,90703453,K PLUS,1.00 l,ko,2.55,2.55,,2.55,2.55,3850334044198,PIĆE
OM LENOR OCEAN 925ml,90703477,LENOR,0.93 l,ko,3,3.24,,3,3,8006540909348,SREDSTVA ZA ČIŠĆENJE
KREMA BIOBAZA BOTANIKA GRAN GA 50ml,90704150,BIOBAZA,0.05 l,ko,,44.8,2.24,2.99,2.99,3856020912376,KOZMETIKA
SALAMA TR BOŠKARIN 80g HISTRIS,90704272,HISTRIS,0.08 kg,ko,3.69,46.13,,3.69,3.69,3859893167973,HRANA
DET OSJ VIOLETA BLACK 1.8L,90706012,VIOLETA,1.80 l,ko,6.89,3.83,,6.89,6.89,3870128035393,SREDSTVA ZA ČIŠĆENJE
GAZ PIĆE SCHWEPPES PINK TONIC 1L,90706198,SCHWEPPES,1.00 l,ko,1.79,1.79,,1.79,1.79,5449000307347,PIĆE
MASLINE KALAMATA SINGLE FARM 160g,90706519,ILIADA,0.16 kg,ko,3.99,24.94,,2.99,3.99,5201043105249,HRANA
NEKTAR FRUCTAL JAGODA 0.2L,90706520,FRUCTAL,0.20 l,ko,0.73,3.65,,0.67,0.73,3838945040990,PIĆE
PUDING PROTEIN KARAMELA 180g VINDIJA,90707824,VINDIJA,0.18 kg,ko,1.29,7.17,,1.09,1.29,3850108040890,HRANA
KAVA MINAS 175g ANAMARIA,90725320,ANAMARIA,0.18 kg,ko,3.29,18.8,,3.29,3.29,3858881775985,HRANA
VINO VENUS MUŠKAT HAMBURG 1L,90730189,ABD VINA,1.00 l,ko,5.45,5.45,,5.45,5.45,3859892866815,PIĆE
PASTA ČEŠNJAK TUBA 90g PODRAVKA,90730908,PODRAVKA,0.09 kg,ko,1.69,18.78,,1.29,1.69,3856020263539,HRANA
SALAMA PANCETTOSA 300g HISTRIS,90730967,HISTRIS,0.30 kg,ko,10.49,34.97,,10.49,10.49,3858895020071,HRANA
RAKIJA ŠAMAR 0.7L,90599553,ŠAMAR,0.70 l,ko,34.99,49.99,,34.99,34.99,8606106505658,PIĆE
DESERT KINDER BUENO T5 107.5g,90599939,FERRERO,0.11 kg,ko,2.49,23.16,,2.49,2.49,8000500383056,HRANA
MUESLI GRANOLA BOOM BOX DOUBLE ČOK 60g,90622928,BOOM BOX,0.06 kg,ko,0.99,16.5,,0.99,0.99,3858890478396,HRANA
VINO MERLOT SELEC. 0.75L ,90649245,VIZBA VALANDOVO,0.75 l,ko,5.35,7.13,,5.35,5.35,5310122001690,PIĆE
RAJČICA PASIRANA 690ml ROSSOGARGANO ,90670225,ROSSOGARGANO,0.69 l,ko,2.49,3.61,,2.49,2.49,8033837720720,HRANA
BOMBON HELF ORIGINAL VREĆ 80g,90673090,HELF,0.08 kg,ko,0.73,9.13,,0.73,0.73,8605073300068,HRANA
KRUH BIJELI 500g PAK KLARA,90675427,KLARA,0.50 kg,ko,1.15,2.3,,1.15,1.15,3856016906716,HRANA
SV BUT SK U KOŽI DAL OBR 12+ ,90682705,PIK VRBOVEC,1.00 kg,kg,5.31,5.31,,5.31,5.31,,HRANA
UMAK BBQ JALAPENO 345g,90703031,PODRAVKA,0.35 kg,ko,2.99,8.67,,1.99,2.99,3856020264383,HRANA
OM LENOR SUMMER BREEZE 850ml,90703514,LENOR,0.85 l,ko,2,2.35,,2,2,8006540890011,SREDSTVA ZA ČIŠĆENJE
BOJA PALETTE DELUXE 8-11 HL PL,90703663,PALETTE DELU,1.00 ko,ko,,4.79,4.79,4.79,4.79,9000101714579,KOZMETIKA
PJENUŠAC FREIXENET MERITUM 0.75L,90703745,FREIXENET,0.75 l,ko,17.99,23.99,,17.99,17.99,8410036801854,PIĆE
RAJČICA PASIR S BOSILJ ST 400g MUTTI,90704935,MUTTI,0.40 kg,ko,2.29,5.73,,2.29,2.29,8005110630439,HRANA
NAPITAK BADEM BŠ 1L VIVICOSI,90705103,VIVICOSI,1.00 l,ko,2.29,2.29,,2.29,2.29,8032625480471,HRANA
SARDINA S POVRĆ U UMAKU 100g/50g ,90705604,EVA,0.05 kg,ko,1.69,33.8,,1.69,1.69,3856020262587,HRANA
WHISKAS MM PD GOVEDINA 85g,90707519,WHISKAS,0.09 kg,ko,0.89,10.37,,0.89,0.89,5900951302572,PROIZVODI ZA KUĆANSTVO
LAK GOT2BE GLUE BLAST FREEZE 300ml,90730357,GOT2B,0.30 l,ko,,18.97,5.69,7.99,7.99,9000101290875,KOZMETIKA
PJENUŠAC CHANDON GARDEN SPRITZ 0.75L,90731782,CHANDON,0.75 l,ko,22.05,29.4,,22.05,22.05,7790975197456,PIĆE
ČAJ IMUNO 20/1 50g PODRAVKA,90733263,PODRAVKA,0.05 kg,ko,2.85,57,,2.85,2.85,3838700168181,HRANA
VOLI VOLI SM MIX PIL GOV 2KG,90733561,VOLI VOLI,2.00 kg,ko,4.79,2.4,,4.79,4.79,3859893822735,PROIZVODI ZA KUĆANSTVO
TIJESTO REZANCI ZA JUHU 250g KLARA MARIĆ,90770047,KLARA M,0.25 kg,ko,2.39,9.56,,2.39,2.39,3859888499898,HRANA
MLJEVENO BEYOND 250 g,90800893,BEYOND MEAT,0.25 kg,ko,5.99,23.96,,5.99,5.99,1230000116480,HRANA
ČOK ZA KUHANJE TAMNA 50% 200g ZAINI,90819931,ZAINI,0.20 kg,ko,3.99,19.95,,3.99,3.99,8004735020861,HRANA
VINO ROSE ŠOŠKIĆ 0.75 L,90824788,ŠOŠKIĆ,0.75 l,ko,15.05,20.07,,15.05,15.05,3859893712012,PIĆE
DET DASH LAVANDER 31TAB,90705829,DASH,31.00 ko,ko,19.59,0.63,,19.59,19.59,8006540991589,SREDSTVA ZA ČIŠĆENJE
ČIPS LAY'S  SLANI 130g,90706000,PEPSICO,0.13 kg,ko,2.19,16.85,,1.89,1.89,5900259127600,HRANA
DET ARIEL SENSITIVE 31TAB,90706107,ARIEL,31.00 ko,ko,10,0.32,,10,10,8006540946053,SREDSTVA ZA ČIŠĆENJE
UMAK PESTO MASL&CHIL 130g RIO M,90706353,RIO MARE,0.13 kg,ko,4.49,34.54,,4.49,4.49,8004030506114,HRANA
VODA IZVOR JANA KOKOS 0.5L,90706881,JANA,0.50 l,ko,1.25,2.5,,1.25,1.25,3858890879889,PIĆE
PROTEIN PRO WHEY MILK CHOCOLATE 908g,90707816,PROSERIES,0.91 kg,ko,28.99,31.93,,28.99,28.99,3856026800561,HRANA
SIR MEKI CAMMEMBERT DELISO 125g,90712738,DELISO,0.13 kg,ko,1.85,14.8,,1.85,1.85,3838900826584,HRANA
DŽEM VIŠNJA DIDA BOŽA 690g ,90713308,DIDA BOŽA,0.69 kg,ko,5.71,8.28,,3.99,5.71,3859894111050,HRANA
PIRE VOĆ. JAB.ANAN.KOK 180g NUTRINO LAB,90714844,NUTRINO LAB,0.18 kg,ko,2.25,12.5,,2.25,2.25,8606019651909,HRANA
MLIJ NAM S POVRĆEM K PLUS 70g,90724745,K PLUS,0.07 kg,ko,,6.43,0.45,0.45,0.55,3850334063205,HRANA
OM LENOR LA DESIRABLE 925ml,90731343,LENOR,0.93 l,ko,3,3.24,,3,3,8700216162722,SREDSTVA ZA ČIŠĆENJE
PEČENICA DALMATIN NAR 80g VOŠTANE,90732189,VOŠTANE,0.08 kg,ko,2.99,37.38,,2.99,2.99,3858889493171,HRANA
PROTEIN 1ST WHEY 2.27kg WHITE CHOCO,90734696,POLLEO,2.27 kg,ko,69.99,30.83,,69.99,69.99,3856026803715,HRANA
FAŠIRANCI MESO SVINJ 500g ABBELEN,90734811,ABBELEN,0.50 kg,ko,3.89,7.78,,3.89,3.89,4132500003215,HRANA
PLOČICA ENER PROT KAKAO 45g RAW BITE,90735058,RAW BITE,0.05 kg,ko,2.59,57.56,,2.59,2.59,5712840020128,HRANA
GRAH POVRTNI MINUTE 400g,90735135,MINUTE,0.40 kg,ko,2.69,6.73,,2.69,2.69,3850334070302,HRANA
KAKAO LUMPI BOX 800g,90739664,LUMPI,0.80 kg,ko,4.49,5.61,,4.49,4.49,3850334072498,HRANA
ŠAMPON AFR KAM BIOTIN 950ml,90744837,AFRODITA,0.95 l,ko,5.59,5.88,,5.59,5.59,3831070661634,KOZMETIKA
KAVA MACCHIATO DG VANILLA 10/1 140 g BARCAFFE,90750409,BARCAFFE,0.14 kg,ko,3.98,28.43,,3.98,3.98,3838471053709,HRANA
ČAJ KAMIL MALINA BEESTRO 20/1 50g FRANCK,90750531,FRANCK,0.05 kg,ko,3.29,65.8,,3.29,3.29,3850291055183,HRANA
SALV PALOMA RABBITS 33X33 3SL 20/1,90750534,PALOMA,1.00 ko,ko,1.69,1.69,,1.35,2.29,3838952035194,PROIZVODI ZA KUĆANSTVO
DŽEM EXTRA VIŠNJA DOORA 350 g,90750658,DOORA,0.35 kg,ko,3.59,10.26,,3.59,3.59,3858894540563,HRANA
MUESLI FUN&FIT CLASSIC 250 g,90750665,FUN&FIT,0.25 kg,ko,1.99,7.9,,1.99,1.99,8600102741553,HRANA
KAVA BEZ KOF NS 10/1 50 g HAUSBRANDT,90750668,HAUSBRANDT,0.05 kg,ko,3.99,79.8,,3.99,3.99,8006980279056,HRANA
VINO SLATKI REFOŠK KOPER 0.75L,90759786,VINA KOPER,0.75 l,ko,10.29,13.72,,10.29,10.29,3830000705592,PIĆE
VINO MALVAZIJA FAKIN VRH 0.75L,90764771,FAKIN,0.75 l,ko,17.05,22.73,,17.05,17.05,3859893565007,PIĆE
ĐUVEČ 690 g PODRAVKA,90765177,PODRAVKA,0.69 kg,ko,3.49,5.06,,3.49,3.49,3856020221393,HRANA
LIKER OD LJEŠNJAKA AVELLANA 0.7L,90769674,AVELLANA,0.70 l,ko,12.55,17.93,,12.55,12.55,3859889132312,PIĆE
LAN SJEMENKE VEDRINI 200 g,90769752,VEDRINI,0.20 kg,ko,0.69,3.45,,0.69,0.69,3859890630999,HRANA
BRAŠNO NAMJ TANKA TIJ T-700 1kg ČAK,04034281,ČAK MLINOVI,1.00 kg,ko,1.52,1.52,,1.19,1.52,3858884172576,HRANA
TIJESTO FUŽI 500g KLARA M,04050515,KLARA M,0.50 kg,ko,4.69,9.38,,3.28,4.69,3859888499874,HRANA
TIJESTO PERLINE 24 500g PASTA ZARA,04050729,PASTA ZARA,0.50 kg,ko,1.59,3.18,,0.89,1.59,8004350130242,HRANA
RIŽA ZL POLJE ZA DOM JELA 1kg KUT,04060006,ZLATO POLJE,1.00 kg,ko,3.39,3.39,,1.99,3.39,3838700540291,HRANA
RIŽA ZL POLJE ST ANDREA 500G KUT,04060215,ZLATO POLJE,0.50 kg,ko,2.59,5.18,,1.81,2.59,3838700540482,HRANA
INSTANT NES CL 100g LIM NESTLE,04070018,NESCAFE,0.10 kg,ko,5.69,56.9,,5.69,5.69,7891000255049,HRANA
KAVA MINAS MLJEV 500g ANAMARIA,04070134,ANAMARIA,0.50 kg,ko,7.79,15.58,,7.79,7.79,3858881770034,HRANA
ČAJ CRNI CEYLON 20X2g AHMAD,04092714,AHMAD,0.04 kg,ko,3.45,86.25,,3.45,3.45,054881005630,HRANA
MJEŠ MEDITERANSKA 40g MLIN  KOTANY,04100910,KOTANYI,0.04 kg,ko,3.98,99.5,,3.98,3.98,9001414541371,HRANA
PAPRIKA TUCANA 50g ŠAFRAM,04101008,ŠAFRAM,0.05 kg,ko,1.13,22.6,,1.13,1.13,3859888163287,HRANA
PERŠIN 8g VR NADALINA,04101275,NADALINA,0.01 kg,ko,0.89,111.25,,0.89,0.89,3858881580299,HRANA
SOL SA SMANJ UDJEL NATRIJA 250g,04110050,SOLANA PAG,0.25 kg,ko,2.05,8.2,,2.05,2.05,3859888155701,HRANA
ŠEĆER SMEĐI 750g RIO PAK,04129012,RIO PAK,0.75 kg,ko,1.79,2.39,,1.79,1.79,3859888279698,HRANA
KREKER INTEGRALNI 250g CRICH,04140821,CRICH,0.25 kg,ko,2.39,9.56,,2.39,2.39,8008620009337,HRANA
KEKS ZOB JOGURT BEZ ŠEĆ 400g MISURA,04141167,MISURA,0.40 kg,ko,3.85,9.63,,3.85,3.85,8002590043544,HRANA
VAFL JADRO 200g KAROLINA,04151050,JADRO,0.20 kg,ko,1.75,8.75,,1.75,1.75,3850102522484,HRANA
BISKVIT BARNI MILK 30g,04151404,BARNI,0.03 kg,ko,0.85,28.33,,0.85,0.85,5906747318345,HRANA
VAFL NAPOLITANKA NOUGAT 420g KRAŠ,04152516,KRAŠ,0.42 kg,ko,,5.45,2.29,2.29,3.19,3850102326174,HRANA
KAŠ INST LJEŠNJAK ČOKOLINO 1kg,04170059,LINO,1.00 kg,ko,8.49,8.49,,6.49,8.49,3850104017476,HRANA
MLIJEKO ZAMJ BEBIMIL JUNIOR 500g,04172619,BEBIMIL,0.50 kg,ko,8.95,17.9,,8.95,8.95,9007253000017,HRANA
PUDING VANILIJA BOURBON 37g PODRAVKA,04180936,DOLCELA,0.04 kg,ko,0.99,26.76,,0.99,0.99,3850104249471,HRANA
ŠLAG KREMA ČOKOL 60G 2+1GRAT DOLCEL,04183379,DOLCELA,0.12 kg,ko,2.98,24.83,,2.18,2.18,3850104219320,HRANA
ULTRAMAX KANTA S CJEDILOM,05511098,VILEDA,1.00 ko,ko,19.99,19.99,,19.99,19.99,4023103201415,PROIZVODI ZA KUĆANSTVO
MARAMICE K PLUS OLEA NORM 25/1,06500237,OLEA,25.00 ko,ko,0.99,0.04,,0.99,0.99,3850334520142,KOZMETIKA
DN UL CAREFREE LARGE 48/1,06500281,CAREFREE,48.01 ko,ko,,0.06,2.67,3.35,3.35,3574661487618,TOALETNE POTREPŠTINE
DN UL LIBRESSE EXTRA LONG 28/1,06506244,LIBRESSE,28.00 ko,ko,1.95,0.07,,1.95,1.95,7310791255255,TOALETNE POTREPŠTINE
SAPUN TEK K PLUS OLEA CO/VA 500ml,06510032,OLEA,0.50 l,ko,1.45,2.9,,1.45,1.45,3850334567451,KOZMETIKA
ŠAMPON ELSEVE COLOR VIV 250ml 0869,06520385,LOREAL ELSEVE,0.25 l,ko,,13.16,3.29,3.85,4.39,3600523327713,KOZMETIKA
LAK ELEGANCE 500ML      4306,06541042,ELEGANCE,0.50 l,ko,4.39,8.78,,4.39,4.39,8008423114306,KOZMETIKA
ULJE OLIVAL ZA KOSU ČIČKOVO 60ML,06541958,OLIVAL,0.06 l,ko,4.99,83.17,,4.99,4.99,3859892751999,KOZMETIKA
ROLL ON GARNIER EXTREM M 50ml,06550537,GARNIER,0.05 l,ko,,73.8,3.69,4.49,4.99,3600540893154,KOZMETIKA
GEL NIVEA SENSITIVE 200ML 7405,06561992,NIVEA,0.20 l,ko,7.59,37.95,,5.69,7.59,4005808265312,KOZMETIKA
ŽELIN 75g PODRAVKA,90039512,DOLCELA,0.08 kg,ko,2.59,34.52,,2.59,2.59,3850104259333,HRANA
ČOKOLADNO JAJE KIND IZNENAĐ LEI  20g,90045345,FERRERO,0.02 kg,ko,1.49,74.5,,1.49,1.49,54088191,HRANA
ZAČIN CHILI PAPRIČ 8G VREĆ KOTANY,90045425,KOTANYI,0.01 kg,ko,1.59,198.75,,1.46,1.59,9001414311516,HRANA
GURMANSKA KOBASICA SA SIROM 600g PIK,90061973,PIK VRBOVEC,0.60 kg,ko,5.49,9.15,,3.84,5.49,3850139435191,HRANA
RIŽIN PAPIR 134g BLUE DRAGON,90069101,BLUE DRAGON,0.13 kg,ko,4.69,35,,4.69,4.69,5010338015817,HRANA
KAŠA ZOB ČOK 4X65g DOBRA,90073925,DOBRA,0.26 kg,ko,3.25,12.5,,2.29,2.29,8595054901110,HRANA
VINO ROSE DIKA 0.75L,90097834,DIKA,0.75 l,ko,6.75,8.98,,6.75,6.75,3859892201197,PIĆE
ŽITARICE SPORTINA ENCIAN 375g     ,90105964,ENCIAN,0.37 kg,ko,3.59,9.59,,3.59,3.59,5907731602068,HRANA
ČAJ VRKUTA BILJKA AGRIST 100g,90147248,AGRISTAR,0.10 kg,ko,3.49,34.9,,3.49,3.49,3858886500780,HRANA
JOGURT K PLUS ČVRSTI 180G 3.2%,90182930,K PLUS,0.18 kg,ko,0.37,2.06,,0.37,0.37,3850334388131,HRANA
SPICY TUNA ROLL 199G GRUPO OHANA,90184063,AS SUSHI,0.20 kg,ko,7.28,36.58,,7.28,7.28,0604580001220,HRANA
SUSHI TRIO 310G GRUPO OHANA,90184072,AS SUSHI,0.31 kg,ko,7.55,24.35,,7.55,7.55,0604580001510,HRANA
VEGETARIAN ROLL 226G GRUPO OHANA,90184656,AS SUSHI,0.23 kg,ko,5.96,26.37,,5.96,5.96,0604580001763,HRANA
SLAD KORNET MAXIMO MAL CAKE 160ML LEDO,90215110,KING,0.16 l,ko,2.69,16.81,,2.69,2.69,3850116105710,HRANA
SOMAT DEO PEARLS LEMON ORANGE 17g,90230603,SOMAT,0.02 kg,ko,,174.99,2.99,2.99,2.99,9000101000436,SREDSTVA ZA ČIŠĆENJE
KAŠA ZOB ŠUM VOĆE 65g DOBRA,90231275,DOBRA,0.07 kg,ko,0.99,15.23,,0.99,0.99,8595054904302,HRANA
NAMAZ VOĆ MAREL EKO 250g FIOR,90251845,FIOR DI FRUTTA,0.25 kg,ko,4.29,17.16,,4.29,4.29,8001505004113,HRANA
ČETKA POD DRŠKA DAX,90276257,DAX,1.00 ko,ko,3.32,3.32,,3.32,3.32,3850334599674,PROIZVODI ZA KUĆANSTVO
MARELICA 500 grama,90290719,,0.50 ko,ko,3.29,6.58,,1.99,3.49,3858885879962,HRANA
PISTACIJA SLANA 150g NATURA,90301918,NATURA,0.15 kg,ko,4.89,32.6,,3.42,4.89,3859892798826,HRANA
BUĆINE GOLICE 150g NATURA,90301925,NATURA,0.15 kg,ko,2.65,17.67,,1.85,2.65,3859892798796,HRANA
BRIJAČ Ž GILL VENUS     2693,06633036,VENUS,1.00 ko,ko,,8.07,8.07,7.99,7.99,3014260262693,KOZMETIKA
ČISTAČ KER PLOČ SPREJ DR BECK 250ml,08031104,BECKMANN,0.25 l,ko,3.85,15.4,,2.69,3.85,4008455601915,SREDSTVA ZA ČIŠĆENJE
MENTA SVJEŽA ZB BIO,90035608,KORA,0.13 kg,ko,,9.52,1.19,1.09,1.69,3856028677772,HRANA
PAŠTETA OD TUNE 95g ARGETA,90047225,ARGETA,0.10 kg,ko,1.99,20.95,,1.69,1.99,3838975567061,HRANA
BOJA SYOSS OLEO 9-10 SVJ PLAVA,90059999,SYOSS OLEO,1.00 ko,ko,,6.49,6.49,6.49,7.99,9000100814379,KOZMETIKA
KRUH PROTEINSKI 250g MASTER,90081444,MASTERMACHER,0.25 kg,ko,3.29,13.16,,1.99,3.29,4000446011376,HRANA
NEG PIĆE FIS NARANČA 2L,90082618,FIS,2.00 l,ko,1.89,0.95,,1.39,1.89,3850108072846,PIĆE
PIVO KOZEL DARK LIM 0.5L,90232970,ASAHI,0.50 l,ko,1.59,3.18,,1.59,1.59,8594404008042,PIĆE
CIF LEMON 500ML UN SRED 0753,08034496,CIF,0.50 l,ko,2.49,4.98,,2.49,2.49,8712561552776,SREDSTVA ZA ČIŠĆENJE
SABLJARKA FILET MEDUZA,90029597,,1.00 kg,kg,19.59,19.59,,11.75,19.59,,HRANA
GOURMET GOLD MM PILETI LOSO 85G,90052113,GOURMET,0.09 kg,ko,0.89,10.47,,0.69,0.89,7613032815318,PROIZVODI ZA KUĆANSTVO
TJESTENINA MIE NOODLES 250g GO-TAN,90059159,GO-TAN,0.25 kg,ko,2.89,11.56,,2.89,2.89,8710605091984,HRANA
DESERT SNICKERS CLASSIC 50g,90059597,MARS,0.05 kg,ko,1.09,21.8,,0.87,1.09,5900951311505,HRANA
KEKS ČAJNI KOLUTIĆI 700g KOESTLIN,90061673,KOESTLIN,0.70 kg,ko,3.89,5.56,,3.89,3.89,3856014111976,HRANA
PAHULJICE LION NESTLE 400g,90062028,NESTLE ŽITAR,0.40 kg,ko,4.49,11.23,,3.39,4.29,5900020019530,HRANA
PIVO PAN TAMNI  0.5 L PB,90071516,PAN,0.50 l,ko,1.25,2.5,,1.25,1.25,3858887581641,PIĆE
AMUR ODR PP ORAH,90071778,,1.00 kg,kg,8.09,8.09,,4.85,8.09,3858889832680,HRANA
ZUBATAC 400-600 g CROMARIS,90079137,,1.00 kg,kg,29.99,29.99,,11.99,29.99,3858893580171,HRANA
ONE SM INDOOR PURETINA 800G,90082297,ONE,0.80 kg,ko,5.69,7.11,,3.99,5.69,7613035468047,PROIZVODI ZA KUĆANSTVO
NAPITAK KOKOS RIŽA 1L ALPRO,90093684,ALPRO,1.00 l,ko,3.79,3.79,,3.79,3.79,5411188116592,HRANA
PAŠTETA KOKOŠJA JUNIOR ARGETA 3X95g,90108930,ARGETA,0.29 kg,ko,3.99,14,,3.99,3.99,3838471013185,HRANA
NEKTAR NARANČA FRUCTAL CLASS 1L,90142201,FRUCTAL,1.00 l,ko,,1.49,1.49,1.39,1.99,3838945029216,PIĆE
NEGAZ PIĆE BOROVNICA FRUCTAL CLASS 1L,90142233,FRUCTAL,1.00 l,ko,,1.49,1.49,1.39,1.89,3838945029254,PIĆE
PAGAR 1-2 KG MEDUZA,90154819,,1.00 kg,kg,25.09,25.09,,15.04,25.09,,HRANA
VOĆNI NAMAZ MARELICA 500G PODRAVKA,90157661,PODRAVKA,0.50 kg,ko,2.99,5.98,,2.99,2.99,3850104273520,HRANA
DŽEM OD DIVLJE BOROVN BAK TAJ 375G,90158030,BAKINA TAJNA,0.38 kg,ko,5.09,13.57,,5.09,5.09,8606102785047,HRANA
POSLAS DOG STICKIES GOVEDIN 4X11G VK,90161915,VITAKRAFT,0.04 kg,ko,1.99,45.23,,1.99,1.99,4008239289155,PROIZVODI ZA KUĆANSTVO
MLIJEKO AMBRE SOLAIRE ZF50 200ml,90166377,GARNIER AMBRE SOLAIR,0.20 l,ko,18.99,94.95,,18.99,18.99,3600541624245,KOZMETIKA
PIVO OŽUJSKO LIMUN 2L,90174181,OŽUJSKO,2.00 l,ko,3.75,1.88,,3.75,3.75,3850131004012,PIĆE
NEGAZIRANO PIĆE MULTI B+C+E 2 L,90181029,VINDI,2.00 l,ko,,1,1.99,1.99,2.49,3850108072792,PIĆE
VL MAR LUMPI SOFT 4X80/1,90184815,LUMPI,319.49 ko,ko,4.39,0.01,,4.39,4.39,3850334563972,TOALETNE POTREPŠTINE
WASABI 28g GRUPO OHANA,90185208,AS SUSHI,0.03 kg,ko,1.71,61.07,,1.71,1.71,0604580001305,HRANA
MASLINE MIJEŠANE MARINIRANE 300G,90187333,GAEA,0.18 kg,ko,4.29,24.51,,4.29,4.29,5201671000541,HRANA
TP VIOLETA PURE&STRONG 10/1 3SL,90188389,VIOLETA,10.00 ko,ko,2.99,0.3,,2.99,2.99,3859892288761,TOALETNE POTREPŠTINE
TOFU GRILL EKO 200g ANNAPURNA,90188675,ANNAPURNA,0.20 kg,ko,2.99,14.95,,2.99,2.99,3859890343424,HRANA
ČAJ STOLISNIK EKO 40g DARVITALIS,90203126,DARVITALIS,0.04 kg,ko,3.95,98.75,,3.95,3.95,3858890830422,HRANA
CHOCO BANANA ORIGINAL MINI 120g,90207929,KANDIT,0.12 kg,ko,1.59,13.25,,1.59,1.59,3858889862939,HRANA
DET JAR TEATREE&MINT 1.35ML,90232445,JAR HDW,1.35 l,ko,6.59,4.88,,6.59,6.59,8001090621887,SREDSTVA ZA ČIŠĆENJE
HIG UL OLEA NORMAL DUO 28/1,90249956,OLEA,28.00 ko,ko,2.16,0.08,,2.16,2.16,3850334579577,TOALETNE POTREPŠTINE
NAPITAK MONSTER ENERGY ULTRA 0.5l,90249984,MONSTER,0.50 l,ko,1.95,3.9,,1.95,1.95,5060337500104,PIĆE
DESERT CORNY BIG BROWNIE 50G,90260633,SCHWARTAU,0.05 kg,ko,1.19,23.8,,1.19,1.19,4011800585518,HRANA
SIRNICA PAK 400g MLINAR,90290218,MLINAR,0.40 kg,ko,2.49,6.23,,1.99,2.49,3858881127913,HRANA
STEVIA S ERIITRITOLOM VREĆ 60g GREEN LAB,90344518,GREEN LAB,0.06 kg,ko,3.98,66.33,,3.98,3.98,3859892472481,HRANA
ONE SP MINI WEIGHT CONT. PUR RIŽA 800g,90361602,ONE,0.80 kg,ko,5.49,6.86,,5.49,5.49,7613034146762,PROIZVODI ZA KUĆANSTVO
REGEN ELSEVE DREAM LONG 200ml,90362102,LOREAL ELSEVE,0.20 l,ko,,16.75,3.35,3.59,4.49,3600523756193,KOZMETIKA
MORTADELA STELLA NAR 100g NEGRONI,90362499,NEGRONI,0.10 kg,ko,2.19,21.9,,2.19,2.19,8028257011473,HRANA
DESERT KINDER HAPPY HIPPO COCO T5 103.5g,90364378,FERRERO,0.10 kg,ko,2.79,26.96,,2.79,2.79,8000500023624,HRANA
SPUŽVA TRENDY 10/1,90364702,REKORD TIM,10.00 ko,ko,2.25,0.23,,2.25,2.25,3859888122789,PROIZVODI ZA KUĆANSTVO
DET LIKVI ULTRA HYGIENIC 900ml,90369965,LIKVI,0.90 l,ko,2.52,2.8,,1.89,2.52,3850105170460,SREDSTVA ZA ČIŠĆENJE
PRALINE I LOVE MILKA JAGODA 110g,90377733,MILKA,0.11 kg,ko,4.99,45.36,,3.74,4.99,7622210598691,HRANA
ZAČIN ČEŠNJAK POSIP 55g VEG MAESTRO,90381045,VEGETA MAESTRO,0.06 kg,ko,2.59,47.09,,2.59,2.59,3856020233143,HRANA
PRŠUT DALM NAR 100g BARIĆ,90400848,BARIĆ,0.10 kg,ko,3.69,36.9,,3.69,3.69,3859892323097,HRANA
PRAŠAK ZA PECIVO 60g 5X12g SWEET CHEF,90406547,SWEET CHEF,0.06 kg,ko,0.49,8.17,,0.49,0.49,3850334197665,HRANA
PAŠTETA JETRENA 50g  GAVRILOVIĆ,02164106,GAVRILOVIĆ,0.05 kg,ko,1.09,21.8,,1.09,1.09,3858881220072,HRANA
SOMUN 200g MLINAR,04015209,MLINAR,0.20 kg,ko,0.8,4,,0.8,0.8,3858881121089,HRANA
DESERT CORNY ČOKO/BANANA 6X25,04210085,SCHWARTAU,0.15 kg,ko,2.89,19.27,,2.89,2.89,4011800520427,HRANA
OSVJ COCCOLINO MIRISNE VREČICE,08020186,COCCOLINO,1.00 ko,ko,3.99,3.99,,3.99,3.99,8000660310282,SREDSTVA ZA ČIŠĆENJE
RUČNIK VIOLETA PICNIC 2/1 3SL,90035681,VIOLETA,2.00 ko,ko,2.52,1.26,,1.59,2.52,3859892288488,PROIZVODI ZA KUĆANSTVO
VISKI J WALKER RL 0.7L,90050454,JOHNNIE WALKER,0.70 l,ko,18.59,26.56,,13.49,18.59,5000267014203,PIĆE
FRISKIES SM STERILE 300g,90051689,FRISKIES,0.30 kg,ko,2.29,7.63,,1.59,2.29,7613033000225,PROIZVODI ZA KUĆANSTVO
VINO KAPISTRAN CRNI 1L ILOČKI PODR,90055262,ILOČKI PODRUMI,1.00 l,ko,6.35,6.35,,6.35,6.35,3859892149253,PIĆE
FILET LOSOSA MEDUZA,90080059,,1.00 kg,kg,16.79,16.79,,10.07,16.79,,HRANA
RAFFAELLO PIATTA 260g,90087739,FERRERO,0.26 kg,ko,6.19,23.81,,6.19,6.19,4008400180724,HRANA
PERECI K PLUS HRUSTY SLANI 220G,90090569,HRUSTY,0.22 kg,ko,0.79,3.59,,0.65,0.79,3850334385659,HRANA
SLAD CARTE D'OR VANILIJA 1L,90116057,ALGIDA CD OR,1.00 l,ko,7.99,7.99,,7.99,7.99,8722700127796,HRANA
KAŠ LINO JAB ŠLJIVA 190G,90184203,LINO,0.19 kg,ko,1.59,8.37,,1.59,1.59,3850104280023,HRANA
KAVA CREMA MLJEVENA 175G,90187263,FRANCK CREMA,0.18 kg,ko,4.39,25.07,,4.39,4.39,3858881087637,HRANA
WHISKAS SM STERIL PIL 1.4KG,90219246,WHISKAS,1.40 kg,ko,8.99,6.42,,7.09,7.09,5900951259180,PROIZVODI ZA KUĆANSTVO
CIDER STARI LISAC 0.5L PB,90273227,STARI LISAC,0.50 l,ko,1.19,2.38,,1.19,1.19,3850103003494,PIĆE
CRISPY ŠKOLICA 600g VINDIJA,90298112,CEKIN,0.60 kg,ko,7.69,12.82,,5.99,7.69,3850159141928,HRANA
VINO MERLOT 0.187L VINA LAGUNA,90311430,LAGUNA,0.19 l,ko,2.29,12.25,,2.29,2.29,3858881192683,PIĆE
HRENOVKA POLI COCKTAIL 330g PERUTNINA,90316862,POLI,0.33 kg,ko,2.25,6.82,,1.91,1.91,3850220153942,HRANA
VINO GOLUBICA GRAŠEVINA 0.75L,90320198,GOLUBICA,0.75 l,ko,4.05,5.4,,4.05,4.05,3858882616690,PIĆE
PIVO NEKTAR 0.5L LIMENKA,90335196,NEKTAR,0.50 l,ko,1.25,2.5,,1.25,1.25,3871137000068,PIĆE
ČAJ BIJELI BRESKVA 25/1 34.75g JULIUS M,90339430,JULIUS MEINL,0.03 kg,ko,4.19,123.24,,4.19,4.19,9000403957018,HRANA
PROTEIN 1ST WHEY 30.4g SACHET VANILLA,90346470,POLLEO,0.03 kg,ko,1.99,65.46,,1.99,1.99,3858892293287,HRANA
ČOKOLADA TAM SA CRNIM TARTUF 60g ZIGANTE,90350567,ZIGANTE,0.06 kg,ko,7.96,132.67,,7.96,7.96,3858891980584,HRANA
GAZ PIĆE FANTA ORANGE ZERO 0.5L PET,90361106,FANTA,0.50 l,ko,1.15,2.3,,1.15,1.15,5449000139382,PIĆE
STUDENTSKI MIX GARD GOOD SLANI 180g,90363779,GARDEN GOOD,0.18 kg,ko,1.89,10.5,,1.29,1.79,3838900958568,HRANA
PITA PRHKA 450g K PLUS,90366019,K PLUS,0.45 kg,ko,3.98,8.84,,3.98,3.98,3850334189493,HRANA
KVASAC SUHI 35G 5X7g SWEET CHEF,90403898,SWEET CHEF,0.04 kg,ko,0.8,22.86,,0.8,0.8,3850334203052,HRANA
VINO OD JAGODE 0.5L BOBO,90403985,BOBO,0.50 l,ko,6.99,13.98,,6.99,6.99,3859893313318,PIĆE
HELJDINO BRAŠNO INTEGRALNO 1kg  MLIN PUKANIC,90404100,MLIN PUKANIĆ,1.00 kg,ko,3.69,3.69,,3.69,3.69,3859892888213,HRANA
RUČNIK PAP PALOMA MULTIFUN MONOROLA 2SL 1/1,90407744,PALOMA,1.00 ko,ko,2,2,,2,2,3838952027502,PROIZVODI ZA KUĆANSTVO
SENDVIČ PANE AMORE TUNA PAPRIK 140G,90409399,PANE AMORE,0.14 kg,ko,2.79,19.93,,2.79,2.79,8020693230036,HRANA
JUHA RAMEN PILETINA 63g AJINOMOTO,90412630,AJINOMOTO,0.06 kg,ko,1.69,26.83,,1.69,1.69,5901384500627,HRANA
HIG POKRIVKA ZA WC DASKU 6/1,90424546,,6.00 ko,ko,0.3,0.05,,0.3,0.3,5902704992603,TOALETNE POTREPŠTINE
 DODATAK JELIMA S POVRĆEM 500g SPICE CHEF,90424563,SPICE CHEF,0.50 kg,ko,1.19,2.38,,1.19,1.19,3850334235466,HRANA
TJESTENINA S 4 VRSTE SIRA 160g MINUTE,90424679,MINUTE,0.16 kg,ko,1.69,10.56,,1.29,1.69,3850334237248,HRANA
ŠAMPON SYOSS CURLS 440ml,90424974,SYOSS,0.44 l,ko,,10.2,4.49,4.49,4.49,9000101277517,KOZMETIKA
TEL LEĐA DOMAĆA SK BEZ BIFTEKA ,90453824,MARTINJAK,1.00 kg,kg,11.99,11.99,,11.99,11.99,3859893702747,HRANA
JELO U ČAŠI TERIYAKI PILETINA 96g AJINOMOTO,90483192,AJINOMOTO,0.10 kg,ko,1.89,19.69,,1.89,1.89,5901384503642,HRANA
JOGURT TEK ACTIVE ZONE 0.5 % M.M. 1kg,90494729,ACTIVE ZONE,1.00 kg,ko,,1.39,1.39,0.99,1.39,3850334393883,HRANA
JOGURT PROACTIVE ACTIVE ZONE 1% 330g,90513448,ACTIVE ZONE,0.33 kg,ko,,2.88,0.95,0.95,0.95,3850334394057,HRANA
PAHULJICE PIR BIO ZONE 500g,90513574,BIO ZONE,0.50 kg,ko,1.99,3.98,,1.99,1.99,3838900804193,HRANA
BRAŠNO KUKURUZNO BIO ZONE 1kg,90513582,BIO ZONE,1.00 kg,ko,1.99,1.99,,1.99,1.99,3838900802984,HRANA
JOGURT TEKUĆI 1KG PET DUKAT,90514015,DUKAT,1.00 kg,ko,2.35,2.35,,1.99,1.99,3850354016021,HRANA
KOZICE REP 31/35,90518735,FIORITAL,1.00 kg,kg,18.19,18.19,,10.91,18.19,93856024300783,HRANA
NAPITAK ZOB 1L DAR,90528254,DAR,1.00 l,ko,2.69,2.69,,2.69,2.69,3850108028027,HRANA
SWIFFER VL MARAMICE ZA POD 10/1,90569101,SWIFFER,10.00 ko,ko,5.69,0.57,,5.69,5.69,8006540308257,SREDSTVA ZA ČIŠĆENJE
 TJEST. FETTUCCINE 8 JAJ 400g ZLATOPOLJE ,90571912,ZLATO POLJE,0.40 kg,ko,2.69,6.73,,1.59,1.59,3838700010480,HRANA
GOURMET NATURE'S MM PILETINA 4X85g,90573111,GOURMET,0.34 kg,ko,3.99,11.74,,3.19,3.99,7613038055350,PROIZVODI ZA KUĆANSTVO
FELIX MM JUNIOR PILETINA 4X85g,90582739,FELIX,0.34 kg,ko,,5.85,1.99,2.79,2.79,7613287491640,PROIZVODI ZA KUĆANSTVO
PECIVO GRAHAM 6/1 360g KLARA,90597809,KLARA,0.36 kg,ko,1.85,5.14,,1.85,1.85,3856016906457,HRANA
SALV PALOMA STARS ECO 30X30 3SL 20/1,90599175,PALOMA,20.00 ko,ko,2.55,0.13,,2.55,2.55,3838952022095,PROIZVODI ZA KUĆANSTVO
OM ORNEL LUNAR 1.6 L,90785342,ORNEL,1.60 l,ko,5.09,3.18,,5.09,5.09,3850105186584,SREDSTVA ZA ČIŠĆENJE
PRONTO LEGNO PULITO LAMINAT 750 ml,90785388,PRONTO,0.75 l,ko,5.29,7.05,,3.99,5.29,5000204190380,SREDSTVA ZA ČIŠĆENJE
KRUH DOMAĆI MEDITERANEO 400 g DON DON,90789919,DON DON,0.40 kg,ko,2.35,5.88,,1.85,1.85,3830085170483,HRANA
DET ARIEL SENSITIVE 5 L=100PR,90800783,ARIEL,5.00 l,ko,22.99,4.6,,22.99,22.99,8006540869697,SREDSTVA ZA ČIŠĆENJE
INSTANT JACOBS VELVET GOLD CREMA 180g,90804872,JACOBS,0.18 kg,ko,11.99,66.61,,11.99,11.99,8711000496404,HRANA
FRISKIES MP JUNIOR  PILE GRAŠ 4X85 g,90809760,FRISKIES,0.34 kg,ko,2.59,7.62,,1.99,1.99,8445290751768,PROIZVODI ZA KUĆANSTVO
PERECI LOMLJENI MINI MED SENF LUK 125g ELEPHANT ,90809881,ELEPHANT,0.13 kg,ko,1.89,15.12,,1.59,1.89,5949040203529,HRANA
TJESTENINA U VREĆICI PATKA 119g MAGGI,90814895,MAGGI,0.12 kg,ko,3.19,26.81,,2.59,3.19,8585002442710,HRANA
VINO ROSE KOPER 0.75 L,90814927,VINA KOPER,0.75 l,ko,9.39,12.52,,9.39,9.39,3830000700139,PIĆE
PUDING ČOK/VIŠ SPECIAL MOMENTS 170 g,90825055,SPECIAL MOMENTS,0.17 kg,ko,1.19,7,,0.99,0.99,3850334428677,HRANA
CAPPUCCINO GRIOTTE 8/1 144g FRANCK,90825455,FRANCK,0.14 kg,ko,,22.85,3.29,3.29,3.89,3850291055442,HRANA
LIKVI SUPREME AIO 22TAB,90825971,LIKVI,22.00 ko,ko,,0.23,4.99,6.99,6.99,3850105187079,SREDSTVA ZA ČIŠĆENJE
CORNFLAKES BEZ DOD ŠEĆ 1000 g NUTRIGOLD,90826455,NUTRIGOLD,0.10 kg,ko,3.69,36.9,,3.69,3.69,3858891972244,HRANA
GEL TUŠ L'ANG VAN I KAK 500 ml,90829917,L ANGELICA,0.50 l,ko,1.99,3.98,,1.99,1.99,8017331101490,KOZMETIKA
PRŠUT ISTARSKI ZOI 50 g NAR 24 MJ SPEC MOM,90834719,SPECIAL MOMENTS,0.05 kg,ko,3.19,63.8,,3.19,3.19,3850334431127,HRANA
MEDALJONI PILEĆEG FILEA 400 g,90839686,MEĐIMURSKO PILE,0.40 kg,ko,5.99,14.98,,4.89,5.99,3850220117203,HRANA
PEL VIOL COT PREM JUNIOR +6 44/1,90839843,VIOLETA,44.01 ko,ko,,0.31,13.49,13.49,17.85,3870128031975,TOALETNE POTREPŠTINE
SERUM LOREAL AGE SPECIALIST 30 ml,90850495,LOREAL,0.03 l,ko,9.99,333,,9.99,9.99,3600524185398,KOZMETIKA
KREMA TAFT SLEEKY SMOOTH 150 ml,90850648,TAFT,0.15 l,ko,,31.93,4.79,4.79,5.99,9000101737066,KOZMETIKA
ČAJNA PAŠTETA 4X100G MAXX GAVRILOVIĆ,90864663,GAVRILOVIĆ,0.40 kg,ko,3.79,9.48,,3.79,3.79,3858892724804,HRANA
CAPP NESCAFE CLASSIC MEGA 14/1 189 g,90869943,NESCAFE,0.19 kg,ko,6.49,34.34,,4.49,6.49,8445291643772,HRANA
WHISKEY SKREWBALL ORIGINAL 0.7 L,90874795,SKREWBALL,0.70 l,ko,23.99,34.27,,23.99,23.99,0860008141224,PIĆE
STICK DOVE Ž INV DRY 50 ml,90885166,DOVE,0.05 l,ko,,80.2,4.01,5.35,5.35,59099598,KOZMETIKA
DEO AXE KEN LAV 150 ml,90885196,AXE,0.15 l,ko,,27.4,4.11,5.49,5.49,8720181555602,KOZMETIKA
SLAD LINO LADA 3X90 ml,90885873,LINO LADA,0.27 l,ko,5.99,22.19,,4.79,5.99,3850116067261,HRANA
ŽVAKAĆE GUME  TENNIS 12/1 80 g FINI,90886228,FINI,0.08 kg,ko,1.99,24.88,,1.99,1.99,8410525180187,HRANA
VOLI VOLI SP GOV I JAB 5 kg,90886265,VOLI VOLI,5.00 kg,ko,15.99,3.2,,11.99,15.99,3859893822865,PROIZVODI ZA KUĆANSTVO
FLIPS CLIPSY MAX PILETINA 30 g,90887004,PEPSICO,0.03 kg,ko,,26.33,0.79,0.99,0.99,8606033741570,HRANA
KOŠARICE KVADRAT 62 g 12/1 CONFILETA,90887096,CONFILETAS,0.06 kg,ko,5.99,96.61,,4.79,5.99,8427778896161,HRANA
NEKTAR VINDI ANANAS 1 L,90889966,VINDI,1.00 l,ko,1.99,1.99,,1.59,1.99,3850108078688,PIĆE
CRISPY POH CLASSIC 70 g KOTANYI,90890044,KOTANYI,0.07 kg,ko,,17,1.19,1.89,1.89,9001414338018,HRANA
JUHA MINESTRONE 55 g MAGGI,90890348,MAGGI,0.06 kg,ko,1.39,25.27,,1.39,1.39,8445291602205,HRANA
ŠEĆER KOCKA BIJELI 250 g LARA,90890582,LARA,0.25 kg,ko,1.49,5.96,,1.49,1.49,3859892259648,HRANA
VANISH PINK POWDER 470 g,90899656,VANISH,0.47 kg,ko,8.89,18.91,,8.89,8.89,5997321747774,SREDSTVA ZA ČIŠĆENJE
OM VIOLETA GOLD 800 ml,90899785,VIOLETA,0.80 l,ko,2.65,3.31,,2.65,2.65,3870128040380,SREDSTVA ZA ČIŠĆENJE
PROTEIN 1ST WHEY 908g CHOCOLATE,90346310,POLLEO,0.91 kg,ko,,30.83,27.99,34.99,34.99,3858892293362,HRANA
ŠAMPON GLISS SPLIT MIRAC 250ml,90484076,GLISS,0.25 l,ko,,11.96,2.99,4.79,2.99,9000101287332,KOZMETIKA
ŠAMPON GLISS OIL NUTR 250ML 8480,06520800,GLISS,0.25 l,ko,,11.96,2.99,4.79,2.99,9000100398435,KOZMETIKA
REGENER GLISS OIL NUTRITIVE 200ML,06546646,GLISS,0.20 l,ko,,14.95,2.99,4.79,2.99,9000100398572,KOZMETIKA
GEL TUŠ FA MEN ENERGY 750 ml,90885515,FA,0.75 l,ko,,5.32,3.99,5.99,5.99,9000101609394,KOZMETIKA
ŠAMPON GLISS ULTIM REPAIR 250ML,06526236,GLISS,0.25 l,ko,,11.96,2.99,4.79,2.99,9000100801416,KOZMETIKA
ŠAMPON SCHAUMA REG/NJEGA 250ml,06521190,SCHAUMA,0.25 l,ko,,10.76,2.69,3.39,3.39,3838824136394,KOZMETIKA
REG GLISS LIQUID SILK 200 ml,90885480,GLISS,0.20 l,ko,,14.95,2.99,4.29,4.29,3838824086699,KOZMETIKA
BRIJAČ GILL MACH3       9626,06630201,GILLETTE,1.00 ko,ko,,9.99,9.99,12.59,9.99,7702018020676,KOZMETIKA
DET PERSIL STAIN REMOVAL 23TAB,90895402,PERSIL,23.00 ko,ko,,0.43,9.99,16.99,16.99,9000101829037,SREDSTVA ZA ČIŠĆENJE
PARIZER PUREĆI K PLUS 1000g,90282288,K PLUS,1.00 kg,ko,,2.19,2.19,2.79,2.79,3850334610676,HRANA
BRIJAČ GIL FUS PRO STYLER+ZAMJ BRIT,90198478,GILLETTE,1.00 ko,ko,,27.99,27.99,34.99,27.99,7702018273386,KOZMETIKA
UMAK BURGER VREĆ S ČEPOM 220g THOMY,90499016,THOMY,0.22 kg,ko,3.15,14.32,,3.15,3.15,7613287464521,HRANA
NAMAZ OD AVOKADA GUACAMOLE 200g SANA,90518681,SANA,0.20 kg,ko,3.98,19.9,,3.98,3.98,3858892321836,HRANA
DUNAVSKI VALOVI 450g VOPEX,90573888,PEKARNA JURE,0.45 kg,ko,3.32,7.38,,3.32,3.32,3830056443004,HRANA
POESIE PETIT MAČJA TRAVA 6x50g,90617697,VITAKRAFT,0.30 kg,ko,3.99,13.3,,3.99,3.99,4008239594112,PROIZVODI ZA KUĆANSTVO
SLAD QUATTRO DORINA 1500 ml,90885935,QUATTRO,1.50 l,ko,7.49,4.99,,4.99,7.49,3850116067117,HRANA
SLAD SILK MILK SENDVIČ 129 ml LEDO,90885992,LEDO,0.13 l,ko,1.99,15.43,,1.99,1.99,3850116065915,HRANA
RIKULA 100 grama,01407867,KONZUM,0.10 kg,ko,1.19,11.9,,1.19,1.19,3850334197801,HRANA
UMAK ZA PIZZU 400g MUTTI,01490056,MUTTI,0.40 kg,ko,1.99,4.98,,1.99,1.99,8005110551215,HRANA
MASLINE K PLUS PUNJENE PAP 200g,01581054,K PLUS,0.20 kg,ko,2.19,10.95,,2.19,2.19,3850334154743,HRANA
POLI KRATKI 500g PERUTNINA,02048273,POLI,0.50 kg,ko,4.25,8.5,,4.25,4.25,3850220153065,HRANA
SIR TVRDI MEDITERANO PAŠKA SIRANA,02050441,PAŠKA SIRANA,1.00 kg,kg,10,10,,10,10,3859889426435,HRANA
SIR TVRDI DALMATINAC VAC PAŠKA SIRAN,02055397,PAŠKA SIRANA,1.00 kg,kg,26.99,26.99,,19.99,26.99,3859889426091,HRANA
MOL IV SVJ MEDUZA,02195269,,1.00 kg,kg,3.99,3.99,,2.39,3.99,,HRANA
ARBUN 500/1000 SVJ UV MEDUZA,02197633,,1.00 kg,kg,15.55,15.55,,9.32,15.55,,HRANA
SIR I VRHNJE K PLUS 200g,02390054,K PLUS,0.20 kg,ko,1.33,6.65,,1.33,1.33,3850334210951,HRANA
PIL BATAK RFZ VINDIJA,02431431,CEKIN,1.00 kg,kg,4.19,4.19,,4.19,4.19,3850159110504,HRANA
JETRA SA SRCEM PILEĆA 500g SVJ VIND,02435556,CEKIN,0.50 kg,ko,2.39,4.78,,1.85,2.39,3850159110931,HRANA
PUREĆE PLJESKAVICE 400g SMR VINDIJA,02451417,VINDON,0.40 kg,ko,4.49,11.23,,4.49,4.49,3850339439104,HRANA
VINO KUPINOVO 0.75L OPG GRGIĆ,03021486,OPG IVO GRGIĆ,0.75 l,ko,8.69,11.59,,8.69,8.69,3859892412999,PIĆE
KONJAK REMY MARTIN VSOP 0.7L,03080315,REMY MARTIN,0.70 l,ko,60.05,85.79,,60.05,60.05,3024482270109,PIĆE
OCAT JABUČNI 1L KISKO,03120181,KISKO,1.00 l,ko,2.05,2.05,,1.54,1.54,3850164340118,HRANA
NEG PIĆE COCKT NAR JAB 1L,03142046,VINDI,1.00 l,ko,1.19,1.19,,1.19,1.19,3850108077001,PIĆE
GAZ PIĆE PIPI NARA 0.5L PET DALMACI,03160037,PIPI,0.50 l,ko,1.15,2.3,,1.15,1.15,3870183400006,PIĆE
ZAČIN PEPERONCINI 15g BOČ KOTANY,04100526,KOTANYI,0.02 kg,ko,2.29,152.67,,2.29,2.29,9001414040058,HRANA
KORIJANDER 34g BOČ KOTANY,04100529,KOTANYI,0.03 kg,ko,2.25,66.18,,1.95,2.25,9001414040270,HRANA
FLIPS BOBI 40g,04149381,BOBI,0.04 kg,ko,0.45,11.25,,0.45,0.45,3858891590004,HRANA
KAŠICA FRUTEK ŠLJIVA 120g,04172603,FRUTEK,0.12 kg,ko,1.25,10.42,,0.99,1.25,3838945511407,HRANA
ŠARENO PISMO 76g DR OETKER,04180926,DR OETKER,0.08 kg,ko,3.89,51.18,,3.89,3.89,5907707051296,HRANA
ČOKOLADA ZA KUHANJE 200g KANDIT,04211370,KANDIT,0.20 kg,ko,3.99,19.95,,3.99,3.99,3858881040298,HRANA
ZP AQUA HERBAL 125ml,06530365,AQUAFRESH,0.13 l,ko,2.99,23.92,,2.99,2.99,5054563198976,KOZMETIKA
VODICA ZA USTA LISTERINE FRESH 250ml,06530634,LISTERINE,0.25 l,ko,4.65,18.6,,4.65,4.65,5010123703431,KOZMETIKA
FLIPS TIP TOP CHICKEN 45 g,90886930,TIP TOP,0.05 kg,ko,1.09,24.22,,1.09,1.09,3856021307546,HRANA
MJEŠAVINA LEDO CORN MIX 400 g,90886974,LEDO,0.40 kg,ko,2.99,7.48,,2.99,2.99,3850116068022,HRANA
BLUEFIN TUNA SAKU 200 g,90887051,PELAGOS,0.20 kg,ko,12.99,64.95,,9.99,12.99,3857500141408,HRANA
ČIPS X CUT KIS VRHNJE 130 g  LORENZ,90887343,LORENZ,0.13 kg,ko,2.25,17.31,,2.25,2.25,4018077010941,HRANA
DATULJA S KOŠTICOM 200 g NATURA,90895305,NATURA,0.20 kg,ko,1.15,5.75,,1.15,1.15,3859892798024,HRANA
ALU POSUDA ROŠTILJ 5 kom ALUFIX,90899808,ALUFIX,5.00 ko,ko,2.79,0.56,,2.79,2.79,5949509002397,PROIZVODI ZA KUĆANSTVO
ALU POSUDA PEČENJE MALA 3 kom ALUFIX,90899817,ALUFIX,3.00 ko,ko,2.19,0.73,,2.19,2.19,5949509002854,PROIZVODI ZA KUĆANSTVO
GELATISSIMO ONE IN A MELON 5x70 ml,90899926,GELATISSIMO,0.35 l,ko,2.99,8.54,,2.99,2.99,3850334434227,HRANA
PATRONE GILLETTE MACH 3 16/1,90900104,GILLETTE,1.00 ko,ko,37.99,37.99,,37.99,37.99,7702018582907,KOZMETIKA
KUPUS SVJEŽI,01401365,,1.00 kg,kg,0.79,0.79,,0.79,0.79,3850334173119,HRANA
LIMUN 500 grama,01410059,,0.50 kg,ko,,2.18,1.09,1.09,1.09,3850334092212,HRANA
POSEBNA 500g VINDIJA,02048431,CEKIN,0.50 kg,ko,1.99,3.98,,1.59,1.99,3850159125027,HRANA
MLIJ NAM DUKATELA POVRĆE 70g DUKA,02100623,DUKATELA,0.07 kg,ko,0.89,12.71,,0.89,0.89,3850354015079,HRANA
BUGVA SVJ FIORITAL,02199587,,1.00 kg,kg,3.99,3.99,,2.39,3.99,93856024300189,HRANA
VRHNJE ZA ŠLAG 33% MM 0.5kg DUKAT,02330408,BRZO&FINO,0.50 kg,ko,3.99,7.98,,3.49,3.49,3850354001348,HRANA
VRHNJE KISELO 12% 200g DUKAT,02334127,BRZO&FINO,0.20 kg,ko,0.94,4.7,,0.89,0.94,3850354002024,HRANA
SIR SVJEŽI K PLUS POLUM 500g,02390960,K PLUS,0.50 kg,ko,1.86,3.72,,1.59,1.86,3850334535214,HRANA
SIRNI NAMAZ PIKANT 150g ZDENKA,02398990,ZDENKA,0.15 kg,ko,2.29,15.27,,2.29,2.29,3858888596958,HRANA
SV PODLAKTICA SK ,02402279,PIK VRBOVEC,1.00 kg,kg,3.15,3.15,,3.15,3.15,3850139523478,HRANA
VINO GRAŠEVINA 1L ILOČKI PODRUMI,03010028,ILOČKI PODRUMI,1.00 l,ko,6.55,6.55,,6.55,6.55,3859889556460,PIĆE
VINO MALVAZIJA ARMAN 0.75L,03020257,FRANC ARMAN,0.75 l,ko,14.89,19.85,,13.55,14.89,3859893024016,PIĆE
LIKER BAILEY'S 0.7L,03080035,BAILEY'S,0.70 l,ko,24.29,34.7,,17.99,24.29,5011013100156,PIĆE
SOK RIBIZL 500ml BIOTTA,03150008,BIOTTA,0.50 l,ko,4.69,9.38,,4.69,4.69,7618500944781,PIĆE
MIN VODA STUDENAC 0.5L GAZ PET,03180794,STUDENAC,0.50 l,ko,0.79,1.58,,0.79,0.79,3856022300911,PIĆE
TIJESTO RISINI 22 500g ZARA,04050628,PASTA ZARA,0.50 kg,ko,1.59,3.18,,0.89,1.59,8004350130228,HRANA
KAVA ESPRESSO EXTRA BEZ KOF 140g,04070782,FRANCK,0.14 kg,ko,9.99,71.36,,9.99,9.99,3858881082762,HRANA
MED LIVADA HR 450g APIDAL,04133003,APIDAL,0.45 kg,ko,7.49,16.64,,7.49,7.49,3859889410144,HRANA
JUHA DALMATINSKA 60g PODRAVKA,04160519,PODRAVKA,0.06 kg,ko,0.99,16.5,,0.79,0.79,3850104003837,HRANA
SAPUN DALAN OCEAN 100g,90425464,DALAN,0.10 kg,ko,0.49,4.9,,0.49,0.49,8690529507634,KOZMETIKA
SABLJARKA GLAVA RZ KOMIŽA,90433299,RZ KOMIŽA,1.00 kg,kg,2.39,2.39,,1.43,2.39,,HRANA
KEKS PLAZMA 75g,90473035,BAMBI,0.08 kg,ko,0.99,13.2,,0.99,0.99,8600043001198,HRANA
OCAT BALZAMSKI STAND 250ML MONARI,90484319,MONARI FEDERZONI,0.25 kg,ko,2.29,9.16,,2.29,2.29,8003185006012,HRANA
PIĆE NEG MULTI YIPPY 0.2L,90484576,YIPPY,0.20 l,ko,0.69,3.45,,0.69,0.69,9008700149228,PIĆE
SLANUTAK GARDEN GOOD 500g,90493318,GARDEN GOOD,0.50 kg,ko,1.39,2.78,,0.95,0.95,3838900957073,HRANA
KOBASICA VELEBITSKA 350g GAVRIL,90570031,GAVRILOVIĆ,0.35 kg,ko,3.75,10.71,,3.75,3.75,3858892721339,HRANA
JOGURT BEZ LAKTOZE TTOP 2.8% M.M. 200g,90570038,VINDIJA,0.20 kg,ko,0.49,2.45,,0.49,0.49,3850108035988,HRANA
PRIPRAV ZA KUH S BILJ MAS HALT 200ml,90570576,HALTA,0.20 l,ko,0.99,4.95,,0.99,0.99,8004172000501,HRANA
FELIX FANT MAČKE MESO 12X85g,90582754,FELIX,1.02 kg,ko,6.79,6.66,,6.79,6.79,7613287495280,PROIZVODI ZA KUĆANSTVO
KEKS OREO 396g,90599469,OREO,0.40 kg,ko,4.49,11.34,,4.49,4.49,7622210664150,HRANA
NEG PIĆE TOCO NARANČA MRKVA 1.5L,90600284,TOCO,1.50 l,ko,1.69,1.13,,1.69,1.69,3858890878790,PIĆE
DET ECOVER KAMILICA&KLEMENTINA 450ml,90600518,ECOVER,0.45 l,ko,2.49,5.53,,1.91,2.39,5000204246223,SREDSTVA ZA ČIŠĆENJE
VINO VRANAC SELEC. 0.75L ,90649244,VIZBA VALANDOVO,0.75 l,ko,5.35,7.13,,5.35,5.35,5310122001553,PIĆE
LIKER TERRANINO BRIUNI 1L,90669493,NIMCO,1.00 l,ko,16.85,16.85,,16.85,16.85,4000152003610,PIĆE
UMAK PESTO RICOTTA TARTUFI 190g STAR,90669849,STAR,0.19 kg,ko,3.29,17.32,,3.29,3.29,8000050025611,HRANA
ŠURLICE 350g KARLA,90674641,KARLA,0.35 kg,ko,1.89,5.4,,1.89,1.89,3858881509139,HRANA
LIKER HERBAL MEISSTER 0.7 L,90675743,HERBAL MEISSTER,0.70 l,ko,,5.7,3.99,5.65,5.65,3850164243518,PIĆE
REGEN BOTAN THER MAGNET CHAR 200ml,90702774,BOTANIC THERAPY,0.20 l,ko,,12.45,2.49,3.59,3.59,3600542512268,KOZMETIKA
PAPRIČICE JALAPENO LJUTE 225g POCO LOCO,90703554,POCO LOCO,0.23 kg,ko,3.05,13.56,,3.05,3.05,5412514937188,HRANA
BRIJAČ JEDNOK GILL SENSIT 3KOM,90353569,GILLETTE,3.00 ko,ko,,1.41,4.23,4.19,5.29,7702018490080,KOZMETIKA
KREMA EVEL PUŽEVA SLINA 50ml,90380337,EVELINE,0.05 l,ko,,59.2,2.96,3.95,3.95,5901761981636,KOZMETIKA
PRALINE MOZART KUGLE  247g,90381820,MANNER,0.25 kg,ko,5.89,23.85,,4.42,5.89,9001508890637,HRANA
BOMBON BARKLEYS SPEARMINT 50g,90381952,BARKLEYS,0.05 kg,ko,2.39,47.8,,2.12,2.12,8717438743233,HRANA
SIR SVJEŽI SKUTA 300g PAŠKA,90382432,PAŠKA SIRANA,0.30 kg,ko,3.69,12.3,,3.69,3.69,3859892884130,HRANA
HREN 100g STAKLO MAUTNER,90382452,MAUTNER MARK,0.10 kg,ko,1.59,15.9,,1.59,1.59,90119736,HRANA
SALAMA OD DIVLJAČI JELEN 80g,90382899,LOVSKI,0.08 kg,ko,2.25,28.13,,2.25,2.25,3859893534003,HRANA
ČAJ VELEBITSKI AO 30g PODRAVKA,90386281,PODRAVKA,0.03 kg,ko,2.19,73,,2.19,2.19,3856020233952,HRANA
NAPITAK HELL ENERGY 0.5l,90391958,HELL,0.50 l,ko,1.69,3.38,,1.29,1.69,5999884034209,PIĆE
CILLIT BANG NATUR POWER LIMESCALE 750ML,90406465,CILLIT,0.75 l,ko,6.69,8.92,,6.69,6.69,5999109510075,SREDSTVA ZA ČIŠĆENJE
KRUMPIROVI ŠTAP POMSTICKS PAPRIKA 85g,90406649,LORENZ,0.09 kg,ko,2.19,25.76,,1.99,1.99,4018077821790,HRANA
MJEŠAVINA BULGUR 400g LEDO,90411986,LEDO,0.40 kg,ko,2.99,7.48,,2.99,2.99,3850116036052,HRANA
PJENUŠAC HUGO ROSE GRACIOSO 0.75L,90424883,HUGO,0.75 l,ko,3.25,4.33,,3.25,3.25,4002391302103,PIĆE
MASLINE ZELENE OTK 700g/ 340g ZVIJEZ,90428185,ZVIJEZDA,0.34 kg,ko,4.69,13.79,,3.69,4.69,3856015322067,HRANA
TELEĆA POLOVICA DOMAĆA,90453771,MARTINJAK,1.00 kg,kg,8.16,8.16,,8.16,8.16,3859893702723,HRANA
PELINKOVAC ORANGE PLJOSKA 0.2/12 BAD,90462920,BADEL 1862,0.20 l,ko,3.79,18.95,,3.79,3.79,3850112111678,PIĆE
CROUTONS KLASIČNI 100g BONAPETIT LEIMER,90484305,LEIMER,0.10 kg,ko,2.15,21.5,,2.15,2.15,4000186040407,HRANA
VINO CHIANTI DOCG PICCINI  0.75l,90484833,PICCINI,0.75 l,ko,6.99,9.32,,6.99,6.99,8002793000504,PIĆE
JOGURT TEK 2.8% M.M. 180g KRAVICA,90485377,KRAVICA KRALJICA,0.18 kg,ko,0.44,2.44,,0.44,0.44,3856015324313,HRANA
ČAJ LEDENI JANA MALINA HIBISKUS 0.5l,90485650,JANA,0.50 l,ko,1.19,2.38,,1.19,1.19,3858890876390,PIĆE
KIKIRIKI SLANI 50g MOGYI,90493352,MOGYI,0.05 kg,ko,0.69,13.8,,0.69,0.69,5997347544432,HRANA
SMEĐA RAKOVICA FIORITAL,90503334,,1.00 kg,kg,19.49,19.49,,11.69,19.49,93856024301353,HRANA
CETINA 1L PARK PRIRODE PREMIUM,90513423,CETINA,1.00 l,ko,0.79,0.79,,0.79,0.79,3859890129875,PIĆE
ALU POSUDA+POKL F&P 750ml 4/1,90513607,FRESH&PACK,1.00 ko,ko,1.59,1.59,,1.59,1.59,3850334395849,PROIZVODI ZA KUĆANSTVO
KH-7 ODSTRANJIVAČ MRLJA OXY 750ml,90570067,KH-7,0.75 l,ko,5.45,7.27,,4.29,5.45,8420822127785,SREDSTVA ZA ČIŠĆENJE
KEKS MARIA BŠ 200g GULLON,90573617,GULLON,0.20 kg,ko,,5.95,1.19,1.99,1.99,8410376039726,HRANA
LASAGNE BOLOGNESE 1kg COME A CASA,90597798,COME A CASA,1.00 kg,ko,5.39,5.39,,5.39,5.39,5900741600284,HRANA
KUPKA VIOLETA DOUBLE CARE 400ml,90618014,VIOLETA,0.40 l,ko,5.35,13.38,,5.35,5.35,3870128030923,KOZMETIKA
ŠAMPON VIOLETA DOUBLE CARE 400ml,90618025,VIOLETA,0.40 l,ko,5.35,13.38,,5.35,5.35,3870128030893,KOZMETIKA
PAŠTETA PILEĆA CREAM 50g LINO,90623023,LINO,0.05 kg,ko,0.89,17.8,,0.89,0.89,3856020259426,HRANA
DEBRECINKA 330g RAW-ŠTILJ,90628315,RAW ŠTILJ,0.33 kg,ko,3.39,10.27,,2.49,3.39,3850334017901,HRANA
L'ANGELICA GEL NAR I KURKUMA 450 ML,90652716,L ANGELICA,0.45 l,ko,2.99,6.64,,2.99,2.99,8017331080139,KOZMETIKA
ČOKOLADA ČOKSA SALTED PEANUT 67g,90657753,ČOKSA,0.07 kg,ko,1.39,20.75,,1.39,1.39,3850102522637,HRANA
KAVA MELANGE ZRNO 500 g JULIUS MEINL,90874674,JULIUS MEINL,0.50 kg,ko,17.49,34.98,,17.49,17.49,9000403975500,HRANA
NAPITAK RED BULL SUMMER PEACH 0.25 L,90884947,RED BULL,0.25 l,ko,1.69,6.76,,1.19,1.19,90474729,PIĆE
STICK REXONA Ž BRIGHT 50 ml,90885144,REXONA,0.05 l,ko,4.75,95,,4.75,4.75,59002222,KOZMETIKA
REG PANTENE PRO-V REP&PROT 800 ml,90885608,PANTENE,0.80 l,ko,11.35,14.19,,11.35,11.35,8700216821339,KOZMETIKA
ŠAMPON OGX ARGAN 385 ml,90885676,OGX,0.39 l,ko,,17.38,6.69,8.45,8.45,0022796976116,KOZMETIKA
BRIJAČ GILL PROGLIDE H+ 4/1+ D,90885731,GILLETTE,4.00 ko,ko,,5.8,23.19,23.19,23.19,8700216357227,KOZMETIKA
GOURMET GOLD MM TELETINA 85 g,90886083,GOURMET,0.09 kg,ko,0.89,10.47,,0.89,0.89,8445291514096,PROIZVODI ZA KUĆANSTVO
ONE SM SENSITIVE PURETINA RIŽA 3 kg,90886104,ONE,3.00 kg,ko,18.99,6.33,,18.99,18.99,8445290601254,PROIZVODI ZA KUĆANSTVO
OM LENOR FA PINK BLOSSOM 700 ml,90886136,LENOR,0.70 l,ko,7.39,10.56,,7.39,7.39,8700216722933,SREDSTVA ZA ČIŠĆENJE
OM LENOR HC DESIRABLE 987 ml,90886154,LENOR,1.00 l,ko,,3.49,3.49,4.79,6.39,8700216723718,SREDSTVA ZA ČIŠĆENJE
GAZ PIĆE LEMONISH LIMUN BAZGA 0.4 L,90889855,LEMONISH,0.40 l,ko,1.39,3.48,,1.39,1.39,3838471045438,PIĆE
STICK AXE KEN BL LAV 50 ml,90889922,AXE,0.25 l,ko,,16.44,4.11,5.49,5.49,59002161,KOZMETIKA
ČOKOLADA MILKA BIJELA 90 g,90890012,MILKA,0.09 kg,ko,2.49,27.67,,1.39,2.49,7622202265662,HRANA
DET PERWOLL COLOR 2 L=40PR,90890174,PERWOLL,2.00 l,ko,12.99,6.5,,12.99,12.99,9000101810479,SREDSTVA ZA ČIŠĆENJE
SOK IMMUNITY 330 ml JUICEFAST,90890199,JUICEFAST,0.33 l,ko,2.99,9.06,,2.99,2.99,3859894234551,PIĆE
DRESSING JOGURT 350 ml THOMY,90890361,THOMY,0.35 l,ko,3.99,11.4,,3.99,3.99,8445291870178,HRANA
SUPER KEFIR PISTACIJA 330 g VINDIJA,90890476,Z BREGOV,0.33 kg,ko,1.59,4.82,,1.59,1.59,3850108036985,HRANA
TIJESTO MISTA 500 g BRAGAGNOLO,90894647,BRAGAGNOLO,0.50 kg,ko,1.99,3.98,,1.99,1.99,8004350006646,HRANA
MLIJEKO ČOKOLADNO KOKOS 500 ml DUKAT,90900067,DUKAT,0.50 l,ko,1.69,3.38,,1.69,1.69,3850354019299,HRANA
PROTEIN 1ST WHEY 908g CHOCOLATE ORANGE - JAFFA,90346308,POLLEO,0.91 kg,ko,,30.83,27.99,34.99,34.99,3858892293416,HRANA
REGENERATOR GLISS UL REPAIR 200ML,06547038,GLISS,0.20 l,ko,,14.95,2.99,4.79,2.99,9000100662987,KOZMETIKA
ŠAMPON SCHAUMA 250ml 7LJ TR 7612,06523223,SCHAUMA,0.25 l,ko,,10.76,2.69,3.39,3.39,4012800167612,KOZMETIKA
BOJA SYOSS 12-53 PLATIN BISER PLAVA,90775221,SYOSS,1.00 ko,ko,,5.69,5.69,6.99,5.59,9000101731989,KOZMETIKA
ŠTAPIĆI TRIK SLANI 200 g,90887270,TRIK,0.20 kg,ko,,4.75,0.95,1.19,1.19,8600462020985,HRANA
GEL GILL SER SENSITIV 200ml 4692,06561545,GILLETTE,0.20 l,ko,,20.95,4.19,5.29,4.19,3014260214692,KOZMETIKA
NAMAZ PROSERIES PEANUT BUTTER CRUNCHY 450g,90344843,POLLEO,0.45 kg,ko,,9.98,4.49,5.99,5.99,3858892290026,HRANA
SET LINGUINE+TARTUFATA 330g,90765287,ZIGANTE,0.33 kg,ko,,40.85,13.48,,,3858891982960,HRANA
PIVO 5TH ELEMENT ABA 0.5L LIM,90513921,5TH ELEMENT,0.50 l,ko,2.05,4.1,,1.45,2.05,3859892222338,PIĆE
SIR TOPLJ TROK CHEDDAR PRESIDENT 140g,90568186,PRESIDENT,0.14 kg,ko,1.99,14.21,,1.99,1.99,3850355006434,HRANA
DŽEM MARELICA 360g PODRAVKA,90570502,PODRAVKA,0.36 kg,ko,2.29,6.36,,2.29,2.29,3856020252441,HRANA
FANTASIA ČOKO ZVJEZDICE 102g,90593707,DANONE,0.10 kg,ko,0.99,9.71,,0.99,0.99,5900643047361,HRANA
NEG PIĆE FRUC MULTI 0.5L PET,90603219,FRUCTAL,0.50 l,ko,1.05,2.1,,1.05,1.05,3838945501248,PIĆE
KAVA LAVAZZA QUALITA ROSSA ZRNO 1kg,90623327,LAVAZZA,1.00 kg,ko,31.99,31.99,,31.99,31.99,8000070035904,HRANA
KAPS KAVA ESPRESSO DG 16/1 120g RITUAL,90698462,RITUAL,0.12 kg,ko,3.98,33.17,,3.98,3.98,3850334036315,HRANA
VITAMIN ČAJ OSHEE ZERO BRESKVA 0.555L,90705951,OSHEE,0.56 l,ko,1.45,2.61,,1.39,1.39,5908260253431,PIĆE
SALSA OD PEČ PAPR 290g MAMA'S,90706539,MAMA'S,0.29 kg,ko,1.69,5.83,,1.5,1.69,5310146005889,HRANA
DESERT ROCHER T4 50g,90731503,FERRERO,0.05 kg,ko,1.99,39.8,,1.99,1.99,80177043,HRANA
VISKI STAG HUNTER 0.7L,90754910,STAG HUNTER,0.70 l,ko,10.15,14.5,,10.15,10.15,5021692450459,PIĆE
COCKT RTD PELIN SPRITZ ORANGE 0.25L,90765011,BADEL 1862,0.25 l,ko,2.05,8.2,,1.79,2.05,3850112143099,PIĆE
KREKER BOOM BOX MORSKA SOL 70 g,90770947,BOOM BOX,0.07 kg,ko,0.99,14.14,,0.99,0.99,3856027801390,HRANA
KIKIRIKI HRUSTY U TIJESTU MIX 300g,90794708,HRUSTY,0.30 kg,ko,2.59,8.63,,1.99,2.59,3850334420206,HRANA
NEG PIĆE PROTEIN BRESKVA VINDI 0.5 L,90800899,VINDI,0.50 l,ko,1.35,2.7,,1.35,1.35,3850108077759,PIĆE
MEDENJACI FINESSE ČOKO 500g,90825499,FINESSE,0.50 kg,ko,2.99,5.98,,2.99,2.99,3850334420367,HRANA
SOK HOHES C FOKUS 100% 1 L,90826128,HOHES C,1.00 l,ko,2,2,,2,2,5998815124248,PIĆE
DES CORNY PROTEIN SOFT LJEŠ/NOUG 45g,90826129,SCHWARTAU,0.05 kg,ko,2.19,48.67,,2.19,2.19,4011800297312,HRANA
ROŠTILJ KOBASICA CLASSIC 400 g PIVAC,90894842,PIVAC,0.40 kg,ko,4.99,12.48,,3.49,3.49,3858884998923,HRANA
RETOUCHER SC ROOT TAMNOPLAVA 120ML,90281694,SYOSS RETUOCHER,0.12 l,ko,,47.4,5.69,6.99,6.99,9000101052886,KOZMETIKA
BRIJAČ GILLETTE FUSION+5 PATRONA  ,90805002,GILLETTE,1.00 ko,ko,,23.19,23.19,28.99,23.19,8700216356794,KOZMETIKA
ČIPS PRINGLES PAPRIKA 165g,01311184,PRINGLES,0.17 kg,ko,,11.45,1.89,3.49,3.49,5053990161669,HRANA
KUPUS KISELI REZANI 500g PREHRANA,01400340,,0.50 kg,ko,1.09,2.18,,1.09,1.09,3859891093304,HRANA
KRUMPIR KLIPER 1.5 kg,01407829,KORA,1.50 kg,ko,1.69,1.13,,1.69,1.69,3856017203005,HRANA
LIMETA,01411177,,1.00 kg,kg,2.49,2.49,,1.85,2.49,3850334173645,HRANA
DŽEM BOROVNICA 340g SCHWARTAU 1110,01464001,SCHWARTAU,0.34 kg,ko,5.31,15.62,,5.31,5.31,4011800840815,HRANA
SLAD GELATISSIMO FORTE VOĆNI 1650 ml,90900019,GELATISSIMO,1.65 l,ko,4.99,3.02,,4.99,4.99,3850334437396,HRANA
ČIPI ČIPS 200g FRANCK,01310113,ČIPI ČIPS,0.20 kg,ko,,12.45,2.49,2.99,2.99,3856021300547,HRANA
SMOKVA EUROCOMPANY SUHA 200g,01311158,EUROCOMPANY,0.20 kg,ko,2.29,11.45,,2.29,2.29,3872084014528,HRANA
GRAŠAK 130g BONDUELLE,01551378,BONDUELLE,0.13 kg,ko,1.49,11.46,,1.04,1.49,3083680538404,HRANA
FRISKIES SM JUNIOR 300g,01647074,FRISKIES,0.30 kg,ko,2.29,7.63,,1.59,2.29,7613031868384,PROIZVODI ZA KUĆANSTVO
HRENOVKE U PRIR CRIJEVU RFZ PIK VRBO,02044281,PIK VRBOVEC,1.00 kg,kg,12.49,12.49,,12.49,12.49,3850139191103,HRANA
SIR POLUTV TILZIT 45% VINDIJA,02053677,Z BREGOV,1.00 kg,kg,12.99,12.99,,9.99,12.99,3850108053906,HRANA
SIR TVRDI BOVIDUR 2.5kg VINDIJA,02055062,Z BREGOV,1.00 kg,kg,18.99,18.99,,18.99,18.99,3850108052510,HRANA
LIGNJA PATAGONICA CIJELA 500g LEDO,02190294,LEDO,0.50 kg,ko,7.99,15.98,,5.99,7.99,3850116713250,HRANA
ŠKARPINA SVJ MEDUZA,02197371,,1.00 kg,kg,58.49,58.49,,35.07,58.49,,HRANA
BRODET I,02197515,,1.00 kg,kg,6.99,6.99,,4.19,6.99,,HRANA
CIPAL SVJ  MEDUZA,02197644,,1.00 kg,kg,4.79,4.79,,2.87,4.79,,HRANA
ORADA XXL SVJ FIORITAL,02198865,FIORITAL,1.00 kg,kg,20.19,20.19,,12.11,20.19,,HRANA
KAVIJAR OD PASTRVE 100g MARKO,02199500,MARKO,0.10 kg,ko,26.99,269.9,,26.99,26.99,3859891289981,HRANA
MARGARIN STOLNI  500g ZVIJ,02210226,ZVIJEZDA,0.50 kg,ko,1.75,3.5,,1.75,1.75,3858882210553,HRANA
JOGURT VOĆ YOGHI FRU K PLUS MIX 150g,02329035,K PLUS,0.15 kg,ko,0.37,2.47,,0.29,0.37,3858884508979,HRANA
SV NOGICE  ,02402185,PIK VRBOVEC,1.00 kg,kg,2.15,2.15,,2.15,2.15,3850139280135,HRANA
PIL FILE OD PRSIJU KOKA VINDIJA,02433992,CEKIN,1.00 kg,kg,9.39,9.39,,5.49,9.39,3850159110313,HRANA
PUREĆI MEDALJONI 300g VINDIJA,02455499,VINDON,0.30 kg,ko,6.39,21.3,,6.39,6.39,3850339402160,HRANA
VINO MERLOT 0.75L KORLAT,03023335,KORLAT,0.75 l,ko,16.05,21.4,,16.05,16.05,3850112170538,PIĆE
RAKIJA ŠLJIVOVICA 40% ČUTUR 0.7L,03075809,MARASKA,0.70 l,ko,16.05,22.93,,16.05,16.05,3850158301002,PIĆE
SOK FRUTEK BANANA 125ML,03140469,FRUTEK,0.13 l,ko,0.99,7.92,,0.99,0.99,3838945502726,PIĆE
ULJE MASLINOVO EX DJEV 0.5L BLATO,03210117,BLATO 1902,0.50 l,ko,9.99,19.98,,9.99,9.99,3859888154230,HRANA
BRAŠNO KUKURUZNO 1kg ČAKOVEČKI MLIN,04030199,ČAK MLINOVI,1.00 kg,ko,1.39,1.39,,1.39,1.39,3858884170169,HRANA
TIJESTO STELLE 18 500g ZARA,04050185,PASTA ZARA,0.50 kg,ko,1.59,3.18,,0.89,1.59,8004350130181,HRANA
TIJESTO RIB KAŠICA JAJA MRK 400g KOL,04051253,KOLEDA,0.40 kg,ko,2.25,5.63,,1.59,2.25,3859888433151,HRANA
RIŽA DUGO ZRNO 1kg,04060845,SLOVA,1.00 kg,ko,1.59,1.59,,1.59,1.59,3850334001030,HRANA
MIX ANAMARIA 3U1 180g,04070423,ANAMARIA,0.18 kg,ko,2.39,13.28,,2.39,2.39,3858881770881,HRANA
ČAJ KAMILICA FILT 20/1 20g FRANCK,04091837,FRANCK,0.02 kg,ko,1.79,89.5,,1.79,1.79,3858881081420,HRANA
PERŠIN 7g VR KOTANYI,04100166,KOTANYI,0.01 kg,ko,0.99,141.43,,0.99,0.99,9001414015445,HRANA
PERŠIN 7g BOČICA KOTANYI,04100221,KOTANYI,0.01 kg,ko,2.15,195.45,,2.15,2.15,9001414040386,HRANA
KARAMELA I VANILI 53g MLIN KOTANYI,04100890,KOTANYI,0.05 kg,ko,2.92,55.09,,2.92,2.92,9001414004890,HRANA
KEKS GRANCEREALE FRUTTA 250g,04140500,BARILLA,0.25 kg,ko,2.85,11.4,,1.99,2.85,8076809540179,HRANA
ZAČIN ZA RIBLJU JUHU 90g ALEVA,04165106,ALEVA,0.09 kg,ko,1.65,18.33,,1.65,1.65,8600947042235,HRANA
KREMA ZA KREMŠNITE INST 230g DR OETK,04185910,DR OETKER,0.23 kg,ko,3.19,13.87,,3.19,3.19,5997381329415,HRANA
ČOKOL JAJE KIN IZNENAĐ T72 20g,04220954,FERRERO,0.02 kg,ko,1.49,74.5,,1.49,1.49,40084107,HRANA
BOMBONJERA BAJADERA 500g KRAŠ,04251143,BAJADERA,0.50 kg,ko,15.89,31.78,,11.91,15.89,3850102230068,HRANA
TIJESTO BAVETTE 13 500g BARILLA,04410353,BARILLA,0.50 kg,ko,2.09,4.18,,2.09,2.09,8076800195132,HRANA
KRPA POLLYFL 5/1 10135  2444,05350645,POLLY FLEX,5.00 ko,ko,3.29,0.66,,3.29,3.29,3859888122444,PROIZVODI ZA KUĆANSTVO
SPUŽVA POLLYF 3/1 10104 2314,05351893,POLLY FLEX,3.00 ko,ko,1.75,0.58,,1.75,1.75,3859888122314,PROIZVODI ZA KUĆANSTVO
ŠAMPON ELSEVE TOT REPAIR 250ml,06521700,LOREAL ELSEVE,0.25 l,ko,,13.16,3.29,4.09,4.39,3600521704677,KOZMETIKA
ZP SIGNAL WHITENING 125ml,06530688,SIGNAL,0.13 l,ko,,21.52,2.69,2.99,2.99,5900300349395,KOZMETIKA
ZP SIGNAL HERBAL 75ml   6002,06537574,SIGNAL,0.08 l,ko,2.75,36.67,,1.89,1.89,5900300056002,KOZMETIKA
BOJA CASTING CR GLOSS 535 CHOCO,06540752,LOREAL CASTING CREME GLOSS,1.00 ko,ko,7.99,7.99,,7.79,7.99,3600521372777,KOZMETIKA
KREMA NIVEA SOFT 75ml TUBA 0576,06590160,NIVEA,0.08 l,ko,,55.33,4.15,4.25,5.69,4005808751457,KOZMETIKA
KREMA NIVEA 100ML TUBA  3690,06592169,NIVEA,0.10 l,ko,,32.8,3.28,3.49,4.69,9005800315676,KOZMETIKA
LOSION NIV SUN S KAROT SPF 6 200ml,06592261,NIVEA,0.20 l,ko,12.99,64.95,,12.99,12.99,4005900247186,KOZMETIKA
FLASTER HANS UNIV 40/1  9458,06621158,HANSAPLAST,40.00 ko,ko,3.99,0.1,,3.99,3.99,4005800239458,TOALETNE POTREPŠTINE
ROLL ON NIVEA SENS PROTECT M 50ml,90034525,NIVEA,0.05 l,ko,,78.2,3.91,4.19,5.59,0000042242055,KOZMETIKA
FRISKIES FUNTASTIX 175G,90052130,FRISKIES,0.18 kg,ko,2.99,17.09,,2.19,2.99,7613033444814,PROIZVODI ZA KUĆANSTVO
GEL TUŠ AXE AFRICA 400ml,90068783,AXE,0.40 l,ko,4.95,12.38,,4.95,4.95,54024892,KOZMETIKA
ČIPS K PLUS HRUSTY BACON XCUT 150g,90070294,HRUSTY,0.15 kg,ko,1.29,8.6,,1.29,1.29,3850334009838,HRANA
ZUBATAC +1000 g CROMARIS,90079148,,1.00 kg,kg,27.99,27.99,,16.78,27.99,3858890590876,HRANA
BLACK TIGER,90096942,,1.00 kg,kg,12.99,12.99,,7.79,12.99,,HRANA
VISKI EMBASSY CLUB 0.7L,90089536,EMBASSY CLUB,0.70 l,ko,11.49,16.41,,8.99,8.99,5010509007023,PIĆE
JUHA KREM GLJIVE S MASL ULJEM 63g,90091493,PODRAVKA,0.06 kg,ko,1.49,23.65,,1.49,1.49,3850104271540,HRANA
ČOKOLADA GOGA KANDI 90 g,90142851,KANDIT,0.09 kg,ko,1.69,18.78,,1.69,1.69,3858881046740,HRANA
DŽEM MARELICA PRIMA FRUTTA 240G,90157649,MENZ&GASSER,0.24 kg,ko,3.32,13.83,,3.32,3.32,8008660095017,HRANA
EKSTRA DŽEM OD SUHE SMOKVE I ROGAČA  240 G,90179575,MARINA,0.24 kg,ko,3.69,15.37,,3.69,3.69,3859888295568,HRANA
GARI 28G GRUPO OHANA,90185213,AS SUSHI,0.03 kg,ko,1.71,61.07,,1.71,1.71,0604580001299,HRANA
MASLINE KALAMATA ODKOŠT 150g,90187372,GAEA,0.15 kg,ko,4.99,33.27,,4.99,4.99,5201671802466,HRANA
PAP RUPČIĆI NATUR BALZ 4SL 10/1,90190386,NATUR,10.00 ko,ko,1.25,0.13,,1.25,1.25,3838900965658,TOALETNE POTREPŠTINE
GEL TUŠ NIVEA CREME CARE 500ML,90231984,NIVEA,0.50 l,ko,6.29,12.58,,6.29,6.29,9005800282497,KOZMETIKA
SV KOLJENICA SK MHF,90283091,PIK VRBOVEC,1.00 kg,kg,,2.99,2.99,2.99,4.05,3850139523454,HRANA
SPUŽVASTA KRPA DAX 5/1,90289998,DAX,5.00 ko,ko,2.09,0.42,,1.46,2.09,3850334608147,PROIZVODI ZA KUĆANSTVO
SIR TVRDI LIVANJSKI 180g,90299260,MLJEKARA LIV,0.18 kg,ko,6.29,34.94,,6.29,6.29,3877000339877,HRANA
VINO ARABELLA CABERNET SAUVIGNON 0.75L,90307146,ARABELLA,0.75 l,ko,5,6.67,,5,5,6009816930277,PIĆE
BUČINA SJEMENKA VEDRINI 500g,90307596,VEDRINI,0.50 kg,ko,4.79,9.58,,4.79,4.79,3858889331831,HRANA
HIG UL NAT ULTRA NORMAL DUO 20/1,90308098,NATURELLA,20.00 ko,ko,2.85,0.14,,2.85,2.85,8001090585592,TOALETNE POTREPŠTINE
PAN CARRE INTEGRALNI KRUH 315g,90310851,BARILLA,0.32 kg,ko,2.39,7.59,,2.39,2.39,8076809571982,HRANA
VINO CABERNET SAUVIGNON KV 1.0L,90311519,BELJE,1.00 l,ko,7.05,7.05,,7.05,7.05,3850257021375,PIĆE
PDX PASTA ZA ZUBE COMP PROTE WHITENING 75ml,90311884,PARODONTAX,0.08 l,ko,6.99,93.2,,6.99,6.99,5054563948366,KOZMETIKA
SHEBA MM VREĆICA MINI IZBOR PERADI 6X50g,90320317,SHEBA,0.30 kg,ko,3.29,10.97,,2.59,2.59,4770608265892,PROIZVODI ZA KUĆANSTVO
KAVA MUST CREMOSO ORO MLJEVENA 250g,90324320,MUST,0.25 kg,ko,4.99,19.96,,4.99,4.99,8056370766307,HRANA
SMUĐ SVJ +1000 MEDUZA,90356721,MEDUZA,1.00 kg,kg,15.59,15.59,,9.35,15.59,,HRANA
JADRANSKA KOZICA OČIŠĆENA 250g,90356833,ADRIA MARE,0.25 kg,ko,6.69,26.76,,5.99,6.69,3856023602366,HRANA
SPREJ NIVEA SENS F 50+ 200ml,90360656,NIVEA,0.20 l,ko,21.49,107.45,,21.49,21.49,4005900604965,KOZMETIKA
GAZ PIĆE SCHWEPPES TONIC WATER 1L,90361223,SCHWEPPES,1.00 l,ko,1.79,1.79,,1.79,1.79,5449000044808,PIĆE
SIMPLY VENUS3 MULTICOL JEDNOKR BRIJAČI 6kom,90362777,VENUS,6.00 ko,ko,,0.99,5.96,5.89,7.45,7702018426201,KOZMETIKA
BISKVIT SOFT FINESSE 135g,90363417,FINESSE,0.14 kg,ko,1.19,8.81,,1.19,1.19,3850334001498,HRANA
VINO GRAŠEVINA PARALELA 0.75L KRAUTHAKER,90364466,KRAUTHAKER,0.75 l,ko,6.05,8.07,,6.05,6.05,3859892481018,PIĆE
KEKS FINESSE PETIT BEURRE 460g,90373349,FINESSE,0.46 kg,ko,1.99,4.33,,1.99,1.99,3838900955611,HRANA
PRALINE THANK YOU MILKA MLIJEKO 110g,90377735,MILKA,0.11 kg,ko,4.99,45.36,,3.74,4.99,7622210598714,HRANA
KEKS BELVITA SOFT PUNJ ČOK 250g,90381682,BELVITA,0.25 kg,ko,3.35,13.4,,2.51,3.35,7622210591203,HRANA
TOLSTOLOBIK FILET PAK KONZUM,90389239,,1.00 kg,kg,10.59,10.59,,3.89,10.59,,HRANA
PROTEIN 1ST WHEY 30g SACHET JAFFA,90400556,POLLEO,0.03 kg,ko,1.99,66.33,,1.99,1.99,3858892293263,HRANA
STICK DOVE Ž ORIG 50 ml,90885163,DOVE,0.05 l,ko,,80.2,4.01,5.35,5.35,59099611,KOZMETIKA
ČOKOLADA SPECIAL MOMENTS DUBAI 80 g,90885276,SPECIAL MOMENTS,0.08 kg,ko,4.99,62.38,,3.49,4.99,3850334437471,HRANA
SERUM NIVEA CELL EX VIT C 30 ml,90885390,NIVEA,0.03 l,ko,,536,16.08,22.99,22.99,9005800388557,KOZMETIKA
DET ARIEL MOUNTAIN SPRING 60TAB,90886585,ARIEL,60.02 ko,ko,20.99,0.35,,20.99,20.99,8700216765145,SREDSTVA ZA ČIŠĆENJE
RAJČICA PASIRANA ST 700 g LATORRENTE,90890498,LA TORRENTE,0.70 kg,ko,2.19,3.13,,2.19,2.19,8000282001865,HRANA
ŠEĆER KOCKA SMEĐI 250 g LARA,90890572,LARA,0.25 kg,ko,1.79,7.16,,1.79,1.79,3859892259907,HRANA
ŠTAPIĆI PRIMA KIKIRIKI 40 g,90894828,SOKO ŠTARK,0.04 kg,ko,0.49,12.25,,0.49,0.49,8600939212844,HRANA
SRED SUPER JON UNIV ANTISTAT 300 ml,90899767,SUPER JON,0.30 l,ko,,8.17,2.45,3.49,3.49,3850111505768,SREDSTVA ZA ČIŠĆENJE
JOGURT VOĆ DUKATINO MIX 125g DUKAT,02334226,DUKATINO,0.13 kg,ko,0.59,4.72,,0.59,0.59,3850354001782,HRANA
KAVA LAVAZZA GRAN CREMA ESP 1kg,04070283,LAVAZZA,1.00 kg,ko,39.99,39.99,,39.99,39.99,8000070024854,HRANA
WOK 84g KOTANYI,04102086,KOTANYI,0.08 kg,ko,3.25,38.69,,2.99,3.25,9001414541494,HRANA
BOMBON RONDO C CLASSIC 28 g,04195094,CEDEVITA,0.03 kg,ko,0.59,21.07,,0.59,0.59,38502934,HRANA
ZP SIGNAL WHITE SYSTEM 75ML,06530199,SIGNAL,0.08 l,ko,3.29,43.87,,2.29,2.29,5900300804511,KOZMETIKA
DET CALGON 1000g KAMENAC,08010700,CALGON,1.00 kg,ko,12.39,12.39,,12.39,12.39,5997321701806,SREDSTVA ZA ČIŠĆENJE
PANCETA DALM CCA 350g DIM-MES,90034382,DIM MES,1.00 kg,kg,19.49,19.49,,19.49,19.49,,HRANA
KOBASICA DOMAĆA DIMLJENA RFZ MM,90077570,MM,1.00 kg,kg,12.99,12.99,,9.29,12.99,3859893378805,HRANA
FANT FINA VARIVA 40g,90091763,FANT,0.04 kg,ko,1.39,34.75,,1.39,1.39,3850104271458,HRANA
ĆEVAPČICI PUREĆI 532g VINDIJA,90121885,VINDON,0.53 kg,ko,4.89,9.19,,4.89,4.89,3850339419090,HRANA
KEKSI MINI MADELEINES 250G,90168027,ST MICHEL,0.25 kg,ko,3.29,13.16,,3.29,3.29,3178531008110,HRANA
GEL TUŠ BIOBAZA MEN BLACK ENER 220ml,90172010,BIOBAZA,0.22 l,ko,,11.32,2.49,3.35,3.35,3859892638344,KOZMETIKA
LIZALICE MINI NIMM2 120g,90177602,NIMM2,0.12 kg,ko,2.35,19.58,,2.35,2.35,4014400930054,HRANA
BOMBON SPAGHETTI JABUKA 80g BEBETO,90343116,BEBETO,0.08 kg,ko,0.99,12.38,,0.93,0.93,8690146679615,HRANA
ULJE MASLIN EX DJEV 0.5L OL ISTRIA,90346270,OL ISTRIA,0.50 l,ko,14.99,29.98,,14.99,14.99,3858881192706,HRANA
KAVA GLORIA MLJEVENA VR 600g XXL,90346313,GLORIA,0.60 kg,ko,8.29,13.82,,8.29,8.29,3850291048956,HRANA
SUN TEKUĆI KRALJEVSKI PEKMEZ BIOBAZA 250ml,90360814,BIOBAZA,0.25 l,ko,,41.92,10.48,13.99,13.99,3856020903824,KOZMETIKA
REGEN FRUCTIS COCONUT WATER 200ml,90361831,GARNIER FRUCTIS,0.20 l,ko,,12.2,2.44,3.29,3.49,3600541970892,KOZMETIKA
MED CVJETNI HR  900g APIMEL,90363435,APIMEL,0.90 kg,ko,7.7,8.56,,7.7,7.7,3859888851733,HRANA
MARELICA GARDEN GOOD SUHA 180g,90363751,GARDEN GOOD,0.18 kg,ko,2.49,13.83,,1.85,2.49,3838900958483,HRANA
GROŽĐICA GARDEN GOOD SUHA 180g,90363768,GARDEN GOOD,0.18 kg,ko,1.09,6.06,,0.75,1.09,3838900958551,HRANA
KVIKI GRIC 200g PODRAVKA,90364819,KVIKI,0.20 kg,ko,2.15,10.75,,2.15,2.15,3856020225643,HRANA
BOMBON NIMM2 GUMENI SOFTIES 90g,90365248,NIMM2,0.09 kg,ko,1.19,13.22,,1.19,1.19,4014400917062,HRANA
KAŠA RIŽINA VANILIJA 60g DOBRA,90365297,DOBRA,0.06 kg,ko,1.15,19.17,,1.15,1.15,8595054905743,HRANA
BOJA TEKUĆA JESTIVA PLAVA 30ml  DR.OETKER,90377980,DR OETKER,0.03 l,ko,1.59,53,,1.59,1.59,5907707059469,HRANA
UMAK POKE 252ml KIKKOMAN,90403112,KIKKOMAN,0.25 l,ko,,16.71,4.21,6.49,6.49,8715035450301,HRANA
CIDER STARI LISAC 0.5 L LIM,90403541,STARI LISAC,0.50 l,ko,1.55,3.1,,1.55,1.55,3850103902117,PIĆE
NAPITAK PROTEIN ČOK UHT 0.5L VINDIJA,90404992,Z BREGOV,0.50 l,ko,2.49,4.98,,1.99,2.49,3850108023664,HRANA
LOSION NIV SUN SENS POS SUN 175ml,90406381,NIVEA,0.18 l,ko,,43.89,7.68,10.99,10.99,4005900702630,KOZMETIKA
LIZIKA 2/1 200g MLINAR,90406412,MLINAR,0.20 kg,ko,1.29,6.45,,1.29,1.29,3858889893063,HRANA
ŠUNKA PUREĆA DIMLJENA  PIK,90409798,PIK,1.00 kg,kg,,13.99,13.99,13.99,17.99,3850139520446,HRANA
KUPKA GENERA KUPINA MOŠUS 1L,90412269,GENERA,1.00 l,ko,2.39,2.39,,2.39,2.39,8003693401811,KOZMETIKA
SAVIJAČA VAN ČOK NOUG 450g LEDO,90422949,LEDO,0.45 kg,ko,3.99,8.86,,3.19,3.99,3850116036656,HRANA
SAPUN DALAN FRUIT GARDEN 100g,90425461,DALAN,0.10 kg,ko,0.49,4.9,,0.49,0.49,8690529507658,KOZMETIKA
SLANINA NARESCI 90g DOBRO,90428295,DOBRO,0.09 kg,ko,3.19,35.44,,2.49,3.19,3850133800827,HRANA
JOGURT ACTIMEL JAGOD BEZ DOD ŠEĆ 4X100g,90428373,ACTIMEL,0.40 kg,ko,2.49,6.23,,1.99,2.49,5997536303789,HRANA
DESERT JAGODA 70g DANONINO,90428382,DANONINO,0.07 kg,ko,0.99,14.14,,0.99,0.99,7350000550214,HRANA
SIRNI NAMAZ CLASSIC PAŠKA SIRANA 200g,90432982,PAŠKA SIRANA,0.20 kg,ko,1.89,9.45,,1.89,1.89,3859892884802,HRANA
GEL TUŠ NIVEA CREME SOFT 750ml,90478507,NIVEA,0.75 l,ko,,5.53,4.15,4.99,8.29,9005800218540,KOZMETIKA
JUHA KOKOŠJA BISTRA 58g MAGGI,90483142,MAGGI,0.06 kg,ko,1.09,18.79,,1.09,1.09,7613287259677,HRANA
NAPITAK ZOB 1L O'PLANT,90495013,O PLANT,1.00 l,ko,3.39,3.39,,2.19,3.39,3856020249847,HRANA
SET BIOBAZA FOR WOMAN I LOVE,90599296,BIOBAZA,1.00 ko,ko,9.49,9.49,,9.49,9.49,3856020909673,KOZMETIKA
CAPP JACOBS VANILIJA 12g,90627709,JACOBS,0.01 kg,ko,0.59,49.17,,0.59,0.59,8711000680216,HRANA
ARF STAKLO ANTISTATIC 650 ml,90627891,ARF,0.65 l,ko,1.79,2.75,,1.49,1.49,3850105181107,SREDSTVA ZA ČIŠĆENJE
TIJESTO REZ S MRK JAJ MAMINI 400g KOLEDA,90670116,KOLEDA,0.40 kg,ko,2.25,5.63,,1.59,2.25,3859888433526,HRANA
BRAŠNO KUKURUZNO  BIJELO  1 KG IZIDOR,90453569,IZIDOR,1.00 kg,ko,1.72,1.72,,1.72,1.72,3859893567025,HRANA
SIR SVJEŽI KREM ABC FIT 100g,90472808,ABC,0.10 kg,ko,1.35,13.5,,1.05,1.05,3856015324276,HRANA
REG HERB KONOPLJA 500ml,90478230,HERBAL THERAPY,0.50 l,ko,5,10,,5,5,8595641302405,KOZMETIKA
KREMA LICE LOREAL DE HYALURON 50ml,90478317,LOREAL,0.05 l,ko,9.99,199.8,,9.39,9.99,3600523775699,KOZMETIKA
ŠAMPON H&S TEA TREE PURITY 400ml,90478608,HEAD&SHOULDE,0.40 l,ko,6.69,16.73,,3.29,6.69,8001090496546,KOZMETIKA
PATRONE GILL MACH3 TURBO 5/1,90478655,GILLETTE,5.00 ko,ko,15,3,,15,15,7702018552344,KOZMETIKA
JELO U ČAŠI JUNETINA-WASABI 93g AJINOMOTO,90483198,AJINOMOTO,0.09 kg,ko,1.89,20.32,,1.89,1.89,5901384503659,HRANA
PAPAR ZELENI  ZR. 20g VEGETA MAESTRO,90484229,VEGETA MAESTRO,0.02 kg,ko,1.49,74.5,,1.49,1.49,3856020246990,HRANA
PIĆE GAZ FANTA SHOKATA 2L,90484789,FANTA,2.00 l,ko,2.29,1.15,,2.29,2.29,5449000291691,PIĆE
ČAJ KONOPLJA MENTA 25g BIO CANNONA,90485722,CANNONA,0.03 kg,ko,3.98,159.2,,3.98,3.98,3859893683145,HRANA
ŠTAPIĆI LOLI PAPIRNATI VATENI 100/1,90486969,LOLI,100.00 ko,ko,1.65,0.02,,1.65,1.65,3858890795202,TOALETNE POTREPŠTINE
SALAMA K PLUS DOMAĆA 700g VAK,90487175,K PLUS,0.70 kg,ko,7.39,10.56,,7.39,7.39,3859893544996,HRANA
SANYTOL PRAŠAK UKL MRLJA I DEZ 450g,90487423,SANYTOL,0.45 kg,ko,7.29,16.2,,7.29,7.29,3045206382007,SREDSTVA ZA ČIŠĆENJE
KREKER MJEŠAVINA SJEMENKI 80g ELEPHANT,90488400,ELEPHANT,0.08 kg,ko,,9.38,0.75,0.99,0.99,5949040201129,HRANA
ĆUFTE U UMAKU OD RAJČ 400g PODRAVKA,90493732,PODRAVKA,0.40 kg,ko,3.79,9.48,,2.84,3.79,3858886464952,HRANA
BOMBONI NARANČ LIMETA EKO 90g ALPENB,90498419,ALPENBAUER,0.09 kg,ko,2.29,25.44,,2.29,2.29,4054451250046,HRANA
SMOOTHIE MARAKUJA HELLO DAY 250ml,90498810,HELLO DAY,0.25 l,ko,2.25,9,,2.25,2.25,5902596646714,PIĆE
PIVO LAŠKO ZLATOROG 4PACK 0.5L LIM,90514621,LAŠKO,2.00 l,ko,5.29,2.65,,4.49,5.29,3830001712667,PIĆE
QUINOA INTEGRALNA 2X100g TIPIAK,90571668,TIPIAK,0.20 kg,ko,5.49,27.45,,5.49,5.49,3600900021845,HRANA
SAPUN LAHOR ANTIBACTERIAL 80g,90571736,LAHOR,0.08 kg,ko,0.89,11.13,,0.89,0.89,3850105177223,KOZMETIKA
DET FROSCH BADEM 750ml,90382842,FROSCH,0.75 l,ko,2.29,3.05,,1.6,2.29,4009175933980,SREDSTVA ZA ČIŠĆENJE
KAŠ HIPP BIO BAN I KRUŠ S MANG 100g,90385456,HIPP,0.10 kg,ko,1.35,13.5,,1.05,1.35,9062300133766,HRANA
MUESLI CRUNCH NATU ŠUMSKO VOĆE 350g,90386067,NATUREL,0.35 kg,ko,,7.4,2.59,2.59,3.59,3858889364815,HRANA
PRUTIĆ VOĆNI JABUKA I JAGODA 35g N.A,90386362,NATURE ADDICTS,0.04 kg,ko,1.69,48.29,,1.69,1.69,3609200003087,HRANA
GIN TANQUERAY TEN 0.7L,90390419,TANQUERAY,0.70 l,ko,52.39,74.84,,52.39,52.39,5000281020761,PIĆE
ZAGORSKI MLINCI 500G ŠKUDAR,90392510,ŠKUDAR,0.50 kg,ko,3.19,6.38,,3.19,3.19,3859892648039,HRANA
SIR TVRDI GRAN ISTRIANO 250G ŠPIN,90397536,ŠPIN,0.25 kg,ko,9.29,37.16,,9.29,9.29,3858881195196,HRANA
PRELJEV ČOKOLADA BEZ DOD ŠEĆERA 230g SLADKI GREH,90407546,SLADKI GREH,0.23 kg,ko,3.69,16.04,,3.69,3.69,3830039153265,HRANA
PIVO GARDEN INDIA PALE ALE 0.33L LIM,90407714,GARDEN,0.33 l,ko,1.99,6.03,,1.59,1.99,3859893653155,PIĆE
RUČNIK PAP VIOLETA MEGA 2SL 1/1 460 LIST,90408416,VIOLETA,1.00 ko,ko,4.91,4.91,,4.91,4.91,3870128011946,PROIZVODI ZA KUĆANSTVO
DRESSING MED - SENF 75 ml VREĆ DEVELEY,90412601,DEVELEY,0.08 l,ko,0.79,10.53,,0.55,0.79,4006824018135,HRANA
BOMBONI SKITTLES SMOOTHIE VR 38g,90423184,WRIGLEY,0.04 kg,ko,0.95,25,,0.68,0.95,4009900532327,HRANA
KEKS KOLUTIĆ UŠEĆERENI 168g SAN,90425012,SAN,0.17 kg,ko,1,5.95,,1,1,7622201456764,HRANA
ŠKARPINA UV ŽUVELA,90425144,ŽUVELA,1.00 kg,kg,37.99,37.99,,22.18,36.99,,HRANA
PILEĆA PRSA NAR 100g,90427802,AEQUILIBRIUM,0.10 kg,ko,1.46,14.6,,1.46,1.46,8008110258627,HRANA
PARTY CHIO MAXI MIX 200g,90428236,CHIO,0.20 kg,ko,2.09,10.45,,2.09,2.09,5996253000841,HRANA
INDIJSKI ORAŠČIĆ PRŽENI 60g VREĆ NATURA,90433285,NATURA,0.06 kg,ko,2.09,34.83,,1.46,2.09,3859893512582,HRANA
KAVA INTENSO NS 10/1 50g HAUSBRANDT,90443055,HAUSBRANDT,0.05 kg,ko,3.71,74.2,,3.71,3.71,8006980281059,HRANA
KOBASICA STELLINA 120g ANNAPURNA,90447898,ANNAPURNA,0.12 kg,ko,2.75,22.92,,2.75,2.75,3859890343097,HRANA
BOMBONI ŠUM VOĆE + VIT C BŠ 45G PULMOLL,90478687,PULMOLL,0.05 kg,ko,2.19,48.67,,2.19,2.19,4002590705729,HRANA
RUM BACARDI SPICED 0.7L,90483941,BACARDI,0.70 l,ko,18.05,25.79,,12.99,18.05,7610113007518,PIĆE
JOGURT GRČKI NATUR 150g KRAVICA,90485385,KRAVICA KRALJICA,0.15 kg,ko,0.99,6.6,,0.99,0.99,3856015324320,HRANA
SALAMA UNGHERESE,90486796,MONTORSI,1.00 kg,kg,19.99,19.99,,19.99,19.99,,HRANA
SOMUN RAW ŠTILJ 2x200g,90487143,RAW ŠTILJ,0.40 kg,ko,1.39,3.48,,0.85,0.85,3850334411952,HRANA
VISKI GLENMORANGIE LASANTA 0.7L,90498600,GLENMORANGIE,0.70 l,ko,51.05,72.93,,51.05,51.05,5010494917840,PIĆE
JOGURT BALANS+ 1kg PET,90513128,BALANS+,1.00 kg,ko,2.25,2.25,,2.25,2.25,3870199002720,HRANA
KEKS BOOM BOX ZOBENI KAKAO 200g,90568790,BOOM BOX,0.20 kg,ko,2.99,14.95,,2.99,2.99,3858890478051,HRANA
NAMAZ MLIJEČNI 30% MM 75g VERONIKA,90572747,VERONIKA,0.08 kg,ko,0.95,12.67,,0.95,0.95,3859889622080,HRANA
OM DAX MISTERY 2L,90577908,DAX,2.00 l,ko,2.79,1.4,,2.29,2.79,3838900962381,SREDSTVA ZA ČIŠĆENJE
ŠAMPON OLIVAL ČIČAK 250ml,90587927,OLIVAL,0.25 l,ko,6.09,24.36,,6.09,6.09,3858892693896,KOZMETIKA
PIZZA MOZZARELLA 350g MINUTE,90593050,MINUTE,0.35 kg,ko,,5.12,1.79,1.79,2.29,3850334132697,HRANA
ŠAMPON SCHAUMA ROSE OIL 2U1 400ml,90598553,SCHAUMA,0.40 l,ko,,7.48,2.99,2.99,4.19,9000101656695,KOZMETIKA
PHILADELPHIA BEZ LAKTOZE 150g KRAFT,90674714,PHILADELPHIA,0.15 kg,ko,3.49,23.27,,3.49,3.49,7622210230416,HRANA
NAMAZ POVRTNI CRNA MASLINA 95g ARGETA,90675216,ARGETA,0.10 kg,ko,1.89,19.89,,1.39,1.89,8606018021840,HRANA
TIJESTO REZANCI FRK S JAJ 400g MARODI,90703275,MARODI,0.40 kg,ko,2.39,5.98,,2.39,2.39,3859893944291,HRANA
RAKIJA TRAVARICA BARRIQUE KORLAT 0.7L,90704466,KORLAT,0.70 l,ko,24.05,34.36,,24.05,24.05,3850112122506,PIĆE
PIRE VOĆ JAB KOKO ANAN BIO100g FRULLA,90705132,FRULLA,0.10 kg,ko,1.19,11.9,,0.89,1.19,8024985010528,HRANA
BADEM JEZGRA FAMILY PACK EC 300g,90705627,EUROCOMPANY,0.30 kg,ko,4.29,14.3,,2.84,4.29,3872084014382,HRANA
MANGO SEEBERGER SUHI 100g,90705720,SEEBERGER,0.20 kg,ko,3.79,18.95,,3.79,3.79,4008258276006,HRANA
PAPIR ZA PEČEN LIST 30/1 42x38 FINO,90706373,FINO,30.00 ko,ko,3.29,0.11,,2.59,3.29,5201314172550,PROIZVODI ZA KUĆANSTVO
NEKTAR FRUCTAL JABUKA 0.2L,90706526,FRUCTAL,0.20 l,ko,0.73,3.65,,0.59,0.73,3838945040969,PIĆE
KAŠA ZOB ČOKO PROT 60g ACTIVE LIFE,90707218,ACTIVE LIFE,0.06 kg,ko,0.99,16.5,,0.99,0.99,3858891295022,HRANA
KAŠICA ORG GERBER JAB/BRES/MAR 125g,90707543,GERBER,0.13 kg,ko,1.59,12.72,,1.59,1.59,7613036047517,HRANA
ČOKOLINO PROTEIN POWER 350g,90707751,LINO,0.35 kg,ko,5.59,15.97,,5.59,5.59,3856020264789,HRANA
OM SILAN FRESH SKY 2.86L,90713165,SILAN,2.86 l,ko,,2.09,5.99,5.99,8.99,9000101581256,SREDSTVA ZA ČIŠĆENJE
MLIJEKO UHT K PLUS 1L 3.5%,90731610,K PLUS,1.00 l,ko,1.09,1.09,,1.09,1.09,3850334570819,HRANA
TUNJ RAJČICA EVA 100g/70g,90732352,EVA,0.07 kg,ko,2.39,34.14,,2.39,2.39,3856020263218,HRANA
ŠUNKA PUREĆA DALMATINKA NAR 100g,90732789,VINDON,0.10 kg,ko,2.59,25.9,,2.59,2.59,3850159128936,HRANA
TUBA FRULLÀ BIO JAB/JAG 100g,90734704,FRULLA,0.10 kg,ko,0.89,8.9,,0.89,0.89,8024985011037,HRANA
ŠAMPON OLEA VOĆE I VITAMIN 500ml,90735084,OLEA,0.50 l,ko,1.39,2.78,,1.39,1.39,3850334073341,KOZMETIKA
MLIJEKO TIJ OLEA MEDIT SMILJE 250ml,90735104,OLEA,0.25 l,ko,,7.96,1.99,2.49,2.49,3850334099662,KOZMETIKA
DET PERSIL FBS 2.97kg=54PR,90745024,PERSIL,2.97 kg,ko,23.99,8.08,,23.99,23.99,9000101806311,SREDSTVA ZA ČIŠĆENJE
MIX NESCAFE FRAPPE 3U1 CARAMEL 15 g,90750910,NESCAFE,0.02 kg,ko,0.35,23.33,,0.35,0.35,8445291184091,HRANA
RIŽOTO S TARTUFIMA 175g ZIGANTE,90731084,ZIGANTE,0.18 kg,ko,3.99,22.8,,3.99,3.99,3858891981550,HRANA
ČAJ ROOIBOS ACAI&POMEGR 15/1 30g ETS,90731641,ENGLISH TEA SHOP,0.03 kg,ko,5.99,199.67,,5.99,5.99,680275059592,HRANA
MUESLI CRUNCHY ČOKOLADA 300g,90739720,DOBRA,0.30 kg,ko,3.99,13.3,,3.99,3.99,8595054907785,HRANA
ČIPS RIŽA TEXAS BARBECUE 60g B YOND,90739837,B YOND,0.06 kg,ko,1.29,21.5,,1.29,1.29,3800233091625,HRANA
ŠUNKA PIK NATUR MA NAR 100g,90744857,PIK NATUR,0.10 kg,ko,2.49,24.9,,2.09,2.49,3850139282139,HRANA
NAPITAK ISO SPORT LIMUN-GREJP 4X1L,90745464,ISO SPORT,4.00 l,ko,4.29,1.07,,4.29,4.29,3850108877991,PIĆE
KH-7 KUPAONICA 750ml,90745809,KH-7,1.00 ko,ko,3.99,3.99,,3.19,3.99,8420822131553,SREDSTVA ZA ČIŠĆENJE
NAMAZ POVRTNI OKUS KOKOŠ 95g ARGETA,90750788,ARGETA,0.10 kg,ko,1.89,19.89,,1.39,1.89,3838471050937,HRANA
NAMAZ KIKIRI KOMADIĆI 325 g BONNE MAMAN,90750834,BONNE MAMAN,0.33 kg,ko,5.19,15.97,,5.19,5.19,3608580141112,HRANA
ČIPS DORITOS TACO PIKANTNI 90g,90754987,DORITOS,0.09 kg,ko,1.99,22.11,,1.69,1.99,8606017379416,HRANA
KROASAN BELINO MINI FAMILY KAKAO 185 g,90759808,BELINO,0.19 kg,ko,1.99,10.76,,1.99,1.99,5301000230127,HRANA
KROASAN BELINO MINI FAMILY VANILIJA 185 g,90759810,BELINO,0.19 kg,ko,1.99,10.76,,1.99,1.99,5301000230431,HRANA
HUMMUS JALAPENO PAP 180g GURU,90764830,RIBELLA,0.18 kg,ko,2.25,12.5,,2.25,2.25,8606011896254,HRANA
SHEBA MM IZBOR PERADI U ŽELEU 4X85g,90765274,SHEBA,0.34 kg,ko,3.29,9.68,,2.59,2.59,4770608247683,PROIZVODI ZA KUĆANSTVO
KAKAO NAPITAK 450ml K PLUS,90770096,K PLUS,0.45 l,ko,1.09,2.42,,1.09,1.09,3850334105462,HRANA
TALIANETTA MAC N CHEESE 160g PODRAVKA,90770356,TALIANETTE,0.16 kg,ko,2.49,15.56,,1.59,2.49,3856020269319,HRANA
KIKIRIKI JUMBO SLANI 180 g ,90770867,JUMBO,0.18 kg,ko,1.69,9.39,,1.69,1.69,8606015852638,HRANA
KREMA MIXA NIACINAMID 50 ml,90771331,MIXA,0.04 l,ko,6,150,,6,6,3600551108414,KOZMETIKA
NAPITAK ZOB 4X1 L DAR,90775288,DAR,4.00 l,ko,7.96,1.99,,7.96,7.96,3850108028089,HRANA
KREMA ZA KOSU SUBRINA 150 ml,90775296,SUBRINA,0.15 l,ko,4,26.67,,4,4,3838980608520,KOZMETIKA
GEL TUŠ AGRADO JAGOD 750 ml,90795014,AGRADO,0.75 l,ko,2.79,3.72,,1,2.79,8433295061029,KOZMETIKA
KAVA DG RIST BARISTA 16/1 3PACK 312 g,90800505,DOLCE GUSTO,0.31 kg,ko,12.99,41.63,,12.99,12.99,8445290869678,HRANA
NEG PIĆE B+C+E VINDI 0.5 l,90800799,VINDI,0.50 l,ko,0.99,1.98,,0.99,0.99,3850108072341,PIĆE
NEG PIĆE LIMUNADA VINDI 1.5 l,90800806,VINDI,1.50 l,ko,1.79,1.19,,1.79,1.79,3850108072365,PIĆE
LIKER TERANINO SPECIAL MOMENTS 0.5 L,90824790,SPECIAL MOMENTS,0.50 l,ko,14.05,28.1,,12.59,14.05,3850334430656,PIĆE
ULJE SUNCOK BEZ MIR BIO 1000 ml NUTRIGOLD,90825147,NUTRIGOLD,1.00 l,ko,4.99,4.99,,4.99,4.99,3858891972770,HRANA
SIR MEKI BURATA 125 g SPECIAL MOMENTS,90825193,SPECIAL MOMENTS,0.13 kg,ko,2.29,18.32,,1.99,2.29,3850334430182,HRANA
ŠAMPON SCHAUMA ANTIDANDR SENS 400 ml,90825335,SCHAUMA,0.40 l,ko,,9.98,3.99,3.99,4.99,9000101737844,KOZMETIKA
DET FAKS 5IN1 UNIVERSAL 22TAB,90825968,FAKS,22.00 ko,ko,13.49,0.61,,9.44,13.49,3850105187284,SREDSTVA ZA ČIŠĆENJE
SNACK BANANA BADEM ČOK 70 g LOV BITES,90826264,LOV BITES,0.07 kg,ko,2.49,35.57,,2.49,2.49,5201044012447,HRANA
SET OS CAPT STICK50+SG250+OTV,90826361,OLD SPICE,1.00 ko,ko,6,6,,6,6,8700216131599,KOZMETIKA
NAPITAK ČOKO KARAMELA 250 ml MILKA,90830436,MILKA,0.25 l,ko,1.55,6.2,,1.55,1.55,5711953190087,HRANA
SLJEME SLANINA VAK,90851079,SLJEME,1.00 kg,kg,10.99,10.99,,10.49,10.99,3850139285383,HRANA
LEĆA GARDEN GOOD 420/240 g,90854707,GARDEN GOOD,0.24 kg,ko,0.79,3.29,,0.79,0.79,3838900842850,HRANA
ČAJ MENTA 20/1 26 g FRANCK,90869872,FRANCK,0.03 kg,ko,1.79,68.85,,1.79,1.79,3850291055411,HRANA
ŠAMPON HERBA KAMILICA 1 l,90885033,HERBA,1.00 l,ko,2.69,2.69,,2.69,2.69,5310001138684,KOZMETIKA
BRIJAČ VENUS COMF GL+DRŽ,90885664,VENUS,1.00 ko,ko,,7.67,7.67,11.99,11.99,8700216674195,KOZMETIKA
BOMBONI GUMENI LITTLE MIX 90 g FINI,90886081,FINI,0.09 kg,ko,1.39,15.44,,1.39,1.39,8410525202575,HRANA
GEL TUŠ MELEM GYLCERIN 260 ml,90886097,MELEM,0.26 l,ko,3.99,15.35,,3.19,3.99,3856007912856,KOZMETIKA
PAŠTETA LOSOS DIM 100 g GAVRILOVIĆ,90886175,GAVRILOVIĆ,0.10 kg,ko,2.99,29.9,,2.99,2.99,3858892726709,HRANA
POESIE MM MIX ŽELE 12X85 g,90886211,VITAKRAFT,1.02 kg,ko,6.79,6.66,,6.79,6.79,4008239589798,PROIZVODI ZA KUĆANSTVO
UMAK RAJČICA DATTER 330 g AGROMONTE,90886575,AGROMONTE,0.33 kg,ko,3.99,12.09,,3.99,3.99,8032817245185,HRANA
 PILEĆA PRSA S&FIT 100G PEPERITO PER,90886729,PERUTNINA,0.10 kg,ko,1.99,19.9,,1.99,1.99,3838977042986,HRANA
STICK AXE KEN BL VAN 50 ml,90889920,AXE,0.25 l,ko,,16.44,4.11,5.49,5.49,59004660,KOZMETIKA
ČOKOLADA MILKA LOTUS BISCOFF 190 g,90889948,MILKA,0.19 kg,ko,4.49,23.63,,4.49,4.49,7622202305337,HRANA
OSVJ SHAKE ORMAR TEAK&PALISANDE 3/1,90890126,SHAKE,1.00 ko,ko,1.99,1.99,,1.89,1.89,3859890779278,SREDSTVA ZA ČIŠĆENJE
LEDENI ČAJ BRESKVA JUICY 1.5 L,90890133,JUICY,1.50 l,ko,1.59,1.06,,1.55,1.59,3858890977905,PIĆE
VODA IZVOR STUDENA 4+2 GRATIS 1.5 L,90894713,STUDENA,6.00 l,ko,3.56,0.59,,3.56,3.56,3856022301802,PIĆE
SUNSET MIX 350 g NATURA PLUS,90895285,NATURA,0.35 kg,ko,4.99,14.26,,4.99,4.99,3858893922520,HRANA
SIR POLUTVRDI EMENTALER SPOMLEK,90719987,SPOMLEK,1.00 kg,kg,,6.97,6.97,,,3858890211856,HRANA
NAPITAK L-CARNITINE 2000 NARAN 0.75L ,90731260,POLLEO,0.75 l,ko,,1.99,1.49,2.05,2.05,3856026806785,PIĆE
NAMAZ PROSERIES PEANUT BUTTER SMOOTH 450g,90344845,POLLEO,0.45 kg,ko,,9.98,4.49,5.99,5.99,3858892290002,HRANA
BROWNIE DOUBLE CHOCO 225g DOLCELA,90770236,DOLCELA,0.23 kg,ko,3.79,16.84,,3.79,3.79,3856020271787,HRANA
GRAŠAK 400g/280g D AUCY,90770405,D AUCY,0.28 kg,ko,1.69,6.04,,1.69,1.69,3017800252369,HRANA
ČOKOLADNI OBLAK 455g DR OETKER,90770737,DR OETKER,0.46 kg,ko,3.85,8.46,,3.85,3.85,4000521004804,HRANA
MASKA BOTANIC THERAPY OAT 340 ml,90774940,BOTANIC THERAPY,0.34 l,ko,,13.79,4.69,6.29,6.29,3600542509671,KOZMETIKA
KREMA OLIVAL LICE SPF30 50 ml,90785080,OLIVAL,0.05 l,ko,7.99,159.8,,7.99,7.99,3858892694930,KOZMETIKA
GAZ PIĆE SCHW BITTER LEM 4PACK 0.33 l,90789839,SCHWEPPES,1.32 l,ko,4.65,3.52,,4.65,4.65,5449000234001,PIĆE
NEKTAR NARANČA CAPPY 1 l,90794953,CAPPY,1.00 l,ko,2.85,2.85,,2.85,2.85,5449000323217,PIĆE
ULJE BUČINO SPICE CHEF 500ML ,90804876,SPICE CHEF,0.50 l,ko,7.99,15.98,,7.99,7.99,3850334107060,HRANA
ULJE BUČINO SPICE CHEF 250ML ,90804879,SPICE CHEF,0.25 l,ko,4.99,19.96,,4.99,4.99,3850334106889,HRANA
FRISKIES MP JUNIOR PILE MRK 85 g,90809754,FRISKIES,0.09 kg,ko,0.75,8.82,,0.59,0.59,8445290751096,PROIZVODI ZA KUĆANSTVO
ČOKOLADA ROCHER WHITE 90g,90810202,FERRERO,0.09 kg,ko,2.49,27.67,,2.49,2.49,8000500359884,HRANA
VINO PINOT SIVI DVANAJŠČAK 0.75 L,90814920,DVANAJŠČAK,0.75 l,ko,8.59,11.45,,8.59,8.59,3859893380204,PIĆE
COLLAGEN ZOE MARINE RASPBERRY 300 g,90839922,ZOE,0.30 kg,ko,39.99,133.3,,39.99,39.99,3856026710266,HRANA
GRAH CRVENI GARDEN GOOD 3X210/140 g,90854730,GARDEN GOOD,0.42 kg,ko,1.99,4.74,,1.99,1.99,3838900842966,HRANA
MUESLI LINO MULTIGRAIN/JAGODA 150 g,90874773,LINO,0.15 kg,ko,,13.27,1.99,1.99,2.79,3856020277253,HRANA
FLUID MIXA  TAMNE MRLJE 50 ml,90885092,MIXA,0.05 l,ko,11.49,229.8,,11.49,11.49,3600551156705,KOZMETIKA
OSVJ SHAKE ORMAR LAVANDA 3/1,90890128,SHAKE,1.00 ko,ko,1.99,1.99,,1.89,1.89,3859890779353,SREDSTVA ZA ČIŠĆENJE
GRAŠAK 260g LIM PODRAVKA,01550016,PODRAVKA,0.26 kg,ko,1.49,5.73,,1.19,1.49,3850104050862,HRANA
KUKURUZ ŠEĆERAC 360g ST BONDUELL,01551374,BONDUELLE,0.36 kg,ko,2.69,7.47,,1.88,2.69,3083680015424,HRANA
RAJČICA PASIRANA ST 700g MUTTI,01570911,MUTTI,0.70 kg,ko,1.49,2.13,,1.49,1.49,80042563,HRANA
HOBBY VIT MINI KUNIĆ 500g,01640519,HOBBY,0.50 kg,ko,1.99,3.98,,1.99,1.99,3838964109487,PROIZVODI ZA KUĆANSTVO
DARLING SP MESO POVRĆE 15KG,01640594,DARLING,15.00 kg,ko,,1.67,24.99,39.99,39.99,7613032933821,PROIZVODI ZA KUĆANSTVO
ŠUNKA U OVITKU PIK VRBOVEC,02032319,PIK VRBOVEC,1.00 kg,kg,12.29,12.29,,8.99,12.29,3850139170856,HRANA
SIR POLUTV GOUDA 48% BAYREUTH,02052991,BAYREUTH,1.00 kg,kg,6.49,6.49,,5.99,5.99,,HRANA
SIR POLUTV PODRAVEC 45% 250g DUKAT,02055423,PRESIDENT,0.25 kg,ko,3.59,14.36,,3.59,3.59,3850355007349,HRANA
GRDOBINA I SVJ MEDUZA,02195270,,1.00 kg,kg,17.49,17.49,,10.49,17.49,,HRANA
MUZGAVAC BIJELI  SVJ CENTAURUS,02197764,,1.00 kg,kg,3.79,3.79,,2.27,3.79,,HRANA
KEFIR 0.9% 200g VINDIJA,02330102,Z BREGOV,0.20 kg,ko,0.75,3.75,,0.75,0.75,3850108030549,HRANA
ŠLAG K 220ml LEDO,02350334,LEDO,0.22 l,ko,1.99,9.05,,1.49,1.49,3850116506623,HRANA
JUN POTRBUŠINA  ,02411972,PIK VRBOVEC,1.00 kg,kg,10.99,10.99,,10.99,10.99,3850139523164,HRANA
JUN JETRA ,02480016,,1.00 kg,kg,5.69,5.69,,5.69,5.69,3850139420982,HRANA
VINO PLAVAC 0.75L BLATO,03024000,BLATO 1902,0.75 l,ko,5.69,7.59,,5.69,5.69,3859888154025,PIĆE
LIKER ORAHOVAC 1L BADEL,03070485,BADEL 1862,1.00 l,ko,15.05,15.05,,15.05,15.05,3850112110626,PIĆE
SOK 100% ANANAS JUICY 1L,03140548,JUICY,1.00 l,ko,2.79,2.79,,2.55,2.79,3858890970692,PIĆE
NEGAZIRANO PIĆE MULTI YIPPY  0.33L,03141848,YIPPY,0.33 l,ko,1.39,4.21,,1.25,1.25,9008700141963,PIĆE
NAPITAK SOJA ČOKOLADA 1L ALPRO,03150012,ALPRO,1.00 l,ko,3.99,3.99,,3.99,3.99,5411188300328,HRANA
GAZ PIĆE SKY COLA 2L,03166973,SKY COLA,2.00 l,ko,,0.68,1.35,1.35,1.79,3871059000481,PIĆE
VODA IZVOR JANA JAG-GUAVA 0.5L JAM,03185023,JANA,0.50 l,ko,1.05,2.1,,1.05,1.05,3858884600956,PIĆE
BRAŠNO NAMJ ZA KOL T-400 1kg ČAK ML,04034278,ČAK MLINOVI,1.00 kg,ko,0.83,0.83,,0.83,0.83,3858884172637,HRANA
CIMET MLJEVENI 25g VREĆ KOTANYI,04100233,KOTANYI,0.03 kg,ko,1.29,51.6,,0.77,1.29,9001414015650,HRANA
SOL MORSKA KRUPNA 1kg PVC SOLANA PAG,04110037,SOLANA PAG,1.00 kg,ko,0.7,0.7,,0.7,0.7,3859888155442,HRANA
ŠEĆER KOCKA 500g RIO PAK,04129016,RIO PAK,0.50 kg,ko,2.39,4.78,,2.39,2.39,3859888279476,HRANA
KEKS PETIT BEURRE 960g KRAŠ,04142430,KRAŠ,0.96 kg,ko,5.09,5.3,,4.07,5.09,3850102311446,HRANA
KEKS PIKNIK 460g KOESTLIN,04144046,KOESTLIN,0.46 kg,ko,2.85,6.2,,2.85,2.85,3858881090262,HRANA
KREMA TIRAMISU 100g DOLCELA,04180075,DOLCELA,0.10 kg,ko,2.09,20.9,,2.09,2.09,3850104066405,HRANA
PRAŠAK ZA PECIVO 12g 5+1GRATIS PODRA,04180648,DOLCELA,0.06 kg,ko,1,16.67,,0.5,0.5,3850104242175,HRANA
PRELJEV ZA TORTE SVJE 36g 3X12g DR O,04181669,DR OETKER,0.04 kg,ko,2.29,63.61,,2.29,2.29,5997381370738,HRANA
MARCIPAN ZENTIS 100g,04199508,ZENTIS,0.10 kg,ko,2.09,20.9,,2.09,2.09,4002575016253,HRANA
ČOKOL MIKADO RIŽA 75g,04210965,MIKADO,0.08 kg,ko,1.09,14.53,,1.09,1.09,3858881064256,HRANA
ŠUMEĆE TABL MULTIV 96g NATUREL,04280419,NATUREL,0.10 kg,ko,2.25,23.44,,2.25,2.25,3858887241729,HRANA
TIJESTO MEZZE PEN TRICOL 78 LC 500g,04310291,BARILLA,0.50 kg,ko,3.49,6.98,,3.49,3.49,8076809501415,HRANA
HIG UL LIBRESSE INV SUP CL DUO 16/1,06500092,LIBRESSE,16.00 ko,ko,3.05,0.19,,1.99,3.05,7322541195056,TOALETNE POTREPŠTINE
TAMPONI OLEA SUPER 16/1,06500244,OLEA,16.00 ko,ko,1.05,0.07,,1.05,1.05,3850334600721,TOALETNE POTREPŠTINE
GEL NIVEA MILD 200ML,06560043,NIVEA,0.20 l,ko,7.59,37.95,,5.69,7.59,4005808265466,KOZMETIKA
JUN VRAT SK MARTINJAK  MHF,90308783,,1.00 kg,kg,6.99,6.99,,6.99,6.99,3859893702471,HRANA
DEO AXE GOLD 150ml,90310917,AXE,0.15 l,ko,,22.73,3.41,4.55,4.55,8710447249017,KOZMETIKA
GROŽĐICA ZLATNA 150g NATURA,90311330,NATURA,0.15 kg,ko,1.86,12.4,,1.86,1.86,3859893124259,HRANA
VINO CAB SAUV 0.75L VINA LAGUNA,90311358,LAGUNA,0.75 l,ko,6.39,8.52,,6.39,6.39,3858881190597,PIĆE
DEO NIVEA MEN DEEP 150ml,90311650,NIVEA,0.15 l,ko,,27.93,4.19,4.49,5.99,9005800379845,KOZMETIKA
LEDENI ČAJ ŠUMSKO VOĆE 1.5L FUZETEA,90311881,FUZETEA,1.50 l,ko,1.75,1.17,,1.75,1.75,5449000239303,PIĆE
DŽEM BOROVNICA STEVIA 330g GOOD,90325660,GOOD GOOD,0.33 kg,ko,5.04,15.27,,5.04,5.04,5694230257010,HRANA
ULJE MASLIN SORT ASCOLA 0.25L OL IST,90346261,OL ISTRIA,0.25 l,ko,9.99,39.96,,9.99,9.99,3858881192591,HRANA
SIR MEKI HALLOUMI 225g,90348966,DODONI,0.23 kg,ko,4.69,20.84,,4.69,4.69,5201168915013,HRANA
NEG PIĆE FRUCTAL FIRST NAR/ĐUM 0.5L,90360741,FRUCTAL,0.50 l,ko,1.25,2.5,,1.25,1.25,3838945035316,PIĆE
GAZ PIĆE FANTA ORANGE 0.33L,90361114,FANTA,0.33 l,ko,1.09,3.3,,1.09,1.09,5449000322241,PIĆE
BISKVIT MILKA CHOCO BROWNIE 150g,90361875,MILKA,0.15 kg,ko,3.39,22.6,,2.37,3.39,7622210652775,HRANA
PROTEIN BAR BANANA 35g,90366045,POLLEO,0.04 kg,ko,1.49,42.57,,1.49,1.49,3858892292228,HRANA
BRAŠNO INTEGRALNO PIROVO 1kg FARINA,90377974,FARINA,1.00 kg,ko,2.06,2.06,,2.06,2.06,3858887100972,HRANA
ŠEĆER U PRAHU 200g SWEET CHEF,90381486,SWEET CHEF,0.20 kg,ko,0.65,3.25,,0.65,0.65,3850334197412,HRANA
ŠUNKA PUREĆA STANCIJA 100g GAVRILOVIĆ,90382197,GAVRILOVIĆ,0.10 kg,ko,1.99,19.9,,1.99,1.99,3858890203295,HRANA
OM DAX FRESH 2L,90389180,DAX,2.00 l,ko,2.79,1.4,,2.29,2.79,3838900962398,SREDSTVA ZA ČIŠĆENJE
FORTIA NATUR 0.5% 1kg TTOP VINDIJA,90401245,FORTIA,1.00 kg,ko,2.49,2.49,,2.12,2.49,3850108032642,HRANA
ZP COLG DJ DIGITAL PRINT 50ml,90401658,COLGATE,0.05 l,ko,,33.8,1.69,1.67,2.39,8718951321434,KOZMETIKA
GEL GOT2B GLUED 150ml,90403238,GOT2B,0.15 l,ko,,37.93,5.69,7.99,7.99,9000100366526,KOZMETIKA
OM SILAN JUNGLE 2.772 L,90879998,SILAN,2.77 l,ko,5.99,2.16,,5.99,5.99,9000101581911,SREDSTVA ZA ČIŠĆENJE
PIVO K1664 BLANC 4PACK 0.5 l LIM,90884945,KRONENBOURG 1664,2.00 l,ko,6.15,3.08,,6.15,6.15,8600331002753,PIĆE
SOK OD LIMUNA 500 ml REALEMON,90890038,REALEMON,0.50 l,ko,3.99,7.98,,3.99,3.99,5410233711829,HRANA
PERECI SLANI 250g ZLATNO ZRNO,04025444,ZLATNO ZRNO,0.25 kg,ko,2.59,10.36,,2.59,2.59,3859889360746,HRANA
LIP BALM MELEM 4.5g,06588115,MELEM,0.01 kg,ko,,708.89,3.19,3.11,3.89,3856007902840,KOZMETIKA
KREMA MELEM 35ML,06591360,MELEM,0.04 l,ko,,136.86,4.79,4.71,5.89,3856007901409,KOZMETIKA
DEO FA SPORT ENERGY BOOST 150ml,90035436,FA,0.15 l,ko,3.99,26.6,,2.49,3.99,9000100736763,KOZMETIKA
KREMA ZA RUKE EVELINE KOZJE MLIJEKO 100ML,90045024,EVELINE,0.10 l,ko,,12.6,1.26,1.69,1.69,5907609338464,KOZMETIKA
DESERT CORNY TAMNA ČOK 6X25g,90081600,SCHWARTAU,0.15 kg,ko,2.89,19.27,,2.89,2.89,4011800520922,HRANA
GEL OLIVAL VENO 250ml,90111852,OLIVAL,0.25 l,ko,3.29,13.16,,3.29,3.29,3859892751074,KOZMETIKA
ULOŠCI INKO VIR SPEC EXT 10/1,90152911,VIR,10.00 ko,ko,3.99,0.4,,3.99,3.99,3838985871158,TOALETNE POTREPŠTINE
UMAK S ARTIČOKAMA POLLI 190g,90155350,POLLI,0.19 kg,ko,3.99,21,,3.99,3.99,8001310811234,HRANA
TOFFIFEE USKRS 375g STORCK,90158931,TOFFIFEE,0.38 kg,ko,8.49,22.64,,6.79,8.49,4014400919424,HRANA
ČVARCI SLAVONSKI 250g,90170395,MESO-RAD,0.25 kg,ko,4.99,19.96,,4.99,4.99,3859891884940,HRANA
PECIVO HOT DOG 4/1 250G DON DON,90170399,DON DON,0.25 kg,ko,1.89,7.56,,1.89,1.89,3858885564547,HRANA
PAP RUPČ LUMPI KUTIJA 3SL 60/1,90190722,LUMPI,59.99 ko,ko,1.86,0.03,,1.86,1.86,3838900976661,TOALETNE POTREPŠTINE
ČAJ UVIN INST 180g NATURAVITA,90213019,NATURAVITA,0.18 kg,ko,5.89,32.72,,5.89,5.89,3858884090719,HRANA
MAJONEZA K PLUS 620g,90273823,K PLUS,0.62 kg,ko,2.92,4.71,,2.92,2.92,3850334609977,HRANA
ZUBNA ČETKICA AQF FLEX MEDIUM TRIOPACK,90275046,AQUAFRESH,1.00 ko,ko,3.09,3.09,,3.09,3.09,5054563124272,KOZMETIKA
SIR MEKI MASCARPONE K PLUS 500G,90287049,K PLUS,0.50 kg,ko,4.25,8.5,,3.59,3.59,3850334599049,HRANA
SIR TVRDI KRAVLJI 230G ŠPIN,90289836,ŠPIN,0.23 kg,ko,5.69,24.74,,4.49,5.69,3858881194885,HRANA
VINO TRAMINAC ĐAK NADBISKUPIJA 0.75 L,90306941,ĐAKOVAČKA BISKUPIJA,0.75 l,ko,8.35,11.13,,8.35,8.35,3859888310285,PIĆE
KEKSI S VLAKNIMA BŠ 170g GULLON,90314747,GULLON,0.17 kg,ko,,7.71,1.31,2.19,2.19,8410376039733,HRANA
PUR MARINIRANI RAŽNJIĆI 470g PIKANT VINDIJA,90331285,VINDON,0.47 kg,ko,7.99,17,,6.99,6.99,3850339489086,HRANA
ODREZAK PIL I PUR MESO SA ŠPINATOM 440g,90354096,AIA,0.44 kg,ko,,6.02,2.65,2.65,2.65,8008110013417,HRANA
DEO OLD SPICE WOLF 150ml,90359981,OLD SPICE,0.15 l,ko,,24.93,3.74,4.99,4.99,4015600306595,KOZMETIKA
KEKS NOBLICE KAKAO 350g BANINI VR,90360702,BANINI,0.35 kg,ko,1.99,5.69,,1.99,1.99,8600462040150,HRANA
REGENER FRUCTIS ALOE 200ml,90360716,GARNIER FRUCTIS,0.20 l,ko,,11.95,2.39,3.29,3.49,3600542134835,KOZMETIKA
VANISH LIQ PINK 2L,90362909,VANISH,2.00 l,ko,13.99,7,,11.19,13.99,5997321747828,SREDSTVA ZA ČIŠĆENJE
SRDELA SLANA PELAGOS U SUNC ULJU 120g,90377791,PELAGOS,0.12 kg,ko,3.49,29.08,,3.49,3.49,3859893545085,HRANA
LIKER AMARO 18 ISOLABELLA 0.7L,90380510,AMARO 18,0.70 l,ko,11.89,16.99,,11.89,11.89,8001110017034,PIĆE
KEKS DOLCI CEREALI CLASSIC DULCETTI 250g,90400693,DULCETTI,0.25 kg,ko,1.75,7,,1.75,1.75,3850334011046,HRANA
SOK OD ARONIJE 100%0.75l  BOKUN,90403908,BOKUN,0.75 l,ko,7.09,9.45,,7.09,7.09,3859891224326,PIĆE
PASTA BOURBON VANIL 19g DR OETKER,90412535,DR OETKER,0.02 kg,ko,2.29,120.53,,2.29,2.29,5907707059773,HRANA
KOCKE ZA POTPALU 32/1 FLASH PETROL,90301905,FLASH,32.00 ko,ko,1.45,0.05,,1.45,1.45,4007467822103,PROIZVODI ZA KUĆANSTVO
BADEM PEČENI SLANI 100g NATURA,90301915,NATURA,0.10 kg,ko,3.32,33.2,,2.32,3.32,3859892798871,HRANA
KAŠA ZOB ČOK 65g MY LIFE,90302033,MY LIFE,0.07 kg,ko,0.79,12.15,,0.79,0.79,3858891292045,HRANA
VINO MERLOT FESTIGIA 0.75L VINA LAGUNA,90311421,LAGUNA,0.75 l,ko,13.45,17.93,,13.45,13.45,3858881191945,PIĆE
PEDIGREE BISCROK 400g,90320315,PEDIGREE,0.40 kg,ko,3.99,9.98,,3.19,3.99,5010394986052,PROIZVODI ZA KUĆANSTVO
KAVA MUST ESPRESSO CREMOSO ZRNO 1kg,90324312,MUST,1.00 kg,ko,12.39,12.39,,12.39,12.39,8056370766000,HRANA
VODA VITAMIN WELL RELOAD 0.5L,90325163,VITAMIN WELL,0.50 l,ko,2.05,4.1,,2.05,2.05,7350042716074,PIĆE
UMAK ČEŠNJAK VREĆICA 80g THOMY,90325775,THOMY,0.08 kg,ko,1.15,14.38,,1.15,1.15,8445291314924,HRANA
PROSERIES ENERGY GEL BOOST 40g KIWI STRAWBERR,90344477,POLLEO,0.04 kg,ko,2.49,62.25,,2.49,2.49,3859893008788,PIĆE
KOCKA ZA JUHU GOVEĐA 110g,90344715,FATTORIA ITALIA,0.11 kg,ko,0.8,7.27,,0.8,0.8,8012429003304,HRANA
OSLIĆ 300-500 MEDUZA,90356792,MEDUZA,1.00 kg,kg,8.89,8.89,,5.33,8.89,,HRANA
ČOKOLADA RIBANA MLIJEČNA 100g RUF,90360065,RUF,0.10 kg,ko,3,30,,2.47,3.09,4002809024351,HRANA
GAZ PIĆE FANTA ORANGE ZERO 1L,90361102,FANTA,1.00 l,ko,1.49,1.49,,1.29,1.49,5449000138170,PIĆE
KEKS TWINS BŠ 147g GULLON,90361468,GULLON,0.15 kg,ko,,8.5,1.25,2.09,2.09,8410376051384,HRANA
SIR POLUTV GAUDA 100g REZ ZDENKA,90361605,ZDENKA,0.10 kg,ko,2.29,22.9,,2.29,2.29,3858888596279,HRANA
STUDENTSKI MIX GARDEN GOOD 180g,90363755,GARDEN GOOD,0.18 kg,ko,2.75,15.28,,1.79,2.69,3838900958506,HRANA
ZAČIN GRILL SMOKED 80g KOTANYI,90363940,KOTANYI,0.08 kg,ko,2.69,33.63,,1.34,2.69,9001414306840,HRANA
VINO PINOT SIVI PARALELA 0.75L KRAUTHAKER,90364465,KRAUTHAKER,0.75 l,ko,6.05,8.07,,6.05,6.05,3859892481049,PIĆE
GIN SAX ORIGINAL  0.7L,90365070,SAX,0.70 l,ko,12.05,17.21,,12.05,12.05,3850112142894,PIĆE
KAŠA RIŽINA ČOKOLADA 60g DOBRA,90365299,DOBRA,0.06 kg,ko,1.15,19.17,,1.15,1.15,8595054905767,HRANA
OKRUGLICE MESNE PUREĆE 400g VINDIJA,90365451,VINDON,0.40 kg,ko,4.49,11.23,,4.49,4.49,3850339439135,HRANA
SLAD PLAZMA SENDVIČ 129ml LEDO,90378017,LEDO,0.13 l,ko,1.99,15.43,,1.99,1.99,3850116033983,HRANA
MLIJEKO UHT 0.9% MM 1L TE,90381451,Z BREGOV,1.00 l,ko,1.55,1.55,,1.55,1.55,3850108021592,HRANA
LENOR MIRISNE PERLICE GOLD ORCHID 210g,90382262,LENOR,0.21 ko,ko,4,19.05,,4,4,8001841182285,SREDSTVA ZA ČIŠĆENJE
ČAJ KAMILICA 20g DAR PRIRODE,90386141,DAR PRIRODE,0.02 kg,ko,1.19,59.5,,1.19,1.19,3859892997083,HRANA
ULJE ZA KOSU DIFFEL ARGAN 75ml,90403250,DIFEEL,0.08 l,ko,3.99,53.2,,3.99,3.99,711716145014,KOZMETIKA
GORSKI SIR ZAČINSKO BILJE 340g CASEUS,90404025,OPG CASEUS,0.34 kg,ko,5.79,17.03,,4.99,5.79,3857500021298,HRANA
TOTAN SVJ ŽUVELA,90405104,,1.00 kg,kg,6.29,6.29,,3.77,6.29,,HRANA
PRŠUT NAREZAK 250g PISINIUM,90405848,PISINIUM,0.25 kg,ko,8.39,33.56,,5.99,7.69,3858884937335,HRANA
ČAJ LEDENI  PARTY ŠUMSKO V BRUS 1.5L,90407026,PARTY,1.50 l,ko,1.25,0.83,,0.96,1.25,3857500079961,PIĆE
NJOKI S GORGONZOLOM NOVARESE 270g,90408600,PASTIFICICO NOVARESE,0.27 kg,ko,2.65,9.81,,2.65,2.65,8006827600142,HRANA
FUSILLI AL PESTO NOVARESE 270g,90408609,PASTIFICICO NOVARESE,0.27 kg,ko,2.65,9.81,,2.65,2.65,8006827600111,HRANA
SENDVIČ PAGNOTTO IL NORVEGESE 160g,90408698,IL PAGNOTTO,0.16 kg,ko,3.79,23.69,,3.79,3.79,8056459022041,HRANA
PAPAR MJEŠAVINA SPICE CHEF 35G MLINAC,90409635,SPICE CHEF,0.04 kg,ko,1.99,56.86,,1.99,1.99,3850334133762,HRANA
FILET LOSOSA ŽUVELA,90422991,,1.00 kg,kg,16.79,16.79,,10.07,16.79,,HRANA
ORIGANO USITNJ ECONOMY 25g KOTANYI,90423151,KOTANYI,0.03 kg,ko,2.29,91.6,,2.09,2.29,9001414008119,HRANA
BOJA EXCELL 03 PEP PLAVA,90423408,LOREAL EXCELLANCE,1.00 ko,ko,,6.69,6.69,8.59,8.99,3600523956715,KOZMETIKA
JABUKA ZELENA 900 grama,90425304,,0.90 kg,ko,1.49,1.66,,1.49,1.49,3858885878163,HRANA
RAKIJA KAJSIJA JEDNA 0.5L,90432802,JEDNA,0.50 l,ko,23.95,47.9,,23.95,23.95,0745125703329,PIĆE
KOKOT GLAVE RZ KOMIŽA,90433242,RZ KOMIŽA,1.00 kg,kg,1.69,1.69,,1.01,1.69,,HRANA
HRENOVKA POLI 260g PERUTNINA,90468593,POLI,0.26 kg,ko,1.99,7.65,,1.69,1.69,3850220153935,HRANA
GEL TUŠ NIVEA CREME CARE 750ml,90478504,NIVEA,0.75 l,ko,,5.53,4.15,4.99,8.29,9005800223063,KOZMETIKA
KAVA MUST DECAFFEINATO NS 10/1 50g,90494609,MUST,0.05 kg,ko,3.15,63,,3.15,3.15,8056370761067,HRANA
DŽEM EXTRA ŠUMSKO VOĆE 320g PODRAVKA,90572914,PODRAVKA,0.32 kg,ko,3.89,12.16,,3.89,3.89,3856020253134,HRANA
DEO NIVEA Ž BLACK&WHITE CLEAR 250ml,90597880,NIVEA,0.25 l,ko,,14.36,3.59,5.39,7.19,9005800379203,KOZMETIKA
BUĐOLA DALMATINSKA 1/2 VP PIVAC,90598411,PIVAC,1.00 kg,kg,24.99,24.99,,16.99,24.99,3858881618039,HRANA
OM ECOVER GARDENIA&VANILLA 750ml,90600499,ECOVER,0.75 l,ko,3.29,4.39,,2.55,3.19,5000204247121,SREDSTVA ZA ČIŠĆENJE
SALATA SLANI SIR MINUTE 180g,90623216,MINUTE,0.18 kg,ko,2.99,16.62,,2.99,2.99,3850334019004,HRANA
TEL REBRA I PRSA SK MARTINJAK DOMAĆA,90669291,MARTINJAK,1.00 kg,kg,10.49,10.49,,10.49,10.49,3859893702518,HRANA
KEKS DOM SMOKV ROGAČ 150g KEKSOM,90670187,KEKSOMANIJA,0.15 kg,ko,3.32,22.13,,3.32,3.32,3857500127822,HRANA
GRAH BIJELI CANNELLINI GARDEN GOOD 240g,90697775,GARDEN GOOD,0.24 kg,ko,0.89,3.71,,0.89,0.89,3850334028365,HRANA
TJEST SPAGHETTI CRV LEĆA BG 250g BAR,90447828,BARILLA,0.25 kg,ko,5.49,21.96,,5.49,5.49,8076809577014,HRANA
JUHA KOK. NOODLES 5x75g FINI MINI ,90599282,FINI MINI,0.38 kg,ko,2.69,7.17,,2.69,2.69,3856020258337,HRANA
ZAČIN KURKUMA VR 110G VEGETA MAESTRO,90599295,VEGETA MAESTRO,0.11 kg,ko,2.69,24.45,,2.69,2.69,3856020256326,HRANA
GAZ PIĆE FENTIMANS ROSE LEMONADE 0.75L,90599349,FENTIMANS,0.75 l,ko,7.05,9.4,,7.05,7.05,5029396738767,PIĆE
COCKTAIL T-QUILA SUNRISE 0.33L NB,90599792,A LE COQ,0.33 l,ko,1.65,5,,1.15,1.55,4740098002970,PIĆE
AJAX GLASS PINK TRIGGER 750ml,90603072,AJAX,0.75 l,ko,2.59,3.45,,2.59,2.59,8718951048669,SREDSTVA ZA ČIŠĆENJE
PEL GAĆ VIOL AD MAXI 6 44/1,90622976,VIOLETA,44.00 ko,ko,,0.27,11.99,11.99,15.93,3870128031838,TOALETNE POTREPŠTINE
KAVA ESPRESSO RISTRETTO NS 10/1 77g JACOBS,90623140,JACOBS,0.08 kg,ko,5.59,72.6,,5.59,5.59,8711000371206,HRANA
SALV PALOMA BOŽIĆ SNJEGOVIĆ 33x33 20/1,90668663,PALOMA,20.00 ko,ko,2.29,0.11,,2.29,2.29,3838952033831,PROIZVODI ZA KUĆANSTVO
ČIPS TORTILLA CHIO ORIGINAL 110g,90669555,CHIO,0.11 kg,ko,1.99,18.09,,1.99,1.99,4001242106334,HRANA
KOLAČ DONUTS TRIPLE CHOCO 58g JAFFA,90670303,JAFFA,0.06 kg,ko,0.99,17.07,,0.79,0.99,8600114010838,HRANA
KRPA MAGIC REKORD TIM STAKLO 40x40 cm,90673119,REKORD TIM,1.00 ko,ko,4.49,4.49,,4.49,4.49,3858882683760,PROIZVODI ZA KUĆANSTVO
KAVA STRETTO NS 10/1 57g FRANCK,90673602,FRANCK NC,0.06 kg,ko,4.59,80.53,,4.59,4.59,3850291053646,HRANA
KAVA SUPERIORE NS 10/1 57g FRANCK,90673608,FRANCK NC,0.06 kg,ko,4.99,87.54,,4.99,4.99,3850291053660,HRANA
VREĆICE PEČENJE 8/1 F&P,90675194,FRESH&PACK,1.00 ko,ko,1.79,1.79,,1.79,1.79,8605002358580,PROIZVODI ZA KUĆANSTVO
NEKTAR MOJ DAN NARANČA 1L ,90699263,MOJ DAN,1.00 l,ko,1.15,1.15,,1.15,1.15,3850334028112,PIĆE
JUHA KREM BEGOVA ČORBA 60g HR,90703008,PODRAVKA,0.06 kg,ko,1.39,23.17,,1.39,1.39,3850104036637,HRANA
MLIJEKO OLEA SPF20 200ml,90360474,OLEA,0.20 l,ko,5.49,27.45,,5.49,5.49,3850334153746,KOZMETIKA
LIKER CAMPARI 0.7L,90380765,CAMPARI,0.70 l,ko,20.69,29.56,,20.69,20.69,8000040001106,PIĆE
BIFTEK OBREZAK GOVEĐI,90389302,,1.00 kg,kg,6.99,6.99,,6.99,6.99,,HRANA
VANISH WHITE LIQUID 500ML,90392030,VANISH,0.50 l,ko,4.79,9.58,,3.83,4.79,5997321747736,SREDSTVA ZA ČIŠĆENJE
KEKS TART MARELICA 210g BANINI,90403885,BANINI,0.21 kg,ko,1.49,7.1,,1.49,1.49,8600462040938,HRANA
ČAJ LEDENI ARIZONA MED ŠLJIVA 0.45L,90407053,ARIZONA,0.45 l,ko,1.55,3.44,,1.55,1.55,0613008753412,PIĆE
ORAH MLJEVENI 200g SWEET CHEF,90408270,SWEET CHEF,0.20 kg,ko,1.99,9.95,,1.19,1.19,3850334132833,HRANA
ČOKOLADA DORINA DOMAĆICA 105g,90411130,DORINA,0.11 kg,ko,1.99,18.95,,1.45,1.45,3850102519323,HRANA
INSTANT NESCAFE BLACK ROAST 200g,90433158,NESCAFE,0.20 kg,ko,11.29,56.45,,7.29,11.29,7613038902364,HRANA
TJESTE GLIATELLE ALL'UOVO 250g RUMMO,90447809,RUMMO,0.25 kg,ko,2.99,11.96,,2.99,2.99,8008343221320,HRANA
GLAVA ZAMJ ORAL B ZA EL ČETK CROSS BL 4 KOM,90453725,ORAL B,4.00 ko,ko,,3.7,14.79,21.25,21.25,8006540847671,KOZMETIKA
PEL GAĆICE PAMPERS CP S4 25/1,90477868,PAMPERS,25.00 ko,ko,5,0.2,,5,5,8006540067741,TOALETNE POTREPŠTINE
DESERT MONTE LJEŠNJ -30% ŠEĆ 150g ZOTT,90488312,MONTE,0.15 kg,ko,1.19,7.93,,1.19,1.19,40338910,HRANA
PEKMEZ ŠLJIVA 350g PODRAVKA,90570523,PODRAVKA,0.35 kg,ko,3.39,9.69,,3.39,3.39,3856020252793,HRANA
ZP KALODONT CANNAB WHITE 75ml,90571768,KALODONT,0.08 l,ko,1.79,23.87,,1.39,1.79,3850105178633,KOZMETIKA
GEL TUŠ/KOSA BIOB ROMANCE 400ml,90572408,BIOBAZA,0.40 l,ko,,9.45,3.78,5.05,5.05,3856020908324,KOZMETIKA
NAPITAK ZOB BADEM 500ml BOOM BOX,90573313,BOOM BOX,0.50 l,ko,1.99,3.98,,1.99,1.99,3858890478792,HRANA
PIVO PILSNER URQUELL 0.5L PB,90573724,ASAHI,0.50 l,ko,1.39,2.78,,1.39,1.39,8594404018324,PIĆE
NAPITAK SOJA HP. ČOK. 250ml ALPRO ,90573983,ALPRO,0.25 l,ko,2.59,10.36,,2.59,2.59,5411188133476,HRANA
TOAST K PLUS AMERICAN INTEGRAL 750g,90593371,K PLUS,0.75 kg,ko,2.15,2.87,,1.59,1.59,3850334519801,HRANA
NEG PIĆE FRUC NARANČA 0.5L PET,90603202,FRUCTAL,0.50 l,ko,1.05,2.1,,1.05,1.05,3838945501392,PIĆE
MIX NESCAFE 3U1 CREAMY LATTE 15g,90607903,NESCAFE,0.02 kg,ko,0.35,23.33,,0.35,0.35,8445290099754,HRANA
SIR POLUT OVČJI REZ 80g ALBENIZ,90617975,ALBENIZ,0.08 kg,ko,2.29,28.63,,2.29,2.29,8427298009225,HRANA
SALVETE PREMIUM ŽUTA 33X33 3SL 30/1,90632935,NATUR,1.00 ko,ko,1.06,1.06,,1.06,1.06,3850334017987,PROIZVODI ZA KUĆANSTVO
DET ARIEL COLOR 24 TAB,90662796,ARIEL,24.00 ko,ko,10,0.42,,10,10,8001090726827,SREDSTVA ZA ČIŠĆENJE
OM ORNEL CALMING 800ml,90667864,ORNEL,0.80 l,ko,2.95,3.69,,1.99,2.95,3850105181862,SREDSTVA ZA ČIŠĆENJE
DESERT FULL MUNCH BIJE ČOKO I JAGODA 128g,90670296,MUNCHMALLOW,0.13 kg,ko,1.79,13.98,,1.43,1.79,8600114010012,HRANA
OM LENOR SENSITIVE 1.23L,90703495,LENOR,1.23 l,ko,3,2.44,,3,3,8006540889923,SREDSTVA ZA ČIŠĆENJE
MAGLICA TROPIC SUN BIOBAZA 250ml,90706297,BIOBAZA,0.25 l,ko,,22.12,5.53,7.39,7.39,3856020909796,KOZMETIKA
TJESTENINA LINGUINE BG 400g RUMMO,90707767,RUMMO,0.40 kg,ko,4.19,10.48,,4.19,4.19,8008343880138,HRANA
DET WEISSER RIE GEL UNIV 4.5L 100PR,90713676,WEISSER RIESE,4.50 l,ko,18.99,4.22,,18.99,18.99,9000101564426,SREDSTVA ZA ČIŠĆENJE
DESERT GO ON PROTEIN PEANUT CARAMEL 50g,90730797,GO ON,0.05 kg,ko,1.49,29.8,,1.49,1.49,5900617041685,HRANA
PIVO GRIF IPA 0.5L LIM ,90730840,GRIF,0.50 l,ko,2.55,5.1,,2.55,2.55,3859893353666,PIĆE
ŠAMPINJONI GARDEN GOOD 390G/230g,90731289,GARDEN GOOD,0.23 kg,ko,1.59,6.91,,1.59,1.59,3850334070838,HRANA
SENDVIČ HIGH PROTEIN PURETINA 150g,90731567,EUROCHEF,0.15 kg,ko,3.49,23.27,,3.49,3.49,8033524201020,HRANA
GULAŠ GOVEĐI MINUTE 400g,90735128,MINUTE,0.40 kg,ko,3.49,8.73,,3.49,3.49,3850334070241,HRANA
RAKIJA ŠLJIVOVICA 0.1L MARASKA,03060769,MARASKA,0.10 l,ko,1.79,17.9,,1.79,1.79,3850158300708,PIĆE
LIKER UNDERBERG BITTER 0.02L,03080197,UNDERBERG,0.02 l,ko,1.75,87.5,,1.75,1.75,40341002,PIĆE
VISKI JACK DANIEL'S 0.5L,03080729,JACK DANIELS,0.50 l,ko,19.55,39.1,,19.55,19.55,5099873046067,PIĆE
PIVO PAN RADLER LIMUN 0.5L LIM,03131135,PAN,0.50 l,ko,1.55,3.1,,1.55,1.55,3858887580842,PIĆE
SOK FRUTEK MRKVA 0.125L,03140468,FRUTEK,0.13 l,ko,0.99,7.92,,0.99,0.99,3838945502757,PIĆE
NEKTAR CRNI RIB HAPPY DAY 1L,03142017,HAPPY DAY,1.00 l,ko,2.29,2.29,,2.29,2.29,9008700181860,PIĆE
KRUH TRI ŽITARICE 500g MASTER,04010633,MASTERMACHER,0.50 kg,ko,2.39,4.78,,2.39,2.39,4000446001735,HRANA
BRAŠNO GLATKO T-550 1kg PODRAVKA,04030203,PODRAVKA,1.00 kg,ko,0.79,0.79,,0.79,0.79,3850104223624,HRANA
KAVA LEDENA NES XPRESS MACCH 250ml,04071193,NESCAFE,0.25 l,ko,2.05,8.2,,1.79,2.05,8445290619198,HRANA
CURRY 45g MLINAC KOTANYI,04100443,KOTANYI,0.05 kg,ko,3.98,88.44,,3.98,3.98,9001414041161,HRANA
MED CVJETNI 450g MEDO FLOR,04130071,MEDO FLOR,0.45 kg,ko,3.79,8.42,,3.79,3.79,3859888378025,HRANA
DVOPEK FETTE DORATE 315g 2060 AWT,04140495,MULINO BIANCO,0.32 kg,ko,2.75,8.73,,2.75,2.75,8076809512060,HRANA
KEKS GRANCEREALE KROKANT 230g,04141391,BARILLA,0.23 kg,ko,2.85,12.39,,1.99,2.85,8076809540162,HRANA
OBLATNE 200g TENA,04150009,TENA,0.20 kg,ko,1.19,5.95,,1.19,1.19,3859892466022,HRANA
MUESLI ČOKOLADA 375g DR OETKER,04170510,VITALIS,0.38 kg,ko,4.19,11.17,,4.19,4.19,4000521642105,HRANA
BOMBON PEPERMINT 100g TVR KRAŠ,04191821,KRAŠ,0.10 kg,ko,1.25,12.5,,1.25,1.25,3850102210312,HRANA
PRELJEV ŠUM VOĆE 250g SLADKI GREH,04230253,SLADKI GREH,0.25 kg,ko,3.29,13.16,,3.29,3.29,3838900034286,HRANA
KREKER RISETTE INTEG EKO 150g SCOTTI,04280240,RISO SCOTTI,0.15 kg,ko,,11.27,1.69,2.39,2.39,8001860258633,HRANA
KREMA COREGA EKSTRA JAKO NEUTRAL 40g,06513703,COREGA,0.04 kg,ko,,131.25,5.25,6.19,6.19,5054563203106,KOZMETIKA
NIVEA MEN PROTE&CARE GEL ZA TUŠ 250ml,06521467,NIVEA,0.25 l,ko,2.99,11.96,,1.89,2.99,9005800224459,KOZMETIKA
ZP PARODONT WHITENING 75ML,06530945,PARODONTAX,0.08 l,ko,5.55,74,,2.99,5.55,5054563949141,KOZMETIKA
PJENA NIVEA SENS 200ML,06560147,NIVEA,0.20 l,ko,5.09,25.45,,3.79,5.09,4005808310715,KOZMETIKA
BRITVICE PLATINUM D/E SSC 5/1 2595,06630094,GILLETTE,5.00 ko,ko,,0.36,1.8,1.79,2.25,3014260596989,KOZMETIKA
PATRONE GILL FUS 4/1,06630400,GILLETTE,4.00 ko,ko,21.25,5.31,,21.25,21.25,7702018866984,KOZMETIKA
VRGANJI SUHI 50g BOKUN,90031058,BOKUN,0.05 kg,ko,8.09,161.8,,8.09,8.09,3859891224609,HRANA
HIG UL NAT THICK NIGHT 14,90031409,NATURELLA,14.00 ko,ko,2.39,0.17,,2.39,2.39,4015400437932,TOALETNE POTREPŠTINE
PIVO OŽUJSKO GREJP 0.50 POV BOCA,90035146,OŽUJSKO,0.50 l,ko,1.25,2.5,,1.25,1.25,3850131002520,PIĆE
VLASAC SVJEŽI ZB BIO,90035611,KORA,0.13 kg,ko,,9.52,1.19,1.09,1.69,3856028689140,HRANA
DŽEM NARANČA NONA 230g,90038366,NONA,0.23 kg,ko,3.79,16.48,,3.79,3.79,3859892174668,HRANA
ALGE MORSKE SUŠENE 14g SAITAKU,90056013,SAITAKU,0.01 kg,ko,2.52,180,,2.52,2.52,5060194790052,HRANA
BOJA SYOSS OLEO 6-10 TAMNO PLAVA,90059992,SYOSS OLEO,1.00 ko,ko,,6.49,6.49,6.49,7.99,9000100814645,KOZMETIKA
KIKIRIKI U TJES CHILI 60g MOGYI,90063647,MOGYI,0.06 kg,ko,0.8,13.33,,0.6,0.8,5997347542049,HRANA
KREMA NIVEA VIS CELLULAR DN 50ml,90064190,NIVEA,0.05 l,ko,,279.6,13.98,19.99,19.99,9005800244143,KOZMETIKA
KRUH FINI DOMAĆI 700g PAK KLARA,90065893,KLARA,0.70 kg,ko,2.25,3.21,,2.25,2.25,3856016900493,HRANA
DEKOR PERLE SREBRNE 10g DR OETKER,90073942,DR OETKER,0.01 kg,ko,0.69,69,,0.69,0.69,5907707057373,HRANA
PAŠTETA PIKANT 95g LO,90087682,PODRAVKA,0.10 kg,ko,1.29,13.58,,0.89,1.29,3858886469261,HRANA
SAPUN TEK K PLUS OLEA SH/ALM 500ml,90097695,OLEA,0.50 l,ko,1.45,2.9,,1.45,1.45,3850334567604,KOZMETIKA
PAŠTETA JETRENA K PLUS 95G LO,90153733,K PLUS,0.10 kg,ko,0.85,8.95,,0.85,0.85,3850334524478,HRANA
VOĆNI NAMAZ ŠIPAK 500G PODRAVKA,90157658,PODRAVKA,0.50 kg,ko,2.99,5.98,,2.99,2.99,3850104273544,HRANA
LESKOVAČKA PLJESKAVICA 480G,90160735,AVE,0.48 kg,ko,6.29,13.1,,4.4,6.29,3831020345959,HRANA
KEKS MILKA CHOCO LILASTIX 112G,90166766,MILKA,0.11 kg,ko,2.25,20.09,,1.57,2.25,7622210406354,HRANA
GAZ PIĆE PARTY COLA 2L,90183986,PARTY,2.00 l,ko,1.09,0.55,,1.09,1.09,3850334542694,PIĆE
ZAČIN PILETINA 30g VEGETA NATUR,90185723,VEGETA NATUR,0.03 kg,ko,1.19,39.67,,0.79,1.19,3850104278594,HRANA
ZAČIN ZA SALATU 30g VEGETA NATUR,90185728,VEGETA NATUR,0.03 kg,ko,1.19,39.67,,0.79,1.19,3850104278600,HRANA
KAŠA ZOB JAB CHIA 50g ENCIAN,90186368,SUPERFOODS BY ENCIAN,0.05 kg,ko,,13.6,0.68,0.89,0.89,3858890101454,HRANA
MASLINE KALAMATA U SALAMURI 300g,90187343,GAEA,0.18 kg,ko,4.79,27.37,,4.79,4.79,5201671000503,HRANA
PAP RUPČIĆI NATUR KUTIJA 3SL 60/1,90189243,NATUR,59.99 ko,ko,1.86,0.03,,1.86,1.86,3838900976654,TOALETNE POTREPŠTINE
ČOKOL MERCI TAMNA 100G,90229179,MERCI,0.10 kg,ko,2.79,27.9,,2.79,2.79,4014400914276,HRANA
PIVO PILSNER URQUEL LIM 0.5L,90232952,ASAHI,0.50 l,ko,1.75,3.5,,1.75,1.75,8594404115115,PIĆE
LIKER MARASCHINO 0.1 - Bordo,90235804,MARASKA,0.10 l,ko,1.79,17.9,,1.79,1.79,3850158401689,PIĆE
PANCETA DIMLJ KOCKICE NAR 2X70g,90240558,MONTORSI,0.14 kg,ko,2.49,17.79,,2.49,2.49,80639749,HRANA
SALVETE NATUR PREM GREEN APPLE 33X33 3SL 30/1,90261028,NATUR,1.00 ko,ko,1.06,1.06,,1.06,1.06,3838900953679,PROIZVODI ZA KUĆANSTVO
MIJEŠ MLJEV MESO 540g (MA),90276063,PIK VRBOVEC,0.54 kg,ko,,7.39,3.99,3.63,5.19,3850139540635,HRANA
BOMBON MENTOL ZELENI 100g KRAŠ,04191990,KRAŠ,0.10 kg,ko,0.89,8.9,,0.89,0.89,3850102215614,HRANA
ČOKOL ZA JELO I KUHANJE 100g KRAŠ,04212221,DORINA,0.10 kg,ko,2.09,20.9,,2.09,2.09,3850102110605,HRANA
KREKER FETTE CROC BEZ GL 150g SCHAR,04280001,DR SCHAR,0.15 kg,ko,,15.93,2.39,2.99,2.99,8008698007303,HRANA
ŠAMPON SCHAUMA Q10 400ml,06520940,SCHAUMA,0.40 l,ko,,7.48,2.99,2.99,4.19,3838824193106,KOZMETIKA
BOJA CASTING CR GLOSS 300 CHAT,06540742,LOREAL CASTING CREME GLOSS,1.00 ko,ko,7.99,7.99,,7.79,7.99,3600521372692,KOZMETIKA
DEO DOVE CLEAN COMFORT 150ML,06552589,DOVE,0.15 l,ko,,26.73,4.01,5.35,5.35,8720181284335,KOZMETIKA
KREMA DJ BECUTAN 50ML   6887,06600609,BECUTAN,0.05 l,ko,,42.2,2.11,2.65,2.65,5310001146887,KOZMETIKA
LIZALICA CHUPA CHUPS XXL 29g,90063388,CHUPA CHUPS,0.03 kg,ko,0.89,30.69,,0.71,0.89,84460547,HRANA
INSTANT JACOBS CREMA  200g,90089799,JACOBS,0.20 kg,ko,12.99,64.95,,9.99,12.99,8711000521106,HRANA
SIR TVRDI DALMATINSKI PUĐA,90092384,PUĐA,1.00 kg,kg,21.23,21.23,,21.23,21.23,,HRANA
SMOOTHIE MINUTE JAG BAN 250ml,90227730,MINUTE,0.25 l,ko,1.85,7.4,,1.85,1.85,3838900802878,PIĆE
PAPRIKA SLATKA MLJ VR 50g VEGETA MAESTRO,90282097,VEGETA MAESTRO,0.05 kg,ko,0.99,19.8,,0.99,0.99,3850104294594,HRANA
GRAŠAK EC ZELENI POLOVICE 500G,90286973,EUROCOMPANY,0.50 kg,ko,1.29,2.58,,1.29,1.29,3872084000958,HRANA
MAST DJEČJA 150ML       0624,06600071,JGL,0.15 l,ko,7.35,49,,7.35,7.35,3858891010076,KOZMETIKA
SAPUN PALM OS KAMIL&VIT 90g,90031242,PALMOLIVE,0.09 kg,ko,1.39,15.44,,1.39,1.39,8693495033770,KOZMETIKA
RAJČICA COCKTAIL 400 grama,90036531,,0.40 kg,ko,2.79,6.98,,2.79,2.79,3850334386311,HRANA
KOKICE K PLUS HRUSTY  125g,90049858,HRUSTY,0.13 kg,ko,0.79,6.32,,0.65,0.79,3838900976609,HRANA
MESNI NAREZAK 150g GALA,90051544,GALA,0.15 kg,ko,1.49,9.92,,1.49,1.49,3858881224193,HRANA
PEDIGREE DENTASTIX MULTI 720G,90051634,PEDIGREE,0.72 kg,ko,8.99,12.49,,7.19,8.99,5998749105214,PROIZVODI ZA KUĆANSTVO
WASABI KONCENTRAT 43g SAITAKU,90056025,SAITAKU,0.04 kg,ko,3.32,77.21,,3.32,3.32,5060194790113,HRANA
BOJA ZA KOLAČ PLAVA 10g DR.OETKER,90060235,DR OETKER,0.01 kg,ko,1.59,159,,1.59,1.59,5907707054679,HRANA
KREMA ZA KOLAČE VAN 150g DOLC,90064158,DOLCELA,0.15 kg,ko,1.99,13.27,,1.99,1.99,3850104263637,HRANA
MLJEVENA TELETINA,90065979,KONZUM,1.00 ko,ko,10.58,10.58,,7.4,10.58,,HRANA
VJEŠALICA 420G RAWSTILJ PAN,90066794,RAW ŠTILJ,0.42 kg,ko,,9.5,3.99,3.84,5.49,3850334325808,HRANA
DŽEM K PLUS ŠIPAK 840g,90066879,K PLUS,0.84 kg,ko,3.71,4.42,,3.71,3.71,3850334351050,HRANA
TIJESTO K PLUS SPIRALI PREM INT 500g,90072957,K PLUS,0.50 kg,ko,1.39,2.78,,0.89,1.39,3850334363435,HRANA
ŠAMPON PALM SILKY SHINE 350ml,90077208,PALMOLIVE,0.35 l,ko,,7.11,2.49,3.89,3.89,8718951576971,KOZMETIKA
PAŠTETA JETRENA 95g LO,90087632,PODRAVKA,0.10 kg,ko,1.29,13.58,,0.89,1.29,3858886469230,HRANA
PROSECCO MIONETTO 0.75L,90101483,MIONETO,0.75 l,ko,14.99,19.99,,11.55,14.99,8006220001669,PIĆE
KRASTAVAC K PLUS SLA KIS PIKANT 350G,90149947,K PLUS,0.35 kg,ko,2.49,7.11,,2.15,2.49,3850334520531,HRANA
ULJE U SPRAYU NIVEA PROTECT&BRONZE F30,90167743,NIVEA,0.20 l,ko,19.49,97.45,,19.49,19.49,4005900118172,KOZMETIKA
FELIX PARTY MIX OCEAN MIX 60G,90170677,FELIX,0.06 kg,ko,1.59,26.5,,1.19,1.59,3858890176919,PROIZVODI ZA KUĆANSTVO
BOJA SYOSS OLEO 4-86 ČOKO SMEĐA,90213254,SYOSS OLEO,1.00 ko,ko,,6.49,6.49,6.49,7.99,9000100927055,KOZMETIKA
GRAH TEXANA 430G BONDUELLE,90220129,BONDUELLE,0.43 kg,ko,2.39,5.56,,1.67,2.39,3083681031157,HRANA
PUREĆA KRILA VAKUUM AIA cca 2.7,90225349,AIA,1.00 kg,kg,2.55,2.55,,2.25,2.25,,HRANA
KRUH KLARA RUSTIKA 500G KLARA,90239075,KLARA,0.50 kg,ko,1.79,3.58,,1.79,1.79,3856016902190,HRANA
SIR TVRDI KRAVLJI PAGUS,90247947,PAŠKA SIRANA,1.00 kg,kg,22.49,22.49,,18.99,22.49,3859892884239,HRANA
ČETKA POSUĐE DAX,90276254,DAX,1.00 ko,ko,1.06,1.06,,1.06,1.06,3850334599643,PROIZVODI ZA KUĆANSTVO
POESIE MM GOVEDINA MRKVA UMAK 85G,90280065,VITAKRAFT,0.09 kg,ko,0.85,10,,0.85,0.85,4008239588920,PROIZVODI ZA KUĆANSTVO
ZAČIN CHILLI MLJ VR 40g VEGETA MAESTRO,90282206,VEGETA MAESTRO,0.04 kg,ko,1.49,37.25,,1.49,1.49,3850104294587,HRANA
VINO MALVAZIJA 1L VINA LAGUNA,90311363,LAGUNA,1.00 l,ko,7.35,7.35,,7.35,7.35,3858881190481,PIĆE
KEKS ŠUM VOĆE 250g LE VENEZIANE,90324656,LE VENEZIANE,0.25 kg,ko,4.38,17.52,,4.38,4.38,8009915004143,HRANA
PRAŠAK ELITE CREAPURE CREATINE 250g,90346291,POLLEO,0.25 kg,ko,27.99,111.96,,27.99,27.99,3858892293485,HRANA
FLIPS HRUSTY PILETINA 30g,90356903,HRUSTY,0.03 kg,ko,0.35,11.67,,0.35,0.35,3850334001085,HRANA
PEKMEZ OLIVAL MRKVA 100ml,90360683,OLIVAL,0.10 l,ko,,66.2,6.62,8.29,8.29,3858892691717,KOZMETIKA
ZP SIGNAL NAT CHARC 75ml,90362758,SIGNAL,0.08 l,ko,3.29,43.87,,2.29,2.29,8710522417379,KOZMETIKA
LEĆA GARDEN GOOD ZELENA 500g,90363742,GARDEN GOOD,0.50 kg,ko,1.59,3.18,,1.19,1.19,3838900957103,HRANA
PROTEIN BAR COOKIES&CREAM 60g,90373155,POLLEO,0.06 kg,ko,1.99,33.17,,1.99,1.99,3858892292358,HRANA
PŠENIČNO BRAŠNO T-550 GLATKO 1kg MLIN PUKANIC,90404098,MLIN PUKANIĆ,1.00 kg,ko,0.8,0.8,,0.8,0.8,3859892888138,HRANA
ISTARSKA KOBASICA S TARTUF 200g HISTRIS,90405201,HISTRIS,0.20 kg,ko,7.99,39.95,,7.99,7.99,3859893167447,HRANA
CEDEVITA FRESH NARANČA 0.34L,90405338,CEDEVITA,0.34 l,ko,1.15,3.38,,1.05,1.15,3850322013366,PIĆE
UMAK AMATRICIANA MINUTE 400g,90406506,MINUTE,0.40 kg,ko,2.29,5.73,,1.79,2.29,3850334130334,HRANA
AGARTIN BILJ TVAR ZA ŽEL 10g KOTANYI,90412436,KOTANYI,0.01 kg,ko,0.89,89,,0.53,0.89,9001414603017,HRANA
DVOPEK INTEGRALNI K PLUS 320g,90657913,K PLUS,0.32 kg,ko,1.46,4.56,,1.46,1.46,3850334019127,HRANA
KOLAČ BEĆAR MIX 350g MARICA,90675022,MARICA PEKARICA,0.35 kg,ko,4.09,11.69,,4.09,4.09,3859890947486,HRANA
EXTRA MIX 500g,90692938,VEDRINI,0.50 kg,ko,6.19,12.38,,6.19,6.19,3858889333866,HRANA
SALATA QUINOA PILETINA 275g FRAGARIA,90698433,FRAGARIA,0.28 kg,ko,3.99,14.52,,3.99,3.99,3858893253303,HRANA
OM LENOR FRESH WIND 462ml,90703448,LENOR,0.46 l,ko,3,6.49,,3,3,8006540863183,SREDSTVA ZA ČIŠĆENJE
PIVO VARIONICA DEEP DIVE IPA 0.5L NB,90704186,VARIONICA,0.50 l,ko,2.75,5.5,,2.75,2.75,3859893139512,PIĆE
ULJE BUČINO ZLOTNO DJEV 0.5L POLJO POSAVEC,90704551,POLJO POSAVEC,0.50 l,ko,11.29,22.58,,11.29,11.29,3859889562553,HRANA
ROYAL BRAND MARASKA 0.7L,90705009,MARASKA,0.70 l,ko,9.25,13.21,,9.25,9.25,3850158201326,PIĆE
TRAKE VEET DEPIL NOGE 12/1,90705156,VEET,12.00 ko,ko,4,0.33,,4,4,5997321774787,KOZMETIKA
BOMBON MAMBA TROPICS 4/1 160g,90706383,MAMBA,0.16 kg,ko,1.59,9.94,,1.59,1.59,4014400933581,HRANA
ČIPS LAY'S OVEN BAKED SLANI 110g,90720103,PEPSICO,0.11 kg,ko,2.59,23.55,,2.59,2.59,5900259128652,HRANA
BRIJAČ Ž BIC MISS SOL SENSITIVE 3+1,90725068,BIC,4.00 ko,ko,,1.33,5.31,7.09,7.09,3086123534605,KOZMETIKA
SALAMA ROMANA 300g GAVRILOVIĆ,90725259,GAVRILOVIĆ,0.30 kg,ko,6.35,21.17,,6.35,6.35,3858892725733,HRANA
KAVA DECAFF  ESP NS 10/1 58g LAVAZZA,90725310,LAVAZZA,0.06 kg,ko,5.59,96.38,,5.59,5.59,8000070053601,HRANA
KOBASICA EXTRA 360g KUDELIĆ,90731683,KUDELIĆ,0.36 kg,ko,3.79,10.53,,3.79,3.79,3859891672738,HRANA
SIR SVJ POSNI PROTEIN 250g Z BREGOV,90732934,Z BREGOV,0.25 kg,ko,1.49,5.96,,1.49,1.49,3850108058390,HRANA
VITAMIN D 1000 30/1 KAP 11.50g MULTIVITA,90735027,MULTIVITA,0.01 kg,ko,4.59,399.13,,4.59,4.59,3858881249202,HRANA
PAHULJICE ZOBENE BERRIES 300g,90739726,DOBRA,0.30 kg,ko,3.99,13.3,,3.99,3.99,8595054907761,HRANA
OM SILAN FRESH SKY 1.408L,90744995,SILAN,1.41 l,ko,,1.98,2.79,2.79,2.79,9000101801125,SREDSTVA ZA ČIŠĆENJE
KAVA DG ESP ROMA 16/1 99.2 g,90750934,DOLCE GUSTO,0.10 kg,ko,6.49,65.42,,5.29,6.49,8445290422163,HRANA
DET PERFEKTE WASCHE COLOR 6kg=100PR,90759647,PERFEKTE WASCHE,6.00 kg,ko,6.99,1.16,,6.99,6.99,4262358180377,SREDSTVA ZA ČIŠĆENJE
BISKVIT S LIMUNOM 8/1 200 G MR BROWNIE,90764695,MR BROWNIE,0.20 kg,ko,3.29,16.45,,2.63,3.29,8411037892476,HRANA
VINO RIESLING RAJNSKI BOLFAN 0.75L,90764785,BOLFAN,0.75 l,ko,12.05,16.07,,12.05,12.05,3858887542505,PIĆE
SLAD LEDO KING SEDUCTION 100 ml,90764893,KING,0.08 l,ko,2.79,33.2,,2.79,2.79,3850116064086,HRANA
ČOKOLADA DORINA PETIT BEURRE 95 g,90765205,DORINA,0.10 kg,ko,1.99,20.95,,1.45,1.45,3850102009978,HRANA
FLASTERI EXTRA WATERPROOF 20/1 SEPTONA,90769945,SEPTONA,20.00 ko,ko,1.49,0.07,,1.49,1.49,5201410003222,TOALETNE POTREPŠTINE
BOMBONI NEGRO LIM I ĐUMBIR 100 g PIONIR,90770528,PIONIR,0.10 kg,ko,1.39,13.9,,1.39,1.39,8602300234547,HRANA
CIDER SOMERSBY 0.0% JAG LIM 0.33L LIM,90770587,SOMERSBY,0.33 l,ko,1.25,3.79,,1.25,1.25,8600331002685,PIĆE
SUDŽUK ANDRO 400g,90770711,ANDRO,0.40 kg,ko,7.29,18.23,,7.29,7.29,3858892822739,HRANA
OM SILAN REF FRESH SKY 748 ml,90775832,SILAN,0.75 l,ko,,3.73,2.79,2.79,2.79,9000101597462,SREDSTVA ZA ČIŠĆENJE
RUM CREAM BUMBU 0.7 l,90794973,BUMBU,0.70 l,ko,29.99,42.84,,29.99,29.99,0813497006192,PIĆE
ČOKOLADA RITTER FRUITY DUO 218g,90809848,RITTER SPORT,0.22 kg,ko,5.49,25.18,,5.49,5.49,4000417663115,HRANA
JELO U ČAŠI CURRY 65g FINI MINI,90814675,FINI MINI,0.07 kg,ko,1.69,26,,1.18,1.18,3856020269944,HRANA
ČAJ SLEEPY ME 20/1 30g ETS,90824969,ENGLISH TEA SHOP,0.03 kg,ko,4.49,149.67,,4.49,4.49,0680275043966,HRANA
JABUKA 2 kg,90825264,,2.00 kg,ko,2.19,1.1,,1.38,2.19,3856028689287,HRANA
SALATA S POVRĆEM 160g ARGETA,90825320,ARGETA,0.16 kg,ko,4.19,26.19,,4.19,4.19,3838471055505,HRANA
TJEST CASARECCE SLANUTAK BG 250 g ACTIVE ZONE,90825440,ACTIVE ZONE,0.25 kg,ko,,6.76,1.69,2.19,2.19,3838900841532,HRANA
SIR CHEDDAR VINTAGE WH 200 g SPEC MOM,90829766,SPECIAL MOMENTS,0.20 kg,ko,3.79,18.95,,2.99,3.79,3850334429452,HRANA
ZOB PLOČICA KARAMEL 100g FLAP JACK,90829872,FLAP JACK,0.10 kg,ko,1.59,15.9,,1.59,1.59,5999884751342,HRANA
ZOB PLOČICA PISTACIJA 100g FLAP JACK,90829877,FLAP JACK,0.10 kg,ko,1.59,15.9,,1.59,1.59,5999884751717,HRANA
SIR TV KRAVLJI TARTUFI 230 g SPEC MOM,90829934,SPECIAL MOMENTS,0.23 kg,ko,7.99,34.74,,6.29,7.99,3850334430847,HRANA
PROTEIN ZOE WHEY MOZART KUGELN 25 g,90839963,ZOE,0.03 kg,ko,1.99,79.6,,1.99,1.99,3856026710044,HRANA
POSLASTICA FELIX DM LOSOS 4X10 g,90864719,FELIX,0.04 kg,ko,2.19,54.75,,1.69,2.19,8445291538276,PROIZVODI ZA KUĆANSTVO
DET PERWOLL LIGHT COLOR 4 L=80PR,90864732,PERWOLL,4.00 l,ko,13.99,3.5,,13.99,13.99,9000101827088,SREDSTVA ZA ČIŠĆENJE
MUESLI DATULJA I KAKAO 350 g OPLAN,90869772,OPLANT,0.35 kg,ko,3.99,11.4,,3.99,3.99,3856020274290,HRANA
PAHULJICE FITNESS FIBHONEY 310 g NE,90869984,NESTLE ŽITAR,0.31 kg,ko,4.99,16.1,,4.99,4.99,5900020043504,HRANA
LIKER BAILEYS TIRAMISU 0.7 L,90874691,BAILEY'S,0.70 l,ko,26.99,38.56,,26.99,26.99,5011013937820,PIĆE
VINO GRAŠEVINA 1 L,90874762,VINOLOG,1.00 l,ko,5.29,5.29,,5.29,5.29,3859894187260,PIĆE
BOMBON GUM MATCHA 125 g BEAUTY SW,90880111,BEAUTY SWEETIES,0.13 kg,ko,2.89,23.12,,2.89,2.89,4260278368110,HRANA
SUHI ŠAMP NIVEA TAMN 200 ml,90885439,NIVEA,0.20 l,ko,,23.75,4.75,6.79,6.79,9005800301556,KOZMETIKA
REG GLISS EXP REP 200 ml,90885491,GLISS,0.20 l,ko,,22.45,4.49,6.49,6.49,9000101749670,KOZMETIKA
BOMBONI GUM SOUR MULT PENCIL 90g FIN,90886090,FINI,0.09 kg,ko,1.39,15.44,,1.39,1.39,8410525206191,HRANA
DRESSING SA ZAČINIMA 250ML KUHNE,01491224,KUHNE,0.25 l,ko,2.79,11.16,,2.79,2.79,40804866,HRANA
TORTILLA OD KUKUR 8KOM 320g LA FIESTA,01490586,LA FIESTA,0.32 kg,ko,2.99,9.34,,2.99,2.99,5412514934958,HRANA
TARTUFI CRNI CIJELI U STAK 25g ZIGAN,01600105,ZIGANTE,0.03 kg,ko,15.26,610.4,,15.26,15.26,3859889179010,HRANA
HOBBY VIT SREDNJE PAPIGE  500g,01640521,HOBBY,0.50 kg,ko,1.85,3.7,,1.85,1.85,3838964001101,PROIZVODI ZA KUĆANSTVO
SIR TVRDI MEDITERANO VAC PAŠKA SIRAN,02050440,PAŠKA SIRANA,1.00 kg,kg,22.99,22.99,,22.99,22.99,3859889426459,HRANA
PAŠTETA PILEĆA JET 100g CRIJ VINDIJA,02169529,CEKIN,0.10 kg,ko,0.99,9.9,,0.99,0.99,3850159132025,HRANA
MOL III SVJ MEDUZA,02195268,,1.00 kg,kg,4.89,4.89,,2.93,4.89,,HRANA
KAMENICE SVJ FIORITAL,02197350,,1.00 kg,kg,10.19,10.19,,6.11,10.19,93856024300578,HRANA
SIPA I SVJEŽA,02197367,,1.00 kg,kg,13.99,13.99,,8.39,13.99,,HRANA
FILE TUNE,02198709,MEDUZA,1.00 kg,kg,18.19,18.19,,8.99,18.19,,HRANA
KOVAČ SVJEŽI   FIORITAL,02199474,,1.00 kg,kg,31.29,31.29,,18.76,31.29,93856024300684,HRANA
MARGARIN ZA KREME 250g ZVIJEZDA,02210235,ZVIJEZDA,0.25 kg,ko,1.05,4.2,,0.89,1.05,3858882211611,HRANA
MLIJEKO TRAJNO 0.9%+CA 2L Z BREGOV,02234036,Z BREGOV,2.00 l,ko,2.79,1.4,,2.79,2.79,3850108021264,HRANA
VRHNJE ZA KUHANJE 0.5 VINDIJA,02331013,Z BREGOV,0.50 l,ko,3.29,6.58,,3.29,3.29,3850108033571,HRANA
SLAD LEDO KORNET ČOKOLADA 120ML,02350172,LEDO,0.12 l,ko,1.79,14.92,,1.79,1.79,3850116037790,HRANA
BUREK SA SVJ SIROM 800g SMRZ LATICA,02373898,LATICA,0.80 kg,ko,6.99,8.74,,6.99,6.99,3850261358856,HRANA
SV SLABINA I LEĐA BK  II KAT,02400167,PIK VRBOVEC,1.00 kg,kg,6.39,6.39,,4.89,6.39,3850139523386,HRANA
MLJEVENO MJEŠANO S TELETINOM,02401112,KONZUM,1.00 ko,ko,8.55,8.55,,5.98,8.55,,HRANA
PILEĆI BATAK POD VINDIJA,02434205,CEKIN,1.00 kg,kg,5.79,5.79,,5.79,5.79,3850159110511,HRANA
PURICA SVJ VINDON,02440051,VINDON,1.00 kg,kg,6.99,6.99,,6.99,6.99,3850339407004,HRANA
PURETINA BOŽIĆNA RASJEK SVJ VINDIJA,02451440,VINDON,1.00 kg,kg,8.99,8.99,,8.99,8.99,3850339408032,HRANA
CRNILO SIPE 2X4g EURO ALFA,02198846,EURO ALFA,0.01 kg,ko,0.95,118.75,,0.95,0.95,8424596260013,HRANA
PJENUŠAC SREBR RADG PENINA 0.75L,03035010,PENINA,0.75 l,ko,9.85,13.13,,9.85,9.85,3830000341110,PIĆE
PIVO GUINNESS TAMNO 0.44L LIM,03040056,GUINNESS,0.44 l,ko,2.65,6.02,,2.22,2.65,5000213101872,PIĆE
RAKIJA MEDICA 1L MARASKA,03061183,MARASKA,1.00 l,ko,14.05,14.05,,11.23,11.23,3850158202255,PIĆE
OCAT VINSKI 0.5L KISKO,03120071,KISKO,0.50 l,ko,1.49,2.98,,1.49,1.49,3850164321148,HRANA
OCAT BALZAMSKI 0.5L IL TORRI CARANDI,03120184,CARANDINI,0.50 l,ko,4.69,9.38,,4.69,4.69,8014347000090,HRANA
LEDENI ČAJ BRESKVA 0.2L VINDI,03160690,VINDI,0.20 l,ko,0.57,2.85,,0.57,0.57,3850108077339,PIĆE
NAPITAK RED BULL 0.355L,03161086,RED BULL,0.36 l,ko,2.29,6.45,,2.29,2.29,9002490210939,PIĆE
LEDENI ČAJ JANA BRESKVA 0.5L,03169974,JANA,0.50 l,ko,1.19,2.38,,1.19,1.19,3858884601052,PIĆE
CORNFLAKES 1kg ENCIAN,04032146,ENCIAN,1.00 kg,ko,5.99,5.99,,5.99,5.99,5907731602303,HRANA
KAŠA JEČMENA 1kg BIVITA BOŽJAKOVINA,04065003,BOŽJAKOVINA,1.00 kg,ko,1.29,1.29,,1.29,1.29,3859888540545,HRANA
ČAJ ZELENI 20X2g AHMAD,04092713,AHMAD,0.04 kg,ko,3.45,86.25,,3.45,3.45,054881008945,HRANA
ŠAFRAN 0.12g KOTANYI,04100172,KOTANYI,0.00 kg,ko,2.25,18750,,2.05,2.25,9001414010082,HRANA
CIMET MLJEVENI 45g BOČ KOTANY,04100175,KOTANYI,0.05 kg,ko,2.39,53.11,,2.09,2.39,9001414040553,HRANA
BAKE ROLLS NATURAL 80g,04141119,CHIPITA,0.08 kg,ko,0.82,10.25,,0.82,0.82,7622202015007,HRANA
KONZERVANS 10g ŠAFRAM,04180324,ŠAFRAM,0.01 kg,ko,0.39,39,,0.39,0.39,3859888163560,HRANA
DESERT KAISERCHMARRN 160g DR OETKER,04181701,DR OETKER,0.16 kg,ko,2.29,14.31,,2.29,2.29,5997381347587,HRANA
KAKAO BENQUICK BOX 400g,04189004,BENQUICK,0.40 kg,ko,3.49,8.73,,3.49,3.49,3838900030059,HRANA
SMJESA ZA PALAČINKE 215g DR OETKER,04189508,DR OETKER,0.22 kg,ko,2.29,10.65,,2.29,2.29,5997381329439,HRANA
BOMBON GUM KIKI MEDO 90g KRAŠ,04191605,KIKI,0.09 kg,ko,1.19,13.22,,0.89,1.19,3850102216369,HRANA
KAKAO NESQUIK PLUS 800g NESTLE,04210700,NESQUIK,0.80 kg,ko,8.99,11.24,,8.99,8.99,5998710960798,HRANA
ČOKOL ZA KUH DESSERT CORSE 200g,04211710,NESTLE,0.20 kg,ko,5.99,29.95,,3.49,5.99,7613035898646,HRANA
OCAT BALZAMSKI HRAST BAČ 0.25L MONAR,03120118,MONARI FEDERZONI,0.25 kg,ko,7.79,31.16,,7.79,7.79,80674016,HRANA
DESERT KINDER BUENO T2X3X10 129g,04220959,FERRERO,0.13 kg,ko,3.19,24.73,,3.19,3.19,4008400320328,HRANA
TP PALOMA EXC MIR TIS 3SL 8+2,05083079,PALOMA,10.00 ko,ko,2.99,0.3,,2.99,2.99,3838952016315,TOALETNE POTREPŠTINE
HIG UL LIBRESSE MAXI NORM CL 10/1,06502161,LIBRESSE,10.00 ko,ko,,0.17,1.7,2.25,2.25,7310790088137,TOALETNE POTREPŠTINE
ŠAMPON ASEBON PROT SUHE PRHUTI 200ml,06521396,ASEBON,0.20 l,ko,5.49,27.45,,5.49,5.49,3856007903335,KOZMETIKA
ČETKICA AQUA CL&FL 2/1 SR TVRDA,06530305,AQUAFRESH,1.00 ko,ko,2.59,2.59,,2.59,2.59,5054563931870,KOZMETIKA
ZP AQUA MILD 100ml 8079,06530558,AQUAFRESH,0.10 l,ko,2.69,26.9,,2.69,2.69,5054563197993,KOZMETIKA
ČETKICA SIGNAL CLASS FRESH,06537594,SIGNAL,1.00 ko,ko,2.59,2.59,,1.79,1.79,8413300264270,KOZMETIKA
BOJA PALETTE PNC 300 50+2X25ml,06543332,PALETTE PNC,0.10 l,ko,4.49,44.9,,4.49,4.49,3838824171241,KOZMETIKA
ODSTRANJIVAČ LAKA AFR ULJNI 125ML,06592607,AFRODITA,0.13 l,ko,3.79,30.32,,3.79,3.79,3830001296716,KOZMETIKA
KREMA SOLEA 150ML       0741,06593401,SOLEA,0.15 l,ko,3.89,25.93,,3.89,3.89,7613107420034,KOZMETIKA
SNACK VOĆ JAB/JAG/ŽIT/VAN 180g NUTRINO,90825364,NUTRINO,0.18 kg,ko,1.89,10.5,,1.89,1.89,8606019651572,HRANA
SNACK MED BADEM KOKOS 50 g LOV BITES,90826267,LOV BITES,0.05 kg,ko,1.49,29.8,,1.49,1.49,5201044011259,HRANA
KREKER SALTAS PAPRIKA 100g,90829682,SALTAS,0.10 kg,ko,0.95,9.5,,0.71,0.95,3856014107603,HRANA
PIĆE GAZ NOCCO BCAA LEMON 0.33 L,90840017,NOCCO,0.33 l,ko,3.05,9.24,,3.05,3.05,7340131601947,PIĆE
PROTEIN BROWNIE MILK CHOCO CHUNK 75 G,90840054,POLLEO,0.08 kg,ko,2.99,39.87,,2.99,2.99,5059883116631,HRANA
GRAH SA DIMLJENIM MESOM 400 g CARNEX,90850034,CARNEX,0.40 kg,ko,3.99,9.98,,3.99,3.99,8600012701135,HRANA
KREMA TIJ BIOB BEES & OATS 250 ml,90850191,BIOBAZA,0.25 l,ko,,15.84,3.96,5.29,5.29,3856020915834,KOZMETIKA
POLI GREEN NAREZAK 100 g,90875388,POLI,0.10 kg,ko,2.49,24.9,,2.49,2.49,3838977044515,HRANA
ŠTAPIĆI SALINIS BG 75G DR SCHAR,90875530,DR SCHAR,0.08 kg,ko,,28.13,2.11,2.65,2.65,8008698041055,HRANA
SLAD KING DESIRE ČAŠA,90885901,KING,3.28 l,ko,6.99,2.13,,6.99,6.99,3850116066271,HRANA
LOSOS SALATA VITAL 170 g DELAMARIS,90889699,DELAMARIS,0.17 kg,ko,4.29,25.24,,4.29,4.29,3838929620033,HRANA
VODA DONATURAL ALOE VERA 0.5 L,90889793,DONATURAL,0.50 l,ko,1.69,3.38,,1.69,1.69,3838471056298,PIĆE
SOK 100% ANANAS JUICY 0.5 L,90890089,JUICY,1.00 ko,ko,1.89,1.89,,1.89,1.89,3858890974867,PIĆE
SLADOLED TTL JAGODA CHEESCAKE 473 ml,90899971,TASTE THE LAYERS,0.47 l,ko,4.99,10.55,,4.99,4.99,8021995014263,HRANA
MARTIGNAC SPECIAL 38% 0.7L,90899974,ST NICOLAUS,0.70 l,ko,9.99,14.27,,9.99,9.99,8586000135543,PIĆE
SPARE RIBS S MEDOM I ČEŠNJAKOM AVE,90909777,AVE,1.00 kg,kg,8.49,8.49,,8.49,8.49,,HRANA
SIR TOPLJ TROK DIMSI PICOK 140g DUKA,02103183,PRESIDENT,0.14 kg,ko,1.99,14.21,,1.99,1.99,3850355007684,HRANA
MLIJEKO ČOKOLADNO MONTE DRINK 200ML,02331204,MONTE,0.20 l,ko,0.89,4.45,,0.89,0.89,4014500026510,HRANA
LISTOVI  ZA PITE I SAVIJAČE 500g CLARUM,02370450,CLARUM,0.50 kg,ko,1.75,3.5,,1.39,1.75,3859888231702,HRANA
NJOKI PREMIUM 500g LEDO,02373639,LEDO,0.50 kg,ko,2.99,5.98,,2.99,2.99,3850116876177,HRANA
SV VRAT SK NAR 640g PIK VRBOVEC,02404367,PIK VRBOVEC,0.64 kg,ko,4.59,7.17,,3.14,4.59,3850139437508,HRANA
SENDVIČ MONTANA TROKUT ŠUNKA 160g,02520784,MONTANA,0.16 kg,ko,2.99,18.69,,2.99,2.99,3859889353014,HRANA
KREMA AFR BAD MULTI VLAŽN 50 9212,06595878,AFRODITA,0.05 l,ko,9.99,199.8,,9.99,9.99,3831070659921,KOZMETIKA
KREMA LOREAL REVITALIFT DN 50ML,06596043,LOREAL,0.05 l,ko,14.49,289.8,,14.49,14.49,3600520160764,KOZMETIKA
ULJE BUČINO 500ml HLADNIĆ,90048659,HLADNIĆ,0.50 l,ko,11.99,23.98,,11.99,11.99,3859888867055,HRANA
GRDOBINA 1-3 kg MEDUZA,90057447,,1.00 kg,kg,13.99,13.99,,8.39,13.99,,HRANA
ČOKOLADA ZA KUHANJE 300g KANDIT,90057821,KANDIT,0.30 kg,ko,5.39,17.97,,3.99,5.39,3858881048997,HRANA
TIJESTO ŠKOLJKICE S JAJ 400g KOLEDA,90060201,KOLEDA,0.40 kg,ko,2.25,5.63,,1.59,2.25,3859888433250,HRANA
ZP PARODONT EXTRA FRESH 75ML,90070638,PARODONTAX,0.08 l,ko,5.55,74,,2.99,5.55,5054563215208,KOZMETIKA
PANIRANI RIBLJI ODREZAK 400g LEDO,90079343,LEDO,0.40 kg,ko,4.19,10.48,,3.99,4.19,3850116995724,HRANA
TEMELJAC GOVEĐI 112g PODRAVKA,90082434,PODRAVKA,0.11 kg,ko,2.59,23.12,,1.99,2.59,3850104266676,HRANA
KIRNJA SVJ FIORITAL,90084895,,1.00 kg,kg,22.69,22.69,,13.6,22.69,93856024301964,HRANA
FILET SABLJARKE FIORITAL,90085718,,1.00 kg,kg,23.69,23.69,,14.2,23.69,93856024300332,HRANA
SAPUN TEK K PLUS OLEA OCEAN 500ml,90097701,OLEA,0.50 l,ko,1.45,2.9,,1.45,1.45,3850334567420,KOZMETIKA
VINO PINOT LA CACCIATORA 0.75L,90147598,LA CACCIATORA,0.75 l,ko,7.65,10.2,,7.65,7.65,8004300362136,PIĆE
MASLINE ZEL ODKOŠT ORIGANO I LIMUN 150g,90187367,GAEA,0.15 kg,ko,3.89,25.93,,3.89,3.89,5201671802473,HRANA
KUKURUZ TEXAS MIX 400g BONDUELLE,90220122,BONDUELLE,0.40 kg,ko,1.99,4.98,,1.39,1.99,3083680041348,HRANA
PIVO ESTRELLA DAMM LIM 0.50 L,90233059,ESTRELLA DAMM,0.50 l,ko,1.69,3.38,,1.44,1.69,8410793286123,PIĆE
SPREJ LOREAL MR IZRAST TAMNO PLAVA 75ML,90258686,LOREAL MAGIC RETOUCH,0.08 l,ko,7.49,99.87,,7.29,7.49,3600523192847,KOZMETIKA
PRŠUT K PLUS 500G NAR MAXX,90286979,K PLUS,0.50 kg,ko,13.49,26.98,,9.99,9.99,3850334341518,HRANA
SKUŠA KONZUM,90298411,,1.00 kg,kg,6.09,6.09,,3.65,6.09,,HRANA
KOVAČ KONZUM,90298418,,1.00 kg,kg,25.89,25.89,,15.52,25.89,,HRANA
KEKS OREO BIJELI PRELIVENI 246g,90335101,OREO,0.25 kg,ko,4.99,20.28,,4.99,4.99,7622300489427,HRANA
PAŠTETA KOKOŠJA 50g K PLUS,90335285,K PLUS,0.05 kg,ko,0.5,10,,0.5,0.5,3850334325709,HRANA
ČOKOLADA FINESSE LJEŠ I GROŽĐ 80g,90335286,FINESSE,0.08 kg,ko,1.15,14.38,,1.15,1.15,3850334343062,HRANA
MUESLI GRANOLA ČOKOLADA 350g SANTE,90363365,SANTE,0.35 kg,ko,3.89,11.11,,3.89,3.89,5900617002983,HRANA
SLAD M6 SNJEGULJICA 390ml LEDO,90363415,LEDO,0.39 l,ko,4.99,12.79,,3.99,4.99,3850116065168,HRANA
ZAČIN BOROVICA KLEK BOB ST 32g KOTANYI,90363949,KOTANYI,0.03 kg,ko,3.19,99.69,,2.95,3.19,9001414240533,HRANA
PEL LUMPI XL 6 30/1,90370157,LUMPI,30.00 ko,ko,5.79,0.19,,5.79,5.79,3850334153586,TOALETNE POTREPŠTINE
KOBASICA CRNA SLAVON SVINJA BELJE,90373222,BELJE,1.00 kg,kg,31.49,31.49,,31.49,31.49,3850257052324,HRANA
INĆUN PELAGOS SL FIL U EKS DJ MASL ULJU 180g,90401401,PELAGOS,0.10 kg,ko,9.29,97.79,,9.29,9.29,3859893545238,HRANA
KRASTAVCI KLASIK 660g PODRAVKA,90139332,PODRAVKA,0.33 kg,ko,2.49,7.55,,2.49,2.49,3850104273957,HRANA
DESERT CORNY MILK SAND CLASSIC 40g,90166703,SCHWARTAU,0.04 kg,ko,1.19,29.75,,1.19,1.19,4011800552114,HRANA
TJES.SA ŠPIN I SIROM TALIAN.150G,90168498,TALIANETTE,0.15 kg,ko,2.49,16.6,,1.59,2.49,3850104275203,HRANA
NAPITAK KOKOS ČOK 1L ALPRO,90195917,ALPRO,1.00 l,ko,3.89,3.89,,3.89,3.89,5411188119074,HRANA
ČAJ ŠIPAK EKO 150g DARVITALIS,90203234,DARVITALIS,0.15 kg,ko,3.95,26.33,,3.95,3.95,3858890830606,HRANA
KAŠA ZOB ČOK 65g DOBRA,90231284,DOBRA,0.07 kg,ko,0.99,15.23,,0.99,0.99,8595054904258,HRANA
NAMAZ VOĆ ŠUM VOĆ EKO 250g FIOR,90251839,FIOR DI FRUTTA,0.25 kg,ko,4.29,17.16,,4.29,4.29,8001505004144,HRANA
KUPKA LUMPI SENSITIVE 500ML,90256040,LUMPI,0.50 l,ko,2.15,4.3,,2.15,2.15,3838900823989,KOZMETIKA
KOBASICA KRANJSKA 300g VAC PIK VRBOVEC,90279646,PIK VRBOVEC,0.30 kg,ko,4.39,14.63,,3.49,3.49,3850139180015,HRANA
KOBASICA KRANJSKA K PLUS 600g VAK,90279813,K PLUS,0.60 kg,ko,3.84,6.4,,3.84,3.84,3850334610119,HRANA
JUHA KREM BROK S MRK I SIROM 52g MAGGI,90301281,MAGGI,0.05 kg,ko,1.39,26.73,,1.39,1.39,7613287311412,HRANA
ČETKICA PARODONTAX INTERD EXT SOFT,90334845,PARODONTAX,1.00 ko,ko,5.05,5.05,,5.05,5.05,5054563049469,KOZMETIKA
ČOKOLADA MILKA NUTS NOUGAT 300g,90354249,MILKA,0.30 kg,ko,6.79,22.63,,3.99,3.99,7622200004515,HRANA
PEL LUMPI MEGA JUN 5 72/1,90370163,LUMPI,72.05 ko,ko,10.62,0.15,,10.62,10.62,3850334153562,TOALETNE POTREPŠTINE
MLIJEKO UHT 2.8% MM 1L TE,90381469,Z BREGOV,1.00 l,ko,1.02,1.02,,0.94,1.02,3850108020908,HRANA
KEKS BELVITA SOFT ČOK KOMADIĆI 250g,90381659,BELVITA,0.25 kg,ko,3.35,13.4,,2.51,3.35,7622210609540,HRANA
JEGER DOM VAK KUDELIĆ,90390358,KUDELIĆ,1.00 kg,kg,11.49,11.49,,11.49,11.49,,HRANA
PAPAR U ZRNU ZELENI MLINAC 29g KOTANYI,90403612,KOTANYI,0.03 kg,ko,4.39,151.38,,3.98,4.39,9001414441664,HRANA
SIRUP OD MENTE 500ml,90404096,AGROPOSTA,0.50 l,ko,5.69,11.38,,5.69,5.69,3859892734725,PIĆE
BABY MJEŠAVINA 100 grama,90405026,KONZUM,0.10 kg,ko,1.39,13.9,,1.39,1.39,3858893250258,HRANA
CEDEVITA FRESH BAZG LIM 0.34L,90405346,CEDEVITA,0.34 l,ko,1.15,3.38,,1.05,1.15,3850322013427,PIĆE
ĐUMBIR MLJEVENI 24g KOTANYI,90405959,KOTANYI,0.02 kg,ko,1.29,53.75,,1.19,1.29,9001414204221,HRANA
DET DAX GEL BLACK 1.5L=41PRANJE,90407492,DAX,1.50 l,ko,3.75,2.5,,3.75,3.75,3850334132468,SREDSTVA ZA ČIŠĆENJE
DET DAX GEL ACTIVE 2L=27PRANJA,90407500,DAX,2.00 l,ko,3.85,1.93,,3.85,3.85,3850334132567,SREDSTVA ZA ČIŠĆENJE
SIRUP FRUTA NARANČA 3L PET,90407960,FRUTA,3.00 l,ko,3.49,1.16,,3.49,3.49,3859893686290,PIĆE
KREKER 5 ŽITARICA BG 150g ŽITO,90410155,ŽITO,0.15 kg,ko,4.59,30.6,,4.59,4.59,3838700270822,HRANA
ČAJ K PLUS ZELENI 20X2g,90453808,K PLUS,0.04 kg,ko,1.09,27.25,,1.09,1.09,3850334240163,HRANA
KOBASICA OD JELENA 200g HISTRIS,90463043,HISTRIS,0.20 kg,ko,7.49,37.45,,6.39,7.49,3859893167485,HRANA
STICK REXONA SEXY BOUQ 40ml,90477886,REXONA,0.04 l,ko,3,75,,3,3,59085768,KOZMETIKA
SALAMA MEDITERANEO 300g HISTRIS,90483440,HISTRIS,0.30 kg,ko,9.49,31.63,,9.49,9.49,3859893167171,HRANA
PIĆE NEG HAPPY DAY JUICE ANANAS 1L,90484554,HAPPY DAY,1.00 l,ko,3.49,3.49,,2.69,2.69,90087769,PIĆE
KREMA MIXA HYAL OSJET KOŽA 50ml,90485669,MIXA,0.05 l,ko,8.99,179.8,,8.99,8.99,3600550934922,KOZMETIKA
MED LIPA HR DOBRA VIBRA 450g,90494884,DOBRA VIBRA,0.45 kg,ko,5.99,13.31,,5.99,5.99,3859893439056,HRANA
PIĆE GAZ INKA BITTER LEMON 1.5L PET,90528146,INKA,1.50 l,ko,,0.99,1.49,1.45,1.79,3856022301901,PIĆE
BRUSCHETTE PIZZA 140g MARETTI,90553390,MARETTI,0.14 kg,ko,1.59,11.36,,1.59,1.59,3800205877554,HRANA
KAVA STARBUCKS MADAGAS VANILIA DG 12/1 132g,90568690,STARBUCKS,0.13 kg,ko,6.49,49.17,,5.29,6.49,7613287335234,HRANA
BOMBON SPAGHETTI RAINBOW 80g BEBETO,90569935,BEBETO,0.08 kg,ko,0.99,12.38,,0.93,0.93,8690146122814,HRANA
DŽEM EXTRA VIŠNJA 320g PODRAVKA,90572917,PODRAVKA,0.32 kg,ko,3.89,12.16,,3.89,3.89,3856020253103,HRANA
SIR POLUTV DOMAĆI 300g PRESIDENT,90573737,PRESIDENT,0.30 kg,ko,5.49,18.3,,4.89,5.49,3850355007202,HRANA
ČOKOLADA DORINA CIJELI LJEŠNJAK 220g,90587724,DORINA,0.22 kg,ko,4.99,22.68,,3.79,4.99,3850102520381,HRANA
ORNEL GOLDEN DREAM 1.6L,90603152,ORNEL,1.60 l,ko,3.99,2.49,,3.99,3.99,3850105182104,SREDSTVA ZA ČIŠĆENJE
NEG PIĆE TOCO NARANČA MRKVA 0.5L,90617842,TOCO,0.50 l,ko,1.05,2.1,,1.05,1.05,3858890878820,PIĆE
ČAČKALICE FRESH&PACK 180/1,90623834,FRESH&PACK,1.00 ko,ko,0.4,0.4,,0.4,0.4,3838900808870,PROIZVODI ZA KUĆANSTVO
OM ORNEL BABY&SENS ALOE 1.6L,90648290,ORNEL,1.60 l,ko,3.99,2.49,,3.99,3.99,3850105182043,SREDSTVA ZA ČIŠĆENJE
KITTY MM PURETINA PAČETINA 405G,90648728,KITTY,0.41 kg,ko,0.89,2.2,,0.69,0.89,3850334011602,PROIZVODI ZA KUĆANSTVO
ZP COLG MAX WH ULTR ENAM SHIELD 50ML,90648949,COLGATE,0.05 l,ko,5.99,119.8,,4.05,5.79,8718951505100,KOZMETIKA
DET JAR PLAT LEMON 50 TAB,90662892,JAR ADW,50.00 ko,ko,28.49,0.57,,14.23,28.49,8006540750193,SREDSTVA ZA ČIŠĆENJE
RIŽA NA MLI HIGH PROT 10g DR OETKER,90703428,DR OETKER,0.01 kg,ko,2.59,259,,2.59,2.59,4000521029487,HRANA
SLAD BANANKO ŠTAPIĆ 85ml LEDO,90704292,LEDO,0.09 l,ko,1.49,17.52,,1.49,1.49,3850116057101,HRANA
LAKS KARE DIMLJ BK CCA 450g VAKUM,90704591,KUDELIĆ,1.00 kg,kg,19.99,19.99,,19.99,19.99,,HRANA
TIJESTO FARFALLE 93 500g DE CECCO,90704728,DE CECCO,0.50 kg,ko,2.79,5.58,,2.79,2.79,8001250120939,HRANA
NAPITAK HIDRA ISO 0.33L ,90705683,HIDRA,0.33 l,ko,0.95,2.88,,0.95,0.95,3850131005934,PIĆE
KROASAN SUNNY MINI KAKAO ČOK 60g,90705759,SUNNY,0.06 kg,ko,0.59,9.83,,0.59,0.59,3850334043221,HRANA
DET DASH REGULAR 2.1L=42PR,90705825,DASH,2.10 l,ko,19.59,9.33,,19.59,19.59,8006540937112,SREDSTVA ZA ČIŠĆENJE
SPUŽVA VILEDA ABRAZI ANTIBA UF 3/1,90706275,VILEDA,3.00 ko,ko,4.99,1.66,,4.99,4.99,4023103239500,PROIZVODI ZA KUĆANSTVO
FETTUCCINE ALLA CARBONARA CHEF 250g,90707864,EUROCHEF,0.25 kg,ko,4.59,18.36,,4.59,4.59,8013554112381,HRANA
UMAK TERIYAKI BBQ MED 250ml KIKKOMAN ,90572572,KIKKOMAN,0.25 kg,ko,,16.84,4.21,6.49,6.49,8715035310308,HRANA
PEL LUMPI PREM JUMBO JUN 5 72/1,90593527,LUMPI,71.99 ko,ko,10.99,0.15,,9.89,9.89,3850334001139,TOALETNE POTREPŠTINE
SAPUN TEK DOVE PEONY REFIL 500ml,90598315,DOVE,0.50 l,ko,3.99,7.98,,3.19,3.99,8720181209062,KOZMETIKA
LASAGNE 450g LEDO,90598834,LEDO,0.45 kg,ko,3.49,7.76,,3.49,3.49,3850116990163,HRANA
SLAD LEDO M6 SILK MILK 390ml,90598929,LEDO,0.39 l,ko,5.99,15.36,,4.79,5.99,3850116048543,HRANA
RAJČICA PASIRANA 690g BIO ZONE,90599890,BIO ZONE,0.69 kg,ko,1.99,2.88,,1.99,1.99,3838900807323,HRANA
FLIPS BOBI STIX KETCHUP 35g,90599982,BOBI,0.04 kg,ko,0.55,14.86,,0.55,0.55,3858891590479,HRANA
NEG PIĆE TOCO MULTIVITAMIN 0.5L,90600231,TOCO,0.50 l,ko,1.05,2.1,,1.05,1.05,3858890878646,PIĆE
MLIJEKO LAG JUTRO 0% 1L DUKAT,90602724,DUKAT,1.00 l,ko,1.99,1.99,,1.69,1.99,3850354017080,HRANA
NAMAZ LINO LADA GOLD 650g PODRAVKA,90648389,LINO LADA,0.65 kg,ko,6.19,9.52,,4.79,6.19,3856020259914,HRANA
SALV PALOMA BOŽIĆ MERRY XMAS 33x33 20/1,90668656,PALOMA,20.00 ko,ko,2.29,0.11,,2.29,2.29,3838952033558,PROIZVODI ZA KUĆANSTVO
KEKS PREKRAŠNI ZLATKA 200g KRAŠ,90669475,PREKRAŠNI KOLAČIĆI,0.20 kg,ko,1.79,8.95,,1.79,1.79,3850102001934,HRANA
KOMPOT GARDEN GOOD VOĆNA SALATA 500g/820g,90673223,GARDEN GOOD,0.50 kg,ko,2.99,5.98,,2.99,2.99,3838900825952,HRANA
GROŽĐICA SUHA 500g,90674494,EUROCOMPANY,0.50 kg,ko,2.79,5.58,,1.99,2.79,3872084013545,HRANA
NAMAZ BILJNI TZATZIKI GREEN VIE 200g,90678078,GREEN VIE,0.20 kg,ko,3.18,15.9,,3.18,3.18,5292874002289,HRANA
WHISKAS MM PILETINA 85G,90678150,WHISKAS,0.09 kg,ko,0.89,10.47,,0.89,0.89,5900951302107,PROIZVODI ZA KUĆANSTVO
ČOKOL EUROKREM BLOK 80g,90697856,EUROCREM,0.08 kg,ko,1.09,13.63,,1.09,1.09,3875000050310,HRANA
MED BAGREM 720g DOMED,90698380,DOMED OBRT,0.72 kg,ko,11.99,16.65,,11.99,11.99,3859893707087,HRANA
MORTADELA S PISTACIJAMA RISERVA ORO,90713106,ROVAGNATI,1.00 kg,kg,14.99,14.99,,14.99,14.99,,HRANA
SOL S POV I ZAČ ZA MESO 200g SOLANA,90731122,PAŠKA SOL,0.20 kg,ko,1.59,7.95,,1.59,1.59,3859888155572,HRANA
NEKTAR VINDI DISNEY MULTI 0.2L,90731586,VINDI,0.20 l,ko,0.65,3.25,,0.65,0.65,3850108078237,PIĆE
GROŽĐE BIJELO BEZ KOŠTICA 500g,90734971,,0.50 kg,ko,2.19,4.38,,2.09,1.59,3858885870730,HRANA
DŽEM JAGODA SQUEEZE 330 g PODRAVKA,90750760,PODRAVKA,0.33 kg,ko,2.89,8.76,,2.89,2.89,3856020270155,HRANA
NAMAZ OD LOSOSA 150g ALDEN,90764789,ALDEN,0.15 kg,ko,5.29,35.27,,5.29,5.29,8055323490597,HRANA
SET ZA FARBANJE 3 KOMADA,90764994,PARSA,1.00 ko,ko,3.99,3.99,,3.99,3.99,4001065108256,KOZMETIKA
KUPKA SEPTONA BABY GIRLS 500ml,90765169,SEPTONA,0.50 l,ko,4.99,9.98,,4.99,4.99,5201410220667,KOZMETIKA
ZP SIGNAL WH NOW TIME CORRECT 75ml,90702704,SIGNAL,0.08 l,ko,4.25,56.67,,2.97,2.97,8720181327186,KOZMETIKA
VINO POŠIP 0.75L KV,90703392,BLATO 1902,0.75 l,ko,9.89,13.19,,9.89,9.89,3859888154377,PIĆE
LOSION TIJ BIOBAZA FLOWER ROM 250ml,90704012,BIOBAZA,0.25 l,ko,,11.96,2.99,3.99,3.99,3856020908386,KOZMETIKA
SLAD GRUVI PISTACIJA 4x75ml,90704453,SAMMONTANA,0.30 l,ko,5.99,19.97,,5.99,5.99,8005840008928,HRANA
KEKS ČAJNI KOLUTIĆI 750g LASTA,90704636,LASTA,0.75 kg,ko,3.32,4.43,,3.32,3.32,3870128029996,HRANA
ČOK WHITE MAGIC COCONUT  KANDI 80g,90705577,KANDIT,0.08 kg,ko,1.85,23.13,,1.85,1.85,3856024804905,HRANA
DET ARIEL M SPRING 3.5L=70PR,90705943,ARIEL,3.50 l,ko,15,4.29,,15,15,8006540869482,SREDSTVA ZA ČIŠĆENJE
SALSA OD PEČ PAPR LJUT 290g MAMA'S,90706510,MAMA'S,0.29 kg,ko,1.69,5.83,,1.5,1.69,5310146006398,HRANA
VODA FUNKC JANA VIT COLLAGEN 0.5L,90706895,JANA,0.50 l,ko,1.19,2.38,,1.19,1.19,3858890879940,PIĆE
LOSION NIVEA P&M SPF30 400ml,90707133,NIVEA,0.40 l,ko,23.99,59.98,,23.99,23.99,4006000133812,KOZMETIKA
INSTANT KAVA GOLD ST 200g BARCAFFE,90707700,BARCAFFE,0.20 kg,ko,10.99,54.95,,10.99,10.99,3838471049665,HRANA
NAPITAK BILJNI BOR/CR RIB 330g TTOP DAR,90707786,DAR,0.33 kg,ko,1.69,5.12,,1.69,1.69,3850108028218,HRANA
PIRE VOĆ JAB MANG BAN 200g NUTR LAB,90707799,NUTRINO LAB,0.20 kg,ko,2.25,11.25,,2.25,2.25,8606019654009,HRANA
OM SILAN MAGNOLIA 2.772L,90713239,SILAN,2.77 l,ko,,2.16,5.99,5.99,8.99,9000101581508,SREDSTVA ZA ČIŠĆENJE
KAŠA ZOB LJEŠNJAK 65g DOBRA,90713357,DOBRA,0.07 kg,ko,0.99,15.23,,0.99,0.99,8595054908164,HRANA
MILKA ČOKO SNACK 29g,90713586,MILKA,0.03 kg,ko,0.65,22.41,,0.65,0.65,90426254,HRANA
MRVICE K PLUS 250g,90714156,K PLUS,0.25 kg,ko,0.55,2.2,,0.55,0.55,3850334045560,HRANA
ROLL ON GARNIER INVISIBLE BWC 50ml,90724710,GARNIER,1.00 ko,ko,,3.69,3.69,4.59,4.99,3600541448179,KOZMETIKA
SPARE RIBS VAK PIK,90724811,PIK VRBOVEC,1.00 kg,kg,19.29,19.29,,12.14,19.29,3850139282047,HRANA
KOBASICA GRANIČARSKA 300g GAVRIL,90725261,GAVRILOVIĆ,0.30 kg,ko,6.35,21.17,,6.35,6.35,3858892725467,HRANA
LIP BALM LABELLO HYDRA CARE 5.5g,90726951,LABELLO,0.01 kg,ko,4.39,798.18,,4.39,4.39,9005800362991,KOZMETIKA
TIJESTO FUŽI 250g KLARA M,90731056,KLARA M,0.25 kg,ko,2.69,10.76,,2.69,2.69,3859893308796,HRANA
JOGURT ŠLJIVA ACTIVE ZONE 125g,90731095,ACTIVE ZONE,0.13 kg,ko,,4,0.5,0.5,0.5,3850334063069,HRANA
SLANINA BARANJSKA CCA 400g BELJE,90731255,BELJE,1.00 kg,kg,21.99,21.99,,17.58,21.99,3850257051556,HRANA
PERECI MINI CHEESE SAUCE 65g HULIGAN,90731861,HULIGAN,0.07 kg,ko,0.99,15.23,,0.99,0.99,3800200451766,HRANA
KREMA TIJ OLEA MEDITER SMILJE 250ml,90735111,OLEA,0.25 l,ko,,9.56,2.39,2.99,2.99,3850334099846,KOZMETIKA
KREMA OLEA UNIVERZALNA 300ml,90735113,OLEA,0.30 l,ko,1.75,5.83,,1.75,1.75,3850334100122,KOZMETIKA
KEKS THINS MLIJEČNA ČOK BŠ 150 g GULLON,90755000,GULLON,0.15 kg,ko,,15.93,2.39,3.99,3.99,8410376064438,HRANA
SLAD MACHO BIJELA ČOKOLADA 370 ml,90764880,MACHO,0.37 l,ko,3.99,10.78,,3.99,3.99,3850116063966,HRANA
AJVAR DOMAĆI LJUTI 290g DOORA,90765132,DOORA,0.29 kg,ko,5.59,19.28,,5.59,5.59,3858894540495,HRANA
OM ORNEL ALLURE 1.6 L,90785328,ORNEL,1.60 l,ko,3.99,2.49,,3.99,3.99,3850105186645,SREDSTVA ZA ČIŠĆENJE
STALAK PALOMA BOŽIĆ 2024,90800098,PALOMA,1.00 ko,ko,730.7,730.7,,730.7,730.7,3838952035705,PROIZVODI ZA KUĆANSTVO
VREĆA SMEĆE MD VEZ 60 L 18/1 DAX,90800107,DAX,18.00 ko,ko,1.79,0.1,,1.43,1.79,3850334101778,PROIZVODI ZA KUĆANSTVO
MIX NESCAFE CL 3U1 10/1 155g VR,90804745,NESCAFE,0.16 kg,ko,2.99,19.29,,2.29,2.99,8445291261044,HRANA
FRISKIES MP JUNIOR PILE MRK 4X85 g,90809765,FRISKIES,0.34 kg,ko,2.59,7.62,,1.99,1.99,8445290752048,PROIZVODI ZA KUĆANSTVO
CIKLA 1 kg BIO ZONE,90810461,BIO ZONE,1.00 kg,ko,2.19,2.19,,2.19,2.19,3856028689300,HRANA
NAMAZ BRUSK CHER RAJČ 100g AGROMONTE,90814800,AGROMONTE,0.10 kg,ko,3.99,39.9,,3.39,3.99,8032817244478,HRANA
VINO MOSCATO DASTI FRANCESCO 0.75L,90824766,FRANCO FRANCESKO,0.75 l,ko,14.05,18.73,,14.05,14.05,8033201300077,PIĆE
CAPPUCCINO BAJADERA 8/1 148g FRANCK,90825459,FRANCK,0.15 kg,ko,,23.58,3.49,3.59,4.29,3850291055459,HRANA
VAFL LJEŠNJAK BEZ DOD ŠEĆ 21 g NEOH,90826035,NEOH,0.02 kg,ko,1.99,94.76,,1.99,1.99,9120085630815,HRANA
OCAT BALZAMSKI SMOKVA SPECIAL MOM 0.25L,90826194,SPECIAL MOMENTS,0.25 l,ko,3.49,13.96,,3.49,3.49,3850334430083,HRANA
KEKS MINI SL KARAM BADEM 100 g KOOKIE CAT,90826206,KOOKIE CAT,0.10 kg,ko,2.99,29.9,,2.39,2.99,3800233689846,HRANA
SET NIVEA M SENS KREMA75+SG250,90826270,NIVEA,1.00 ko,ko,6,6,,6,6,9005800382609,KOZMETIKA
SET NIVEA SF DEO150+SG250,90826285,NIVEA,1.00 ko,ko,6,6,,6,6,9005800382012,KOZMETIKA
SIR KOC U ULJU S MASL 100 g SPEC MOM,90829916,SPECIAL MOMENTS,0.10 kg,ko,1.79,17.9,,1.29,1.79,3838900842485,HRANA
LIKER BAJADERA 0.7 L,90835061,BADEL 1862,0.70 l,ko,20.05,28.64,,20.05,20.05,3850112112453,PIĆE
JOGURT NA BAZI KOK ANAN I MANG 150 g,90840023,PLANTON,0.15 kg,ko,1.75,11.67,,1.75,1.75,5901104006286,HRANA
BOJA OLIA 6.3 GOLDEN LIGHT BROWN,90850081,GARNIER OLIA,1.00 ko,ko,7.59,7.59,,7.19,7.59,3600542601894,KOZMETIKA
KRUH ZLATNA KORA 600 g NAR PAK KLARA,90850675,KLARA,0.60 kg,ko,2.05,3.42,,2.05,2.05,3856016907492,HRANA
GOF GLAVA I REP SVJ MEDUZA,90864775,MEDUZA,1.00 kg,kg,17.29,17.29,,10.37,17.29,,HRANA
KAVA ORO ARABICA NS 10/1 55 g LAVAZ,90869966,LAVAZZA,0.06 kg,ko,5.99,108.91,,5.99,5.99,8000070053465,HRANA
PJENUŠAC ZLATA RADG PENINA 0.375 L,90874687,PENINA,0.38 l,ko,9.45,25.2,,9.45,9.45,3830000345606,PIĆE
MLIJEČNI NAPITAK ČOK 500 ml ZOTT,90879804,ZOTT,1.00 ko,ko,4.99,4.99,,4.99,4.99,4014500521107,HRANA
STICK REXONA M COBALT 50 ml,90885057,REXONA,0.05 l,ko,,79,3.95,5.29,5.29,59097945,KOZMETIKA
OM LENOR SENSITIVE 1.239 L,90886221,LENOR,1.25 l,ko,,2.79,3.49,4.79,6.39,8700216723824,SREDSTVA ZA ČIŠĆENJE
KEKS JIMMY KAKAO NARANČA 135 g,90887286,JIMMY FANTASTIC,0.14 kg,ko,2.69,19.93,,2.69,2.69,8600939843628,HRANA
SRED SUPER JON IQ UNIVERZ 425 ml+2T,90899897,SUPER JON,1.00 ko,ko,4.89,4.89,,4.89,4.89,3850111505775,SREDSTVA ZA ČIŠĆENJE
SLAD CROCCANTINO CHEES ŠUM VO 500 ml,90900113,CROCCANTINO,0.50 l,ko,9.99,19.98,,9.99,9.99,3859894052162,HRANA
ČIPI ČIPS PAPRIKA 190g FRANCK,01310533,ČIPI ČIPS,0.19 kg,ko,,13.11,2.49,2.99,2.99,3856021300646,HRANA
KELJ,01400531,,1.00 kg,kg,1.49,1.49,,1.49,1.59,3850334173027,HRANA
SALATA KRISTAL KOMAD,01403008,,0.20 kg,ko,,2.75,0.55,0.35,0.35,3850334240026,HRANA
ŠLJIVA,01410100,,1.00 kg,kg,3.69,3.69,,3.69,3.99,3856017202848,HRANA
JABUKA CRVENI DELIŠES,01410138,,1.00 kg,kg,1.69,1.69,,1.69,1.69,3856017203203,HRANA
NAMAZ VOĆ 4 VOĆA 284g DALFOUR,01465034,ST DALFOUR,0.28 kg,ko,4.64,16.34,,4.64,4.64,3492390007382,HRANA
AJVAR LJUTI 690g PODRAVKA,01480011,PODRAVKA,0.69 kg,ko,,4.04,2.79,2.79,3.79,3850104050572,HRANA
AJVAR LJUTI 195g PODRAVKA,01480012,PODRAVKA,0.20 kg,ko,1.85,9.49,,1.85,1.85,3850104022524,HRANA
DRESSING JOGURT 75ml VREĆ DEVELEY,01491293,DEVELEY,0.08 l,ko,0.79,10.53,,0.55,0.79,4006824018111,HRANA
KRASTAVAC K PLUS I KL 350g,01522203,K PLUS,0.35 kg,ko,1.95,5.57,,1.69,1.95,3850334117953,HRANA
MASLINE CRNE 400G MEDITERAN,01580563,MEDITERAN,0.40 kg,ko,3.79,9.48,,3.79,3.79,3859889307246,HRANA
PARIŠKA KOBASICA VINDIJA,02041384,CEKIN,1.00 kg,kg,4.99,4.99,,4.99,4.99,3850159120527,HRANA
HRENOVKE PILEĆE STAND 1kg VINDIJA,02048321,CEKIN,1.00 kg,ko,2.69,2.69,,2.69,2.69,3850159120053,HRANA
SIR POLUT TRAPIST KORA 45% VAC ZDENK,02053906,ZDENKA,1.00 kg,kg,15.99,15.99,,15.99,15.99,3858888590451,HRANA
SIR NAM ABC 200g BELJE,02103154,ABC,0.20 kg,ko,2.39,11.95,,1.79,2.39,3856015324177,HRANA
NAMAZ ŠAMP 2X50g VEGETARINA,02160884,VEGETARIANA,0.10 kg,ko,1.89,18.9,,1.89,1.89,3858881611702,HRANA
MASLAC IKL 250g FOLIJA DUKAT,02180193,DUKAT,0.25 kg,ko,2.99,11.96,,2.99,2.99,3850355000999,HRANA
UGOTICA SVJ MEDUZA,02195286,,1.00 kg,kg,3.79,3.79,,2.27,3.79,,HRANA
SIPA SVJ FRA UV MEDUZA,02197622,,1.00 kg,kg,10.49,10.49,,6.29,10.49,,HRANA
ORADA L SVJ CROMARIS,02197662,CROMARIS,1.00 kg,kg,10.49,10.49,,6.29,10.49,3859891926633,HRANA
ŠKARPINA SVJEŽA   FIORITAL,02199475,,1.00 kg,kg,33.19,33.19,,19.9,33.19,93856024301476,HRANA
BRANCIN L SVJ PAK KONZUM,02199535,,1.00 kg,kg,9.99,9.99,,5.99,9.99,,HRANA
SV SLAB I LEĐA SK BF ODR 575g MA,02404378,PIK VRBOVEC,0.58 kg,ko,,5.9,3.39,2.3,4.39,3850139437515,HRANA
BRIJAČ VENUS SUGARBERRY,90775160,VENUS,1.00 ko,ko,,9.59,9.59,11.99,9.59,8700216130516,KOZMETIKA
GEL GILL FUS ULTRA SENS 200ml,90324310,GILLETTE,0.20 l,ko,,25.95,5.19,6.49,5.19,7702018617098,KOZMETIKA
PROTEIN 1ST WHEY 908g COOKIES & CREAM,90346311,POLLEO,0.91 kg,ko,,30.83,27.99,34.99,34.99,3858892293386,HRANA
FINISH AIO ULTIMATE PLUS REG 54 TAB,90705981,FINISH ADW,54.00 ko,ko,,0.24,12.99,24.49,24.49,5999109582454,SREDSTVA ZA ČIŠĆENJE
OBLATNE 200g SWEET CHEF,90513538,SWEET CHEF,0.20 kg,ko,0.93,4.65,,0.93,0.93,3850334413475,HRANA
ZOB PLOČ BANANA&JOG PRELJ 100g MB,90528341,MA BAKER,0.10 kg,ko,1.79,17.9,,1.79,1.79,5034444102414,HRANA
ŽV GUMA ORBIT REFRESH BUBBLEMINT 15.6g,90569165,WRIGLEY,0.02 kg,ko,,50.64,0.79,0.99,0.99,4009900535823,HRANA
SIR TVRDI KOCKICE 12mj100g DŽIUGAS,90570433,DŽIUGAS,0.10 kg,ko,2.55,25.5,,2.55,2.55,4770299390583,HRANA
GLAVA ZAMJ ORAL B iO ULT CLEAN BL 4KOM,90570754,ORAL B,1.00 ko,ko,39.99,39.99,,39.99,39.99,4210201342809,KOZMETIKA
SLAD MAGNUM VEGAN BADEM 3X90ml,90598582,MAGNUM,0.27 l,ko,7.99,29.56,,7.99,7.99,8714100658499,HRANA
ČETKICA SENSODYNE EXPERT SOFT,90600455,SENSODYNE,1.00 ko,ko,,4.29,4.29,5.05,5.05,5054563029720,KOZMETIKA
KREKER KUKURUZ SLIM CLAS BG 100g BENLIAN,90675155,BENLIAN FOOD,0.10 kg,ko,1.49,14.9,,1.49,1.49,8606018701520,HRANA
BRIJAČ WILK XTR 3 SENSITIVE 6+2,90703142,WILKINSON,8.00 ko,ko,9.79,1.22,,9.79,9.79,4027800240302,KOZMETIKA
BOMBON GUM KIKI SOUR WORMS 180g KRAŠ,90704692,KIKI,0.18 kg,ko,2.29,12.72,,1.72,2.29,3850102006649,HRANA
SPUŽVA SUPERMAX 3/1 SPONTEX,90706242,SPONTEX,3.00 ko,ko,1,0.33,,1,1,9001378700098,PROIZVODI ZA KUĆANSTVO
KOBASICA SUHA  LJUTA 135g VP,90706698,PISINIUM,0.14 kg,ko,5.19,38.44,,5.19,5.19,3858894290963,HRANA
ŠAMPON SCHAUMA REG NJEG 400ml DUO,90713843,SCHAUMA,0.80 l,ko,5.49,6.86,,5.49,5.49,3838824433011,KOZMETIKA
RIŽINI REZANCI ŠIROKI 225g MAMA,90713891,MAMA,0.23 kg,ko,,10.98,2.47,3.09,3.09,8851876001507,HRANA
RETOUCHER PALETTE RR 1-0 CRNA,90714396,PALETTE,1.00 ko,ko,3,3,,3,3,9000101663655,KOZMETIKA
KAŠA JEČMENA K PLUS 750g,90725924,K PLUS,0.75 kg,ko,0.85,1.13,,0.85,0.85,3850334055170,HRANA
VINO CHARDONNAY BIANCA 2L PET,90725981,CHARDONAY,2.00 l,ko,5.49,2.75,,4.75,4.75,3859893101748,PIĆE
MUESLI FUN&FIT PROTEIN 250g,90726769,FUN&FIT,0.25 kg,ko,3.39,13.56,,3.39,3.39,8606015855196,HRANA
KOBASICA GOVEĐA LJUTA ANDRO 300g,90732431,ANDRO,0.30 kg,ko,6.99,23.3,,6.99,6.99,3858892822586,HRANA
HAPPY DAY IMMUN POWER 1L,90732589,HAPPY DAY,1.00 l,ko,2.49,2.49,,2.49,2.49,9008700227414,PIĆE
SLAD TORTERIE ORAH SMOKVA 500 ml,90769878,TORTERIE MACARON,0.35 l,ko,6.99,19.99,,6.99,6.99,3859893855832,HRANA
NEG PIĆE FRUC BUBBLE GUM 0.5 L PET,90784785,FRUCTAL,1.00 l,ko,1.35,1.35,,1.35,1.35,3838945042796,PIĆE
GAZ PIĆE COCA COLA 0.3L PET ,90785019,COCA COLA,0.30 l,ko,0.95,3.17,,0.95,0.95,,PIĆE
KAVA DG ESP INT 16/1 MEGA 5PACK 560g,90794678,DOLCE GUSTO,0.56 kg,ko,20.95,37.41,,20.95,20.95,8445291433342,HRANA
GAZ PIĆE 7 UP ZERO 2 l PET,90800848,7 UP,2.00 l,ko,2.05,1.03,,1.85,2.05,3830065023396,PIĆE
UMAK RAJČICA KLASIK 300g BAKINA TAJNA,90819771,BAKINA TAJNA,0.30 kg,ko,2.99,9.97,,2.99,2.99,8606018022038,HRANA
CHOCO CHIPS SPECIAL M MILK ČOKO/LJEŠ 100g,90825397,SPECIAL MOMENTS,0.10 kg,ko,2.99,29.9,,2.09,2.99,3850334428615,HRANA
KEKS PETIT 400g KRAŠ,90825626,KRAŠ,0.40 kg,ko,1.69,4.23,,1.35,1.69,3850102014408,HRANA
BOJA SYOSS 9/5 LEDENO BISER PLAVA,06544292,SYOSS,1.00 ko,ko,,5.69,5.69,6.99,5.59,9000100633048,KOZMETIKA
BOJA SYOSS 3/1 TAMNO SMEĐA,06544309,SYOSS,1.00 ko,ko,,5.69,5.69,6.99,5.59,9000100632706,KOZMETIKA
BOJA SYOSS 4/2 MAHAGONIJ SMEĐA,06544306,SYOSS,1.00 ko,ko,,5.69,5.69,6.99,5.59,9000100632867,KOZMETIKA
BOJA SYOSS 8/7 MED PLAVA,06544294,SYOSS,1.00 ko,ko,,5.69,5.69,6.99,5.59,9000100633260,KOZMETIKA
KOKOS BRAŠNO 200g ŠAFRAM,01310099,ŠAFRAM,0.20 kg,ko,1.17,5.85,,1.17,1.17,3859888163386,HRANA
ROGAČ MLJEVENI 200g ŠAFRAM,01310284,ŠAFRAM,0.20 kg,ko,0.99,4.95,,0.99,0.99,3859888163645,HRANA
DŽEM EXTRA NARANČA 340g SCHWA 1010,01464003,SCHWARTAU,0.34 kg,ko,3.85,11.32,,3.85,3.85,4011800841119,HRANA
UMAK SOJA 250ML KIKOMAN,01491484,KIKKOMAN,0.25 l,ko,,15.56,3.89,5.99,5.99,8715035110304,HRANA
PŠENICA BULGUR 500g TIPIAK,01496108,TIPIAK,0.50 kg,ko,3.99,7.98,,3.99,3.99,3165440009260,HRANA
UMAK ZA ODRESKE I PEČEN 250ML KUHNE,01491253,KUHNE,0.25 l,ko,2.59,10.36,,2.59,2.59,40804927,HRANA
POSLAST VK CAT STICK LOS/PAST 18G,01642122,VITAKRAFT,0.02 kg,ko,1.25,69.44,,1.25,1.25,4008239598967,PROIZVODI ZA KUĆANSTVO
ZIMSKA SALAMA 650g MA PIK,02024460,PIK VRBOVEC,0.65 kg,ko,12.99,19.98,,11.04,12.99,3850139010589,HRANA
ZIMSKA SALAMA 650g MA REZ,02024463,PIK,1.00 kg,ko,19.99,19.99,,16.98,19.99,,HRANA
POLIKO PREMIUM 500g VINDIJA,02039371,CEKIN,0.50 kg,ko,2.79,5.58,,2.29,2.79,3850159125010,HRANA
PRSA PIL DIM NAR 250g VAC DIMCEK VIN,02039384,CEKIN,0.25 kg,ko,3.49,13.96,,2.48,2.48,3850159122033,HRANA
DELKO S PAPRIKOM 500g VINDIJA,02039512,CEKIN,0.50 kg,ko,2.79,5.58,,2.79,2.79,3850159125041,HRANA
BUDDY MP GOVED 1250g,01647058,BUDDY,1.25 kg,ko,1.89,1.51,,1.49,1.89,3850334018137,PROIZVODI ZA KUĆANSTVO
HRENOVKE PIL BEZ OV 100g CEKIN VIND,02048156,CEKIN,0.10 kg,ko,0.85,8.5,,0.85,0.85,3850159120015,HRANA
SIR POLUTV TRAPIST VAC PAŠKA SIRANA,02055399,PAŠKA SIRANA,1.00 kg,kg,19.99,19.99,,19.99,19.99,3859889426114,HRANA
FILEKI 400g PODRAVKA,02160058,PODRAVKA,0.40 kg,ko,3.89,9.73,,2.92,3.89,3850104050848,HRANA
GULAŠ GOVEĐI 400g PODRAVKA,02160333,PODRAVKA,0.40 kg,ko,4.79,11.98,,3.59,4.79,3850104020087,HRANA
KREMA NIVEA FOR MEN 75ML SENS,06560115,NIVEA,0.08 l,ko,12.99,173.2,,9.69,12.99,9005800379760,KOZMETIKA
BALZAM NIVEA PB MILD 100ML,06560285,NIVEA,0.10 l,ko,11.89,118.9,,8.89,11.89,9005800313252,KOZMETIKA
SPREJ NIVEA DJ SUN U BOJI SPF 30 200ML,06590380,NIVEA,0.20 l,ko,16.99,84.95,,16.99,16.99,4005900355300,KOZMETIKA
MLIJEKO TIJ NIVEA 400ML,06592662,NIVEA,0.40 l,ko,9.99,24.98,,9.99,9.99,4005808237029,KOZMETIKA
SREDSTVO SUPER JON NAMJEŠTAJ 650ML,08031057,SUPER JON,0.65 l,ko,,3.37,2.19,2.19,2.95,3850111503450,SREDSTVA ZA ČIŠĆENJE
GEL ZA BRIJANJE MAN MAX 200ml,90051019,MAN MAX,0.20 l,ko,2.25,11.25,,2.25,2.25,3850334333636,KOZMETIKA
GOURMET GOLD MM TUNA 85G,90052110,GOURMET,0.09 kg,ko,0.89,10.47,,0.69,0.89,7613032814526,PROIZVODI ZA KUĆANSTVO
VISKI BALLANTINES 0.7L 		,90058947,BALLANTINES,0.70 l,ko,,22.13,15.49,14.09,15.55,5010106113127,PIĆE
BOJA SYOSS OLEO 4-18 SMEĐA KAVA,90059983,SYOSS OLEO,1.00 ko,ko,,6.49,6.49,6.49,7.99,9000100815000,KOZMETIKA
BOJA SYOSS OLEO 5-86 SLATKA PLAVA,90059987,SYOSS OLEO,1.00 ko,ko,,6.49,6.49,6.49,7.99,9000100814829,KOZMETIKA
UMAK BARBECUE 480G HEINZ,90080368,HEINZ,0.48 kg,ko,4.91,10.23,,4.91,4.91,8410066144198,HRANA
PAŠTETA ČAJNA 95g PODRAVKA,90087641,PODRAVKA,0.10 kg,ko,1.29,13.58,,0.89,1.29,3858886469209,HRANA
DESERT FINESSE TRUFFLES LJEŠNJAK 200g,90825389,FINESSE,0.22 kg,ko,2.79,12.68,,2.79,2.79,3838900830505,HRANA
TJESTENINA PENNE CRVENA LEĆA BG 250 g ACTIVE ZONE,90825442,ACTIVE ZONE,0.25 kg,ko,,6.76,1.69,2.19,2.19,3838900841549,HRANA
TJESTENINA PENNE BG 500 g FREE ZONE,90825444,FREE ZONE,0.50 kg,ko,,3.98,1.99,2.49,2.49,3838900841556,HRANA
SET NIVEA M SENS DEO150+SG250,90826289,NIVEA,1.00 ko,ko,6,6,,6,6,9005800383163,KOZMETIKA
JOGURT ACTIMEL TRIPLE ACTION 4X100 g,90830036,ACTIMEL,0.40 kg,ko,2.49,6.23,,1.99,2.49,5990031646962,HRANA
BOMBON GUM JAGODA 80 g SOUR PATCH ,90835020,SOUR PATCH,0.18 kg,ko,1.09,6.06,,0.79,1.09,7622202207273,HRANA
NAPITAK C4 ENERGY ORANGE SLICE 0.5 L,90840015,CELLUCOR,0.50 l,ko,3.05,6.1,,3.05,3.05,842595115949,PIĆE
PJENA GILLETTE SOOTHING 400 ml,90850208,GILLETTE,0.40 l,ko,,13.98,5.59,5.59,6.99,8700216579889,KOZMETIKA
LEĆA CRNA BELUGA VEDRINI 1000 g ,90850490,VEDRINI,1.00 kg,ko,3.29,3.29,,3.29,3.29,3858889333798,HRANA
GRAH CRVENI GARDEN GOOD 420/240 g,90854719,GARDEN GOOD,0.24 kg,ko,0.79,3.29,,0.79,0.79,3838900842942,HRANA
ČOKOLADA FINESSE BISCUIT&CARAM 270g,90854973,FINESSE,0.27 kg,ko,3.89,14.41,,2.49,3.69,8605028614547,HRANA
KOLAČ COLOMBA SPECIAL M CLASS 500 g,90875432,SPECIAL MOMENTS,0.50 kg,ko,3,6,,3,4,3850334436573,HRANA
REG GLISS OIL ELIXIR 75 ml,90885494,GLISS,0.08 l,ko,,93.2,6.99,8.99,8.99,9000100695732,KOZMETIKA
BOMBON GUMENI  HOBOTNICA  90 g FINI,90886078,FINI,0.09 kg,ko,1.39,15.44,,1.39,1.39,8410525220548,HRANA
BUĐOLA DALMATINSKA NAR 80 g MAP,90886630,VOŠTANE,0.08 kg,ko,3.15,39.38,,3.15,3.15,3858889495236,HRANA
LIKER JAGERMEISTER ORANGE 0.7 L,90889742,JAGERMEISTER,0.70 l,ko,16.99,24.27,,16.99,16.99,4067700033543,PIĆE
DET DAX ACTIVE 3.75 kg 50PR,90894661,DAX,3.75 kg,ko,6.99,1.86,,4.99,6.99,3850334432810,SREDSTVA ZA ČIŠĆENJE
KEKS FINESSE SPECULAS 200 g,90899863,FINESSE,0.20 kg,ko,2.79,13.95,,2.79,2.79,3850334440464,HRANA
CAKE POPS LINO LADA 230 g DOLCELA,90899887,DOLCELA,0.23 kg,ko,3.79,16.48,,3.79,3.79,3856020277345,HRANA
FEFERON BLAGI 270g PODRAVKA,01564014,PODRAVKA,0.27 kg,ko,3.29,12.19,,2.49,3.29,3850104011641,HRANA
ŠUNKA U OVITKU 350g PODRAVKA,02034506,PODRAVKA,0.35 kg,ko,4.39,12.54,,4.39,4.39,3858886465713,HRANA
ZAGORSKI ŠTRUKLI 600gr KUTIJA LEDO,02371338,LEDO,0.60 kg,ko,4.49,7.48,,4.49,4.49,3850116765198,HRANA
MLIJ NAM DUKATELA S POVR 150g DUKAT,02398911,DUKATELA,0.15 kg,ko,1.69,11.27,,1.69,1.69,3850354015017,HRANA
VINO POŠIP VRH 0.75L PZ ČARA,03020922,PZ POŠIP ČAR,0.75 l,ko,18.99,25.32,,18.99,18.99,3859889311014,PIĆE
PJENA TAFT CURL 200ml,06543379,TAFT,0.20 l,ko,,14.95,2.99,2.99,4.99,9000100613644,KOZMETIKA
DEO NIVEA Ž FRE SPR 150ml 6016,06555059,NIVEA,0.15 l,ko,5.39,35.93,,3.99,5.39,4005808723256,KOZMETIKA
LOSION TIJ NIVEA KREMASTI 400ML,06591546,NIVEA,0.40 l,ko,,17.45,6.98,9.99,9.99,9005800286778,KOZMETIKA
MEĐIMURSKO PILE PODL PERUTNINA,90037649,PERUTNINA PT,1.00 kg,kg,,3.18,3.18,3.18,3.31,3850220111157,HRANA
ZP KALODONT EXTRA CLEAN 75ml,90051193,KALODONT,0.08 l,ko,1.59,21.2,,1.25,1.59,3850105143006,KOZMETIKA
NEKTAR JABUKA YIPPY 0.33L PET,90060457,YIPPY,0.33 l,ko,1.39,4.21,,1.25,1.25,9008700141918,PIĆE
KREKER RIBICE 200g,90088891,BOBI,0.20 kg,ko,1.59,7.95,,1.59,1.59,3858891590240,HRANA
KAVA MLJ CLASSIC BARCAFFE 500g,90097740,BARCAFFE,0.50 kg,ko,9.89,19.78,,9.89,9.89,3838471021272,HRANA
DET POS I DUDE FROSCH BABY 500ML,90147763,FROSCH,0.50 l,ko,3.09,6.18,,3.09,3.09,4009175942081,SREDSTVA ZA ČIŠĆENJE
HIG UL VIOLETA COTTON SUPER+ 20/1,90152822,VIOLETA,20.00 ko,ko,,0.1,1.99,1.99,2.65,3870128008069,TOALETNE POTREPŠTINE
KIRNJA SVJ MEDUZA,90179054,,1.00 kg,kg,23.49,23.49,,14.08,23.49,,HRANA
TOFU SVJEŽI EKO 200g ANNAPURNA,90188668,ANNAPURNA,0.20 kg,ko,1.72,8.6,,1.72,1.72,3859890343288,HRANA
PAP RUPČIĆI NATUR  3SL 1/1,90189774,NATUR,1.00 ko,ko,0.13,0.13,,0.13,0.13,3838900965580,TOALETNE POTREPŠTINE
BATAK PILEĆI K PLUS,90270053,K PLUS,1.00 kg,kg,4.09,4.09,,4.09,4.09,3850159118050,HRANA
ŠUNKA K PLUS U OVITKU 100G NAR,90273245,K PLUS,0.10 kg,ko,,12.7,1.27,1.59,1.59,3850139240849,HRANA
TUBA VOĆNA HIPP JAB BAN JAG 100g,90290027,HIPP,0.10 kg,ko,1.35,13.5,,1.05,1.35,4062300278547,HRANA
SVJEŽA KOBASICA PAK,90290777,KONZUM,1.00 kg,kg,7.16,7.16,,5.01,7.16,,HRANA
HAMBY 3/1 225g MLINAR,90406413,MLINAR,0.23 kg,ko,1.49,6.62,,1.49,1.49,3858889892981,HRANA
KEKS SWIRL KOKOS 168g SAN,90425006,SAN,0.17 kg,ko,1,5.95,,1,1,7622201456733,HRANA
RAKIJA VILJAMOVKA PREMIUM 0.7L,90486894,ĆOSIĆ,0.70 l,ko,47.05,67.21,,47.05,47.05,3857500027993,PIĆE
LIKER ORAHOVAC 1L,90494349,DALMACIJAVINO,1.00 l,ko,13.05,13.05,,13.05,13.05,3858892460115,PIĆE
VANILIN ŠEĆER BŠ 8g DR OETKER,90494644,DR OETKER,1.00 ko,ko,0.49,0.49,,0.49,0.49,5997381369626,HRANA
PEČENICA 100g PERAJICA,90514268,SUŠARA PERAJICA,0.10 kg,ko,4.09,40.9,,4.09,4.09,3857500112828,HRANA
ŠTAPIĆI ZA UŠI BIOR OLEA REFIL 160/1,90518246,OLEA,160.00 ko,ko,0.65,0,,0.65,0.65,8605002353219,TOALETNE POTREPŠTINE
PANCETA DALMATINSKA cca 300g VP PIVAC,90569804,PIVAC,1.00 kg,kg,18.89,18.89,,18.89,18.89,3858881618015,HRANA
SPUŽVA VILEDA MIRACLEAN 4/1,90570097,VILEDA,4.00 ko,ko,4.75,1.19,,3.32,4.75,4023103093096,PROIZVODI ZA KUĆANSTVO
PROBITAS NATUR 330g PET KRAVICA,90570328,KRAVICA KRALJICA,0.33 kg,ko,1.59,4.82,,1.59,1.59,3856015324429,HRANA
RAJČICA SJECKANA 400g ROSSOGARGANO,90571960,ROSSOGARGANO,0.40 kg,ko,1.39,3.48,,1.39,1.39,8033837720003,HRANA
ZP BIOREPAIR PRO WHITE 75ml,90572448,BIOREPAIR,0.08 l,ko,4.35,58,,4.35,4.35,8017331073773,KOZMETIKA
MUESLI GRAN BOOM BOX HIG PROT ČOK 300g,90572840,BOOM BOX,0.30 kg,ko,4.49,14.97,,4.49,4.49,3858890478358,HRANA
NAPITAK ZOB BARISTA 1L BOOM BOX,90573310,BOOM BOX,1.00 l,ko,3.29,3.29,,2.29,3.29,3858890478778,HRANA
 PIRE VOĆ. FITNESS 200 g NUTRINO LAB,90573488,NUTRINO LAB,0.20 kg,ko,2.25,11.25,,2.25,2.25,8606019652913,HRANA
ŠAMPON OLIVAL RICINUS 250ml,90598764,OLIVAL,0.25 l,ko,6.09,24.36,,6.09,6.09,3858892693902,KOZMETIKA
ECOVER ALL IN 1 22TAB,90600522,ECOVER,22.00 ko,ko,11.89,0.54,,9.03,11.29,5000204254822,SREDSTVA ZA ČIŠĆENJE
SPREJ NIV SUN PR&MOIS SPF30 270ml,90607818,NIVEA,0.27 l,ko,22.99,85.15,,22.99,22.99,4005900908698,KOZMETIKA
BOMBON KAVABON 40g,90622875,KAVABON,0.04 kg,ko,0.55,13.75,,0.55,0.55,8605073300372,HRANA
PAŠTETA TUNA CREAM 4X50g LINO,90623061,LINO,0.20 kg,ko,3.89,19.45,,3.89,3.89,3856020259365,HRANA
ČAJ KOPRIVA FILTAR 15/1,90623761,SUBAN,0.03 kg,ko,2.65,106,,2.45,2.65,3858882914017,HRANA
PRAŠK. NAPITAK MOJ DAN LIMUN 500g,90662971,MOJ DAN,0.50 kg,ko,2.39,4.78,,2.39,2.39,8605028604616,PIĆE
OM ORNEL JASMINE&COTTON 1.6L,90667859,ORNEL,1.60 l,ko,3.99,2.49,,3.99,3.99,3850105182135,SREDSTVA ZA ČIŠĆENJE
POVRĆE MJEŠ ZA FRAN SALAT 400g LEDO,90668437,LEDO,0.40 kg,ko,1.99,4.98,,1.59,1.99,3850116053493,HRANA
PRŠUT 80g GROTA,90669803,GROTA,0.08 kg,ko,3.59,44.88,,3.59,3.59,3859893167263,HRANA
SEZAM CRNI PRŽENI 95g SAITAKU,90669952,SAITAKU,0.10 kg,ko,3.49,36.74,,3.49,3.49,5060194790465,HRANA
WHISKAS MM PERAD 4X85 G,90678135,WHISKAS,0.34 kg,ko,2.75,8.09,,2.75,2.75,4770608263652,PROIZVODI ZA KUĆANSTVO
DATULJA MEDJ SVJ 500g,90692934,PRIMORAC,0.50 kg,ko,6.29,12.58,,6.29,6.29,3858889333774,HRANA
SIRUP K PLUS LEDENI ČAJ BRESKVA 1L,90703451,K PLUS,1.00 l,ko,2.55,2.55,,2.55,2.55,3850334044174,PIĆE
KOLAČ OBLATNE MIX 450g SUNCE,90703983,SUNCE,0.45 kg,ko,6.99,15.53,,6.99,6.99,3859892656805,HRANA
GRAŠAK GARDEN GOOD 800/530g,90707345,GARDEN GOOD,0.53 kg,ko,1.79,3.38,,1.79,1.79,8605028600083,HRANA
WANPY DOG GOV.MRKVA TUBA  90g,90707558,WANPY,0.09 kg,ko,1,11.11,,0.7,1,6927749870227,PROIZVODI ZA KUĆANSTVO
TJESTENINA PENNE BG 400g RUMMO,90707762,RUMMO,0.40 kg,ko,4.19,10.48,,4.19,4.19,8008343880664,HRANA
MLIJEKO UHT 1.0% M.M. 1L KRAVICA,90713383,KRAVICA KRALJICA,1.00 l,ko,1.59,1.59,,1.59,1.59,3856015328885,HRANA
JOGURT SOJIN NATURAL 400g ALPRO,90725242,ALPRO,0.40 kg,ko,2.99,7.48,,2.99,2.99,5411188137979,HRANA
ČOK BIJELA S MALINOM 75g VRSNA,90731077,HRVATSKI VEZ,0.08 kg,ko,5.29,70.53,,5.29,5.29,3858892255797,HRANA
VREĆA SMEĆE TRAKA ALUFIX 60L 15/1,90732182,ALUFIX,15.00 ko,ko,3.59,0.24,,2.69,3.59,4823071655087,PROIZVODI ZA KUĆANSTVO
LIZALICE YOGURT MIX 48/1 920g ROSHEN,90739688,ROSHEN,0.92 kg,ko,5.99,6.51,,5.99,5.99,4823077630736,HRANA
KEKS VANILLA ČOK BOMBONI 50g KOOKIE CAT,90739990,KOOKIE CAT,0.05 kg,ko,1.99,39.8,,1.59,1.99,3800233689969,HRANA
PRELJEV JAGODA SWEET CHEF 320g,90745450,SWEET CHEF,0.32 kg,ko,2.29,7.16,,2.29,2.29,8605028606030,HRANA
BOMBON MR TWISTER VOĆNI TVRDI 250g,90745545,MR TWISTER,0.25 kg,ko,1.49,5.96,,1.49,1.49,3850334045713,HRANA
BALZAM TATF CURLE 150 ml,90749864,TAFT,0.15 l,ko,4,26.67,,4,4,9000101723700,KOZMETIKA
KAŠA ZOB FUN&FIT ČOKOLADA 60 g,90750735,FUN&FIT,0.06 kg,ko,0.89,14.83,,0.89,0.89,8606015858111,HRANA
KOLAČ MRAMORNI BG 250g DR SCHAR,90755008,DR SCHAR,0.25 kg,ko,,19.12,4.78,5.99,5.99,8008698009024,HRANA
KROASAN BELINO MINI KAKAO 72 g,90759812,BELINO,0.07 kg,ko,0.75,10.42,,0.75,0.75,5301000230011,HRANA
SLAD CINQUE STELLE VAN VIŠNJA 6x90 ml,90759865,SAMMONTANA,0.36 l,ko,5.99,16.65,,5.99,5.99,8005840020593,HRANA
DESERT TIRAMISU 2X80g DOLCE ITALIA,90759881,DOLCE VITA,0.16 kg,ko,2.49,15.56,,2.49,2.49,8003938011225,HRANA
PUDING LAGANO JUTRO VANILIJA 4X125g,90764669,LAGANO JUTRO,0.50 kg,ko,2.4,4.8,,2.4,2.4,3850354018162,HRANA
FANT UMAK KREM DELIKATESNI 40 g PODRAVKA,90770334,FANT,0.04 kg,ko,1.19,29.75,,1.19,1.19,3856020269494,HRANA
MORTADELA BOLOGNA IGP 120g NAR,90770667,FRATELLI PARMIGIANI,0.12 kg,ko,2.29,19.08,,2.29,2.29,8004225045664,HRANA
ŠAMPON HERB ESSENCES COCONUT 350 ml,90771274,HERBAL ESSENCES,0.35 l,ko,6.19,17.69,,6.19,6.19,8700216210843,KOZMETIKA
KEKS TUTKU KAKAO KREMA ETI 126 g,90774862,ETI,0.13 kg,ko,1.39,11.03,,1.39,1.39,8690526090344,HRANA
LOSOS HLADNO DIMLJ 200g FOOD WITH YOU,90447926,FOOD WITH YOU,0.20 kg,ko,7.83,39.15,,6.49,7.83,5711865703153,HRANA
 VINO PINOT GRIGIO FANTINI 0.75L,90483725,FANTINI,0.75 l,ko,7.85,10.47,,7.85,7.85,8019873024329,PIĆE
RAKIJA LOZA VINOPLOD 1L ,90484925,VINOPLOD,1.00 l,ko,14.05,14.05,,14.05,14.05,3858892460405,PIĆE
UMAK LJUTI SCORPION 100ml  BRUTALERO,90485557,BRUTALERO,0.10 l,ko,10.19,101.9,,10.19,10.19,3858893750260,HRANA
PRAL LINDT LINDOR PISTACIO 200g,90487073,LINDT,0.20 kg,ko,9.99,49.95,,6.99,9.99,8003340801674,HRANA
OPAL ODSTRANJIVAČ MRLJA SPREJ 650ml,90487360,OPAL,0.65 l,ko,4.59,7.06,,4.59,4.59,3850111755286,SREDSTVA ZA ČIŠĆENJE
TUNJ FILE U MASL ULJU ST 180g MARUZZELLA,90494167,MARUZZELLA,0.18 kg,ko,6.49,36.06,,6.49,6.49,8001820980468,HRANA
CAPP BARCAFFE VANILLA 144g KUT,90494619,BARCAFFE,0.14 kg,ko,3.99,27.71,,3.99,3.99,3838471042765,HRANA
KAVA MUST NAPOLI DG 16/1 112g,90494639,MUST,0.11 kg,ko,4,35.71,,4,4,8056370761401,HRANA
ČAJ PROBAVISAN EKO 50g DARVITALIS,90494648,DARVITALIS,0.05 kg,ko,3.98,79.6,,3.98,3.98,3858890830095,HRANA
NEKTAR MOJ DAN JABUKA 2L,90513352,MOJ DAN,2.00 l,ko,1.79,0.9,,1.39,1.39,3850334411891,PIĆE
MLIJEKO SVJEŽE 3.2% Z BRE PET 1L VIN,90513932,Z BREGOV,1.00 l,ko,1.49,1.49,,1.49,1.49,3850108011814,HRANA
PAHULJICE ZOBENE 1kg MLIN PUKANIĆ,90518486,MLIN PUKANIĆ,1.00 kg,ko,2.25,2.25,,2.25,2.25,3859892888510,HRANA
SIR TOPLJ TROK CAMEMBERT PRESIDENT 140g,90568184,PRESIDENT,0.14 kg,ko,2.02,14.43,,2.02,2.02,3850355005987,HRANA
MEDALJONI PILEĆI LEDO 300g,90568750,LEDO,0.30 kg,ko,4.99,16.63,,4.99,4.99,3850116039077,HRANA
ALU FOLIJA GREEN NATURE 20m ALUFIX,90570134,ALUFIX,20.00 m,ko,3.99,0.2,,3.99,3.99,5949509000317,PROIZVODI ZA KUĆANSTVO
MORTADELA K PLUS NAR 150g,90570283,K PLUS,0.15 kg,ko,,10.6,1.59,1.85,1.85,3850334413420,HRANA
LISTOVI SVJ ZA LASAGNE 250g AURELIA,90570625,AURELIA,0.25 kg,ko,2.19,8.76,,2.12,2.19,3859893533563,HRANA
DESERT SNICKERS SUPER+1 112.5g,90570922,MARS,0.11 kg,ko,1.99,17.69,,1.49,1.99,5900951310843,HRANA
SET MELEM PASTELNI 3X10ml,90571218,MELEM,1.00 ko,ko,4,4,,4,4,3856007910890,KOZMETIKA
PRŠUT OD CRNE SVINJE S KOSTI IBERICO,90573760,ELPOZO,1.00 kg,kg,30.99,30.99,,30.99,30.99,,HRANA
PIVO DESPERADOS LIM 0.5L,90598757,DESPERADOS,0.50 l,ko,1.85,3.7,,1.85,1.85,8712000038175,PIĆE
SLAD KING MAJESTIC 100ml LEDO,90598782,KING,0.10 l,ko,2.79,27.9,,2.79,2.79,3850116039527,HRANA
ROLL ON DOVE W TALC JASM/VANIL 50ml,90598924,DOVE,0.05 l,ko,,80.2,4.01,5.35,5.35,59095330,KOZMETIKA
KIKIRIKI U TIJESTU LUK/VRH 120g MOGYI,90600117,MOGYI,0.12 kg,ko,1.6,13.33,,1.2,1.6,5997347540557,HRANA
DESERT PINA COLADA 130g PLANTON,90602872,PLANTON,0.13 kg,ko,1.99,15.31,,1.99,1.99,5901104005517,HRANA
ARF CREAM ORIGINAL 400ml,90603160,ARF,0.40 l,ko,1.95,4.88,,1.69,1.95,3850105181626,SREDSTVA ZA ČIŠĆENJE
NEKTAR HAPPY DAY FAMILY JABUKA 1L,90648097,HAPPY DAY,1.00 l,ko,1.99,1.99,,1.99,1.99,9008700218184,PIĆE
NAMAZ LINO LADA MILK 700g PODRAVKA,90648392,LINO LADA,0.70 kg,ko,6.19,8.84,,4.79,6.19,3856020259945,HRANA
SALAMA OBLOŽENA PARMEZ 75g NAR SORGER,90648546,SORGER,0.08 kg,ko,2.39,31.87,,2.39,2.39,9002055002269,HRANA
BUDDY SP JANJETINA RIŽA 10KG,90649409,BUDDY,10.00 kg,ko,11.89,1.19,,9.99,11.89,3850334010001,PROIZVODI ZA KUĆANSTVO
PIVO ZMAJSKO PALE ALE 0.5L NB,90649495,ZMAJSKA PIVOVARA,0.50 l,ko,2.35,4.7,,2.35,2.35,3859893414534,PIĆE
ŠTRUDLA ČOKOLADA 250g LASTA,90662947,LASTA,0.25 kg,ko,2.39,9.56,,2.39,2.39,3870128029965,HRANA
PRAŠK. NAPITAK MOJ DAN LIMUN 1000g,90662967,MOJ DAN,1.00 kg,ko,4.25,4.25,,4.25,4.25,8605028604609,PIĆE
DET JAR PLATINUM LIMUN 75TAB,90667742,JAR ADW,75.02 ko,ko,20.99,0.28,,20.99,20.99,8006540751626,SREDSTVA ZA ČIŠĆENJE
REBRA DIMLJENA VP PIVAC,90672754,PIVAC,1.00 kg,kg,8.99,8.99,,8.99,8.99,3858881612631,HRANA
VINO AROM. MIA SANGRIA CLASS. ROYAL 0.75L,90675107,FREIXENET,0.75 l,ko,6.05,8.07,,6.05,6.05,8410384004242,PIĆE
ČAJ ENGLISH BREAKFAST 25X2g AHMAD,90678488,AHMAD,0.05 kg,ko,2.39,47.8,,2.39,2.39,0054881005906,HRANA
JUHA GOV NOODLES 70g INDOMIE,90697909,INDOMIE,0.07 kg,ko,0.66,9.43,,0.66,0.66,8606108584125,HRANA
KAPS KAVA ARAB NS 10/1 56g RITUAL,90698481,RITUAL,0.06 kg,ko,2.79,49.82,,2.79,2.79,3850334036230,HRANA
SLAD MONTE ŠTAPIĆ 4x85ml,90703710,MONTE,0.34 l,ko,5.99,17.61,,5.99,5.99,4014500519814,HRANA
LIP BALM LABELLO ORIGINAL 4.8g,90726926,LABELLO,0.01 kg,ko,3.59,747.92,,3.59,3.59,9005800362861,KOZMETIKA
ZP ORAL B PROEXPERT WHITE 75ml,90729762,ORAL B,0.08 l,ko,4,53.33,,4,4,8700216106788,KOZMETIKA
BOM YUMMI GUMMI KISELE TRAK MIX 70g,90729982,ROSHEN,0.07 kg,ko,0.89,12.71,,0.89,0.89,4823077636264,HRANA
BOM YUMMI GUMMI ŠTAP TWISTS MIX  70g ,90729986,ROSHEN,0.07 kg,ko,0.89,12.71,,0.89,0.89,4823077636271,HRANA
MASKA GLISS MOISTURE 400 ml,90749854,GLISS,0.40 l,ko,6,15,,6,6,9000101726213,KOZMETIKA
VL MAR SEPTONA BABY ALOE 60/1,90765173,SEPTONA,60.02 ko,ko,1.75,0.03,,1.75,1.75,5201410964288,TOALETNE POTREPŠTINE
STICK NIVEA M FRESH KICK 50ML,90699144,NIVEA,0.05 l,ko,,63.8,3.19,3.95,5.29,9005800352237,KOZMETIKA
TRIMER ZA BRADU GILLETTE KING C,90703235,GILLETTE,1.00 ko,ko,30,30,,30,30,7702018602094,KOZMETIKA
SET BIOBAZA BOTANIKA GRANDMA’S GARD,90704122,BIOBAZA,1.00 ko,ko,,7.48,7.48,9.99,9.99,3856020912406,KOZMETIKA
DET ARIEL M SPRING 1.1kg=20PR,90705848,ARIEL,1.10 kg,ko,7,6.36,,7,7,8006540940334,SREDSTVA ZA ČIŠĆENJE
ŽICA TEFLON FINO 1/1,90706368,FINO,1.00 ko,ko,1.29,1.29,,1.29,1.29,5201314911081,PROIZVODI ZA KUĆANSTVO
ČAJ STOMACH EASE 30.6g YOGI TEA,90744651,YOGI TEA,0.03 kg,ko,3.69,120.59,,3.69,3.69,4012824401075,HRANA
MY PETS SP GOVEDINA 3 kg,90750490,MY PETS,3.00 kg,ko,3.99,1.33,,3.99,3.99,3850334106438,PROIZVODI ZA KUĆANSTVO
KEKS NUTRI OCAKE CARROT CAKE 133 g ,90754725,O CAKE,0.13 kg,ko,0.99,7.44,,0.79,0.99,8600462042321,HRANA
KREKER BG 50g DR SCHAR,90755016,DR SCHAR,0.05 kg,ko,,25.4,1.27,1.59,1.59,8008698044742,HRANA
TURBAN ZA KOSU MJEŠOVITI VE RUŽIČASTO + SIVO,90764995,PARSA,1.00 ko,ko,7.99,7.99,,7.99,7.99,4001065175395,KOZMETIKA
UMAK SALSA PIKANTNI 740 g ZVIJEZDA,90770099,ZVIJEZDA,0.74 kg,ko,3.49,4.72,,3.49,3.49,3856015330529,HRANA
UMAK PESTO BOS PISTACIJA 190g BARILLA,90770598,BARILLA,0.19 kg,ko,4.79,25.21,,2.99,4.79,8076809581868,HRANA
ŠAMPON PANTENE MIRAC HYDRAT 250 ml,90771254,PANTENE,0.25 l,ko,5.99,23.96,,4.49,4.49,8700216323512,KOZMETIKA
ŠAMPON HERBAL ESSENCES ROSE 350 ml,90771278,HERBAL ESSENCES,0.35 l,ko,6.19,17.69,,6.19,6.19,8700216211277,KOZMETIKA
MC MP SVINJ GRAŠAK MRKVA PATE 300 g,90774817,MIGLIOR,0.30 kg,ko,1.75,5.83,,1.75,1.75,8007520027304,PROIZVODI ZA KUĆANSTVO
GEL TUŠ  PALM MEN COOL SPLASH 500 ml,90775008,PALMOLIVE,0.50 l,ko,4.89,9.78,,4.89,4.89,8718951726208,KOZMETIKA
MLIJEKO UHT BEZ LAKT 1.5% 1 L MEGGLE,90775194,MEGGLE,1.00 l,ko,1.79,1.79,,1.79,1.79,3870085010006,HRANA
ZP LACALUT WHITE&REPAIR 75 ml,90775502,LACALUT,0.08 l,ko,4.99,66.53,,3.99,4.99,4016369546154,KOZMETIKA
ROLL ON LACTOVIT Ž EXTRA 50 ml,90775564,LACTOVIT,0.05 l,ko,3.95,79,,2.95,3.95,8411135353091,KOZMETIKA
KREKER RIŽA ACTIVE ZONE 120 g,90779998,ACTIVE ZONE,0.12 kg,ko,0.99,8.25,,0.79,0.99,3838900837436,HRANA
PALAČINKE PROT ČOKOLADA PROSERIES 65 g,90789667,PROSERIES,0.07 kg,ko,1.49,22.92,,1.49,1.49,3856026807683,HRANA
VISKI BALLANTINE'S 10YO 0.7 l,90794975,BALLANTINES,0.70 l,ko,32.05,45.79,,32.05,32.05,5000299628713,PIĆE
METLA UNUTARNJA DRŠKA CS,90799926,CLEAN SMART,1.00 ko,ko,4.69,4.69,,3.28,4.69,3859893097218,PROIZVODI ZA KUĆANSTVO
SOL S CRNIM TARTUFOM 80 g ZIGANTE,90800754,ZIGANTE,0.08 kg,ko,5.99,74.88,,5.99,5.99,3858891983080,HRANA
FRISKIES MP ADULT GOV PIL JANJ ŽELE 4X85 g,90809756,FRISKIES,0.34 kg,ko,2.59,7.62,,1.99,1.99,8445290751737,PROIZVODI ZA KUĆANSTVO
VINO SAUVIGNON BLANC ŠOŠKIĆ 0.75 L,90824783,ŠOŠKIĆ,0.75 l,ko,15.05,20.07,,15.05,15.05,3859893712029,PIĆE
ULJE MASLINOVO ED LECCI 0.5L OLALA,90824875,OLALA,0.50 l,ko,13,26,,13,13,3857500143051,HRANA
MJEŠAVINA KORZIKA 480 g LEDO,90825004,LEDO,0.48 kg,ko,3.99,8.3,,3.19,3.19,3850116065236,HRANA
KOLAČ DULCETTI ČOKOLADNI 400g,90825814,DULCETTI,0.40 kg,ko,2.49,6.23,,2.49,2.49,3850334420442,HRANA
DESERT DOBRA KAŠA 2GO BRUS/BOR 40g,90826119,DOBRA,0.04 kg,ko,0.89,22.25,,0.89,0.89,8595054908843,HRANA
KEKS MINI ČOK ORAH 100 g KOOKIE CAT,90826202,KOOKIE CAT,0.10 kg,ko,2.99,29.9,,2.39,2.99,3800233689839,HRANA
DESERT KNOPPERS MINIS 18/1 200 g,90826348,KNOPPERS,0.20 kg,ko,3.99,19.95,,3.99,3.99,4014400929010,HRANA
TORTA SMRZNUTA MEDENA 800 g,90830073,SLATKO I SLANO,0.80 kg,ko,11.99,14.99,,11.99,11.99,3870218003653,HRANA
SUHI ŠAMPON GOT2B EX VOLUME 200 ml,90850136,GOT2B,0.20 l,ko,,28.45,5.69,7.99,7.99,9000101043662,KOZMETIKA
BRIJAČ JEDNOK GILLETTE BLUE 3 1/1,90850659,GILLETTE,1.00 ko,ko,,2.09,2.09,2.09,2.25,8006540745298,KOZMETIKA
DEO PLAYBOY M VIP 150 ml,90850939,PLAYBOY,0.15 l,ko,3.99,26.6,,3.99,3.99,5050456007400,KOZMETIKA
DOMESTOS PJENA ARCTIC FRESH 435 ml,90864982,DOMESTOS,0.44 l,ko,4.49,10.32,,4.49,4.49,8720182796400,SREDSTVA ZA ČIŠĆENJE
MUESLI CHIA I PIR 350 g OPLANT,90869774,OPLANT,0.35 kg,ko,3.99,11.4,,3.99,3.99,3856020274238,HRANA
TUNJ OCEAN SALATA GRAH 210G/160g,90869931,OCEAN,0.16 kg,ko,2.25,14.06,,2.25,2.25,3850334171054,HRANA
RIŽA BASMATI BIO ZONE 500 g,90869951,BIO ZONE,0.50 kg,ko,2.69,5.38,,2.69,2.69,3850334428752,HRANA
PAHULJICE LION MINIS 300 g NESTLE,90869978,NESTLE ŽITAR,0.30 kg,ko,4.49,14.97,,4.49,4.49,5900020044891,HRANA
POLI GREEN MINI 220 g,90875390,POLI,0.22 kg,ko,3.99,18.14,,3.99,3.99,3838977044508,HRANA
SALV PALOMA BUN&EGGS 33X33 3SL 20/1,90885063,PALOMA,1.00 ko,ko,1.69,1.69,,1.35,2.29,3838952036016,PROIZVODI ZA KUĆANSTVO
DEO LACTOVIT SENSITIVE 200 ml,90885248,LACTOVIT,0.20 l,ko,4.79,23.95,,3.59,4.79,8411135352452,KOZMETIKA
PLAVA RIBA U BILJ ULJU 95 g/67 g EVA,90886068,EVA,0.07 kg,ko,1.49,22.24,,1.49,1.49,3856020277970,HRANA
DET ARIEL LE AMETHYST 38TAB,90886280,ARIEL,37.99 ko,ko,25.49,0.67,,16.49,25.49,8700216764438,SREDSTVA ZA ČIŠĆENJE
DET ARIEL COLOR 1.65 kg=30PR,90886299,ARIEL,1.65 kg,ko,16.49,9.99,,16.49,16.49,8700216733571,SREDSTVA ZA ČIŠĆENJE
ČOKOLADA MILKA BADEM CARAMEL 190 g,90889940,MILKA,0.19 kg,ko,4.49,23.63,,4.49,4.49,7622202298905,HRANA
TIJESTO MEZZE PENNE 500 g BRAGAGNOLO,90894654,BRAGAGNOLO,0.50 kg,ko,1.99,3.98,,1.99,1.99,8004350003898,HRANA
VOĆNI JOGURT MIX MULLER 8X125 g,90895375,MULLER,1.00 kg,ko,3.99,3.99,,3.99,3.99,4025500275044,HRANA
DUCK WC GEL VIRTUAL VIOLET 750 ml,90899825,DUCK,0.75 l,ko,2.99,3.99,,2.99,2.99,5000204366488,SREDSTVA ZA ČIŠĆENJE
DET FAKS WHITE&COLOR 5 L=100PR,90900317,FAKS,5.00 l,ko,16.69,3.34,,16.69,16.69,3850105190284,SREDSTVA ZA ČIŠĆENJE
MALINA 125 grama,01410092,,0.13 kg,ko,1.99,15.92,,1.55,1.55,8013912170046,HRANA
JABUKA ZLATNI DELIŠES,01411106,,1.00 kg,kg,1.59,1.59,,1.59,1.59,3850334173614,HRANA
DŽEM JAGODA 370g BONNE MAMAN,01462522,BONNE MAMAN,0.37 kg,ko,4.99,13.49,,4.99,4.99,3608580705130,HRANA
SALATA MIJEŠANA K PLUS 360g,01550806,K PLUS,0.36 kg,ko,1.99,5.53,,1.79,1.99,3850334150042,HRANA
ZAČIN MAŽURAN USITNJ VR 6g VEGETA MAESTRO,90282023,VEGETA MAESTRO,0.01 kg,ko,0.89,148.33,,0.49,0.89,3850104294402,HRANA
JUHA ALPSKA 64g PODRAVKA,90290261,PODRAVKA,0.06 kg,ko,,17.03,1.09,1.09,1.39,3850104295218,HRANA
KRUH SJEME BEZ GLUTENA 400g RAZVOJNE,90307078,MOJE MALO ZLATO,0.40 kg,ko,4.89,12.23,,4.89,4.89,3859893064142,HRANA
SIR TVRDI PARMIGIANO 200g ZANETTI,90308125,ZANETTI,0.20 kg,ko,6.59,32.95,,6.59,6.59,8002710402008,HRANA
KRUH BIJELI BEZ GL 250g SCHAR,90317229,DR SCHAR,0.25 kg,ko,2.39,9.56,,2.39,2.39,8008698024065,HRANA
KEKS KOKOS 250g LE VENEZIANE,90324654,LE VENEZIANE,0.25 kg,ko,4.38,17.52,,4.38,4.38,8009915004167,HRANA
GAZ PIĆE PIPI 0.33l LIM,90325259,PIPI,0.33 l,ko,1.15,3.48,,0.97,1.15,3859893637001,PIĆE
BOLERO CLASSIC LIMUN 9g,90325844,BOLERO,0.01 kg,ko,0.89,98.89,,0.89,0.89,3800048200038,PIĆE
SUŠENA POSLASTICA - PAČ VRATVON BARF 100g,90335097,VON BARF,0.10 kg,ko,4.99,49.9,,3.99,4.99,3859893426131,PROIZVODI ZA KUĆANSTVO
CESAR MP IZBOR U UMAKU 4X100g,90335170,CESAR,0.40 kg,ko,3.79,9.48,,2.99,3.79,5900951253553,PROIZVODI ZA KUĆANSTVO
LOSOS DIVLJI 4/5 MEDUZA,90356731,MEDUZA,1.00 kg,kg,15.59,15.59,,9.35,15.59,,HRANA
ŠARUN SVJ UV MEDUZA,90356738,MEDUZA,1.00 kg,kg,6.49,6.49,,3.89,6.49,,HRANA
ONE SP MINI ACTIVE PIL RIŽA 800g,90361617,ONE,0.80 kg,ko,5.49,6.86,,5.49,5.49,7613034146793,PROIZVODI ZA KUĆANSTVO
PEDIGREE SCHMACKOS 86g,90362669,PEDIGREE,0.09 kg,ko,2.19,25.47,,2.19,2.19,5010394004435,PROIZVODI ZA KUĆANSTVO
KRUH KALNIČKI PAK 600g MLINAR,90363458,MLINAR,0.60 kg,ko,2.05,3.42,,1.79,1.79,3858881127371,HRANA
BRUSNICA GARDEN GOOD SUHA 180g,90363722,GARDEN GOOD,0.18 kg,ko,1.99,11.06,,1.49,1.99,3838900956984,HRANA
PISTACIO SUHO PRŽ SL HRUSTY 200g,90363787,HRUSTY,0.20 kg,ko,3.99,19.95,,3.99,3.99,3850334154187,HRANA
BOMBON KAR KIKI TUTTI FRUTTI 200g,90373542,KIKI,0.20 kg,ko,2.39,11.95,,1.79,2.39,3850102516742,HRANA
PUREĆI ŠIŠ ĆEVAPI 330g,90377973,VINDON,0.33 kg,ko,4.99,15.12,,3.99,4.99,3850339419021,HRANA
MLIJEKO ZAMJ BEBIMIL 1 300g,90386018,BEBIMIL,0.30 kg,ko,6.49,21.63,,6.49,6.49,9007253105064,HRANA
VINO ROSSO TOSCANA IGT 0.75L,90402352,ROSETTI,0.75 l,ko,7.45,9.93,,7.45,7.45,8027603005326,PIĆE
TJESTENINA  FUSILLI  500g RUMMO,90402859,RUMMO,0.50 kg,ko,1.99,3.98,,1.99,1.99,8008343200486,HRANA
PANCETA PERAJICA cca 300g SUŠ PERAJICA,90404113,SUŠARA PERAJICA,1.00 kg,kg,21.99,21.99,,21.99,21.99,,HRANA
ČAJ KAMILICA 40G,90404280,SUBAN,0.04 kg,ko,2.65,66.25,,2.39,2.65,3858882912327,HRANA
ČAJ MENTA 40G,90404285,SUBAN,0.04 kg,ko,2.65,66.25,,2.39,2.65,3858882912341,HRANA
KAVA DOLCE GUSTO MACCHIA 16/1 183.2g,90405486,DOLCE GUSTO,0.18 kg,ko,6.49,35.43,,5.29,6.49,7613037491159,HRANA
LASAGNE BOLOGNESE BEEF 1kg COME A CASA,90407002,COME A CASA,1.00 kg,ko,5.99,5.99,,5.99,5.99,5900741604978,HRANA
PIĆE NEGAZ CAPPY LEMONADE 1.25L PET,90407740,CAPPY,1.25 l,ko,1.99,1.59,,1.69,1.99,5000112653779,PIĆE
DEO GARNIER MAGNES MEN SPR 150ml,90410194,GARNIER,0.15 l,ko,,24.6,3.69,4.49,4.99,3600542310383,KOZMETIKA
LEDOLETTA ABC SIR 450g LEDO,90422936,LEDO,0.45 kg,ko,3.45,7.66,,3.45,3.45,3850116036687,HRANA
KEKS PRINCEZA ČOKO KOKOS 230g,90427866,PRINCEZA,0.23 kg,ko,2.69,11.7,,2.69,2.69,3856014101618,HRANA
BEČKA NAR 100g PODRAVKA,90428190,PODRAVKA,0.10 kg,ko,1.99,19.9,,1.99,1.99,3856020241513,HRANA
PALENTA BIJELA 500G IZIDOR,90453593,IZIDOR,0.50 kg,ko,1.39,2.78,,1.39,1.39,3859893567032,HRANA
LOSION NIVEA ALOE&HYDRATION 625ml,90478411,NIVEA,0.63 l,ko,,10.56,6.6,7.89,13.19,9005800313719,KOZMETIKA
VINO ZOLLA MERLOT PRIMITIVO PUGLIA 0.75l,90483711,PUGLIA,0.75 l,ko,11.45,15.27,,11.45,11.45,8019873724403,PIĆE
OCAT VINSKI MUŠKAT 500ml PONTI,90484639,PONTI,0.50 l,ko,3,6,,3,3,,HRANA
ŽV GUMA ORBIT REFRESH SPEARMINT BOČ 67g,90485452,WRIGLEY,0.07 kg,ko,,50,3.35,4.2,4.2,4009900536257,HRANA
ŠAMPON GEL 2U1 BIOBAZA FAIRY 250 ml,90874955,BIOBAZA,0.25 l,ko,4.39,17.56,,4.39,4.39,3856020916824,KOZMETIKA
ČOKOLADNO JAJE MAXI SPECIAL M 150 g,90879797,SPECIAL MOMENTS,0.15 kg,ko,3,20,,3,4,3850334437310,HRANA
KRAUTERBUTTER TRIO 100 g MEGGLE,90880061,MEGGLE,0.10 kg,ko,2.99,29.9,,2.99,2.99,4034900006103,HRANA
SLAD NJOFRA PUNČ 6X65 ml,90885867,LEDO,0.39 l,ko,5.99,15.36,,4.79,5.99,3850116067148,HRANA
NAMAZ POVRĆE 75g NATUREL,90030971,NATUREL,0.08 kg,ko,1.45,19.33,,0.99,1.45,3858887246243,HRANA
BOMBONI RONDO C BOČICA 61.5g,90039377,CEDEVITA,0.06 kg,ko,1.59,25.85,,1.59,1.59,3850322008331,HRANA
KOLAČ KREM KOLAČIĆI 500G KUSTURA,90055373,KUSTURA KOLAČI,0.50 kg,ko,7.43,14.86,,7.43,7.43,3859892623999,HRANA
GRDOBINA II SVJ LIBURNIJA,90075701,,1.00 kg,kg,8.89,8.89,,5.33,8.89,,HRANA
JUHA BAKINA 46g PODRAVKA,90083237,PODRAVKA,0.05 kg,ko,0.79,17.17,,0.79,0.79,3850104266720,HRANA
BAKALAR OLIVETO 90g MILENA,90085595,BACCALA DELLA MAMMA,0.09 kg,ko,3.49,38.73,,3.49,3.49,3859890853237,HRANA
PIVO PAN RADLER LIMUN 2L PET,90087194,PAN,2.00 l,ko,3.55,1.78,,3.55,3.55,3858887581726,PIĆE
KEČAP BLAGI 500g PODRAVKA,90095836,PODRAVKA,0.50 kg,ko,,2.78,1.39,1.49,1.99,3850104268731,HRANA
FOLIJA PRIJANJAJUĆA 45mX29cm ALUFIX,90110786,ALUFIX,45.01 m,ko,2.99,0.07,,2.99,2.99,9001376101231,PROIZVODI ZA KUĆANSTVO
HREN LUDBREŠKI 200g,90127919,LUDBREŠKI HREN,0.20 kg,ko,2.49,12.45,,2.49,2.49,3859893697005,HRANA
KOSTI SVINJSKE SUHE MM RFZ,90140190,MM,1.00 kg,kg,3.49,3.49,,3.49,3.49,3859893170850,HRANA
PIVO KARLOVAČKO CRNO 0.5L LIMENKA,90144311,KARLOVAČKO,0.50 l,ko,1.49,2.98,,1.49,1.49,3850103005511,PIĆE
POSL KEKSI  PAS VITA ROLLS  400g,90298655,VITAKRAFT,0.40 kg,ko,3.05,7.63,,3.05,3.05,8007229348922,PROIZVODI ZA KUĆANSTVO
ZP SENS RAPID RELIEF WHITE 75ml,90298784,SENSODYNE,0.08 l,ko,,79.07,5.93,6.99,6.99,5054563027535,KOZMETIKA
KREMA NIVEA PROT BORA 45+ DAN 50ml,90299076,NIVEA,0.05 l,ko,,143.8,7.19,10.29,10.29,9005800290805,KOZMETIKA
VINO MALVAZIJA ISTARSKA 0.75L,90308347,ZIGANTE,0.75 l,ko,19.05,25.4,,19.05,19.05,3858891984216,PIĆE
TUNJ LEGGERO  3X60g RIO MARE,90320604,RIO MARE,0.18 kg,ko,5.89,32.72,,5.89,5.89,8004030105041,HRANA
KAŠA PROSERIES INSTANT OATS 1kg,90344811,POLLEO,1.00 kg,ko,7.99,7.99,,7.99,7.99,3859893008474,HRANA
KUPUS KIS PAPRIKA ČEŠNJAK PAPAR 250g,90348707,KORA,0.25 kg,ko,1.59,6.36,,1.59,1.59,3859891493609,HRANA
PAPRIKA PEČENA K PLUS 680g/390g,90350384,K PLUS,0.39 kg,ko,2.79,7.15,,2.79,2.79,3850334148629,HRANA
RAVIOLI VRGANJI 250g NAŠE KLASJE,90352842,AURELIA,0.25 kg,ko,2.99,11.96,,2.92,2.99,3859892780135,HRANA
RAŽA KRILA MEDUZA,90356800,MEDUZA,1.00 kg,kg,12.99,12.99,,7.79,12.99,,HRANA
LOPATICA K PLUS ROLANA BEZ KOŽE,90360012,K PLUS,1.00 kg,kg,9.29,9.29,,5.69,9.29,3850139285499,HRANA
LJEŠNJAK KROKANT 150g RUF,90360052,RUF,0.15 kg,ko,3,20,,2.55,3.19,4002809004346,HRANA
PEL PAMPERS PREMIUM JP S5 58/1,90360926,PAMPERS,58.01 ko,ko,26.54,0.46,,26.54,26.54,8001841104997,TOALETNE POTREPŠTINE
DENTALIFE MALI 115g,90361561,DENTALIFE,0.12 kg,ko,2.19,19.04,,2.19,2.19,7613035378780,PROIZVODI ZA KUĆANSTVO
ONE MM SENS PIL MRKVA 85g,90362329,ONE,0.09 kg,ko,1.19,14,,0.79,1.19,7613036936835,PROIZVODI ZA KUĆANSTVO
ČOBANAC 400g PODRAVKA,90362684,PODRAVKA,0.40 kg,ko,3.79,9.48,,2.84,3.79,3858886463863,HRANA
FILEKI 300g GAVRILOVIĆ,90377513,GAVRILOVIĆ,0.30 kg,ko,3.49,11.63,,3.49,3.49,3858892720936,HRANA
GRAH S GAVRILOVIĆ KOBASICOM 300g,90377515,GAVRILOVIĆ,0.30 kg,ko,3.49,11.63,,3.49,3.49,3858892720950,HRANA
KONCENTRAT POVRĆ. S RAJČ TUBA 130g MUTTI,90378047,MUTTI,0.13 kg,ko,1.99,15.31,,1.99,1.99,80042549,HRANA
BOMBON HARIBO KISELI KRUMPIRIĆI 100g,90381344,HARIBO,0.10 kg,ko,1.59,15.9,,1.19,1.59,9002975331555,HRANA
FRISKIES MM LOSOS UMAK 85g,90381987,FRISKIES,0.09 kg,ko,0.59,6.94,,0.59,0.59,7613036964081,PROIZVODI ZA KUĆANSTVO
FRISKIES MM JUNIOR PIL 85g,90381993,FRISKIES,0.09 kg,ko,0.59,6.94,,0.59,0.59,7613036964661,PROIZVODI ZA KUĆANSTVO
KEKS LEIBNIZ MINIS ČOKOLADA 100g,90382012,BAHLSEN,0.10 kg,ko,1.85,18.5,,1.85,1.85,5901414204648,HRANA
KOBASICA DOM ZA KUHANJE I PEČENJE 300G VAC,90391101,GAVRILOVIĆ,0.30 kg,ko,4.25,14.17,,4.25,4.25,3858890209884,HRANA
PROTEIN 1ST WHEY 2.27kg STRAWBERRY,90400555,POLLEO,2.27 kg,ko,69.99,30.83,,69.99,69.99,3858892293928,HRANA
ZP BIOREPAIR ZAŠTITA DESNI 75ml,90402763,BIOREPAIR,0.08 l,ko,4.35,58,,4.35,4.35,8017331076651,KOZMETIKA
AMUR ODREZAK KUPA,90402976,RIBNJAK,1.00 kg,kg,6.15,6.15,,3.69,6.15,,HRANA
TIJESTO FUŽI SA ŠPINATOM 400g KLARA M,90403417,KLARA M,0.40 kg,ko,4.29,10.73,,4.29,4.29,3859888499171,HRANA
JUHA DOMAĆA GOVEĐA 45g ALEVA,90403428,ALEVA,0.05 kg,ko,0.69,15.33,,0.69,0.69,8600947036739,HRANA
KOBASICE SUHE ISTAR TARTUFI 167g BURETIĆ,90404130,BURETIĆ,0.17 kg,ko,8.29,49.64,,8.29,8.29,3859893159107,HRANA
KREMA CHEESECAKE 500g VINDIJA,90404750,Z BREGOV,0.50 kg,ko,3.89,7.78,,3.89,3.89,3850108058864,HRANA
BOMBONI SKITTLES CRAZY SOURS VR 95G,90405121,WRIGLEY,0.10 kg,ko,1.59,16.74,,1.11,1.59,4009900510851,HRANA
OMBOLO SUHI 80g HISTRIS,90405214,HISTRIS,0.08 kg,ko,3.69,46.13,,3.69,3.69,3859893167102,HRANA
PEDIGREE RODEO GOVEDINA 123g,90405352,PEDIGREE,0.12 kg,ko,1.79,14.55,,1.49,1.79,5998749141007,PROIZVODI ZA KUĆANSTVO
TAMPONI OB PRO COMFORT SUPER 32,90406429,OB,32.00 ko,ko,6.89,0.22,,6.89,6.89,3574661485201,TOALETNE POTREPŠTINE
ČOKOLADNE BANANE FINESSE MINI 150g,90410146,FINESSE,0.15 kg,ko,1.79,11.93,,1.79,1.79,3850334196170,HRANA
COUS COUS 500g BIOZONE,90412777,BIO ZONE,0.50 kg,ko,1.99,3.98,,1.99,1.99,3838900841112,HRANA
 DODATAK JELIMA S POVRĆEM 1000g SPICE CHEF,90424572,SPICE CHEF,1.00 kg,ko,2.49,2.49,,2.49,2.49,3850334235480,HRANA
DEO OLD SPICE WHITE 2x150ml,90425037,OLD SPICE,0.30 l,ko,5,16.67,,5,5,8001841670720,KOZMETIKA
TEL TRBUŠINA DOMAĆA ,90453829,MARTINJAK,1.00 kg,kg,5.97,5.97,,5.97,5.97,,HRANA
PRŠUT DOMAĆI 100g BURETIĆ,90514255,BURETIĆ,0.10 kg,ko,5.39,53.9,,5.39,5.39,3859893159473,HRANA
VINO MALV/CASTELLO DECANTER 2X0.75L,90573339,LAGUNA,1.50 l,ko,26.05,17.37,,26.05,26.05,3858881198012,PIĆE
FELIX MM JUNIOR PILETINA 85g,90582732,FELIX,0.09 kg,ko,0.79,9.29,,0.65,0.79,7613287490117,PROIZVODI ZA KUĆANSTVO
KESTEN ŠTAPIĆI NARANČ KORA 80g SANA,90674904,SANA,0.08 kg,ko,2.29,28.63,,2.29,2.29,3858892322406,HRANA
WHISKAS MM PD MIX 4X85G,90678123,WHISKAS,0.34 kg,ko,2.75,8.09,,2.19,2.75,5900951303319,PROIZVODI ZA KUĆANSTVO
TUNJ KOM MASL ULJE 2X80g EVA,90442833,EVA,0.10 kg,ko,5.39,51.83,,5.39,5.39,3850104301360,HRANA
DVOPEK CLASSIC 330g NATUREL,90453647,NATUREL,0.33 kg,ko,2.45,7.42,,2.45,2.45,3858889365256,HRANA
DESERT KINDER DELICE COCO 37g,90468043,FERRERO,0.04 kg,ko,0.79,21.35,,0.79,0.79,8000500355138,HRANA
UMAK VEGAN BOLOGNESE 350g SACLA,90483339,SACLA,0.35 kg,ko,3.99,11.4,,3.99,3.99,8001060035973,HRANA
SLAD MAGNUM DOUB GOLD CARAMEL 440ml,90483518,MAGNUM,0.44 l,ko,7.99,18.14,,7.99,7.99,8711327480438,HRANA
ŠKAMPI FROZY 1kg,90485004,FROZY,1.00 kg,ko,14.99,14.99,,9.99,14.99,3859891927906,HRANA
BOMBONI ŠUM VOĆE EKO 90g ALPENB,90498437,ALPENBAUER,0.09 kg,ko,2.29,25.44,,2.29,2.29,4054451250084,HRANA
ŽV GUMA LIMUN 21g TRUE GUM,90498544,TRUE GUM,1.00 ko,ko,2.09,2.09,,2.09,2.09,5745000121045,HRANA
SRDELA DIMLJENA 160 g/112 g BANGA,90886121,BANGA,0.11 kg,ko,2.99,26.7,,2.99,2.99,4751017407400,HRANA
OM LENOR SUMMER BREEZE 1.491 L,90886230,LENOR,1.49 l,ko,7.39,4.96,,7.39,7.39,8700216724029,SREDSTVA ZA ČIŠĆENJE
DET DASH AMBER 30TAB,90886342,DASH,30.00 ko,ko,19.99,0.67,,19.99,19.99,8700216792172,SREDSTVA ZA ČIŠĆENJE
KREMA BYROKKO ČOK 200 ml,90887257,BYROKKO,0.20 l,ko,19.99,99.95,,19.99,19.99,3830079880930,KOZMETIKA
BOMBONI GUMEN SOUR WORMS 80 g BEBETO,90887328,BEBETO,0.08 kg,ko,0.99,12.38,,0.99,0.99,8690146659112,HRANA
DESERT MILKA WAFFELINI MILK  31 g,90889956,MILKA,0.03 kg,ko,0.89,28.71,,0.79,0.79,7622202288142,HRANA
NEKTAR MULTIVITAMIN TO 1 L,90889996,TO,1.00 l,ko,1.59,1.59,,1.29,1.59,3858890975512,PIĆE
GRISSINI DULCETTI PIZZA 170 g,90890122,DULCETTI,0.17 kg,ko,,5.82,0.99,1.29,1.29,3838900843505,HRANA
VEGETA SWEET CHILI 200 g PODRAVKA,90890329,VEGETA,0.20 kg,ko,2.19,10.95,,2.19,2.19,3856020276690,HRANA
CHICKEN BITES CEKIN 600 g,90899993,CEKIN,0.60 kg,ko,8.29,13.82,,8.29,8.29,3850159141164,HRANA
GLJIVA ŠAMPINJON REZANI 250 grama,01400086,,0.25 kg,ko,1.49,5.96,,1.49,1.49,3850334184832,HRANA
ČEŠNJAK RFZ,01402186,KORA,1.00 kg,kg,4.99,4.99,,4.99,4.99,3850334173287,HRANA
UMAK SLATKI OD PAPRIKE 250ML YOUWOK,01491662,YOUWOK,0.25 l,ko,3.35,13.4,,3.35,3.35,8717228380051,HRANA
SENF KREMSER TUBA 200g DEVELEY,01530048,MAUTNER MARK,0.20 kg,ko,1.95,9.75,,1.65,1.65,9011900139647,HRANA
GRAŠAK 520g PODRAVKA,01550368,PODRAVKA,0.52 kg,ko,2.59,4.98,,2.59,2.59,3850104050053,HRANA
RAJČICA SJECKANA 390g PODRAVKA,01576015,PODRAVKA,0.39 kg,ko,2.39,6.13,,2.39,2.39,3850104220616,HRANA
MASLINE CRNE 720ML MARINA,01580196,MARINA,0.39 kg,ko,6.29,16.13,,6.29,6.29,3859888295094,HRANA
SIR TOP TROK ČARDAŠ 140g ZDENKA,02103200,ZDENKA,0.14 kg,ko,2.25,16.07,,1.79,2.25,3858888590109,HRANA
TUNJ MASL ULJE 6X52G RIO MARE,02191749,RIO MARE,0.31 kg,ko,9.99,32.02,,9.99,9.99,8004030005044,HRANA
LIGNJUN SVJ FIORITAL,02197521,,1.00 kg,kg,5.19,5.19,,3.11,5.19,93856024302039,HRANA
PAGAR 300/400 SVJ FIORITAL,02197650,,1.00 kg,kg,15.99,15.99,,9.59,15.99,93856024301100,HRANA
TOLSTOLOBIK SVJ RIBNJAK,02197823,RIBNJAK,1.00 kg,kg,2.59,2.59,,1.55,2.59,,HRANA
RIBLJA UTROBA OTPIS,02199464,,1.00 kg,kg,0.09,0.09,,0.05,0.09,,HRANA
SNAPPER N ZELAND SVJ MEDUZA,02199551,,1.00 kg,kg,29.29,29.29,,17.56,29.29,,HRANA
DESERT MONTE LJEŠNJAK 4X100g ZOTT,02321077,MONTE,0.40 kg,ko,,5.23,2.09,2.09,2.52,40145389,HRANA
VRHNJE ZA KUH 20% BRZO&FINO 3X200g,02334705,BRZO&FINO,0.60 kg,ko,3.99,6.65,,3.99,3.99,3850354007975,HRANA
SV LOP SK U KOŽI NEOBRAĐE ZA SUŠ ,02404213,PIK VRBOVEC,1.00 kg,kg,4.65,4.65,,4.65,4.65,3850139431476,HRANA
JUNETINA GULAŠ KOCKE MP PIK,02411118,PIK VRBOVEC,1.00 kg,kg,13.99,13.99,,9.79,13.99,3850139101522,HRANA
JUN REBRA ,02411985,PIK VRBOVEC,1.00 kg,kg,8.49,8.49,,8.49,8.49,3850139523157,HRANA
JUN GRUDI ,02411998,PIK VRBOVEC,1.00 kg,kg,8.49,8.49,,8.49,8.49,3850139523140,HRANA
PIL BATAK I ZABATAK NA POD VINDIJA,02431376,CEKIN,1.00 kg,kg,5.49,5.49,,5.49,5.49,3850159110054,HRANA
SENDVIČ MONTANA TROKUT TUNA 150g,02520787,MONTANA,0.15 kg,ko,3.39,22.6,,3.39,3.39,3859889353045,HRANA
SENDVIČ MONTANA CLASSIC BUDŽOLA 180g,02520888,MONTANA,0.18 kg,ko,3.39,18.83,,3.39,3.39,3859889353700,HRANA
VINO TRAMINAC KALAZIĆ 0.75L,03021794,VINA KALAZIĆ,0.75 l,ko,8.25,11,,8.25,8.25,3858886364085,PIĆE
PRIMA BRAND 1L 36% BADEL 1862,03070244,BADEL 1862,1.00 l,ko,11.45,11.45,,11.45,11.45,3850112141194,PIĆE
CHAMPAGNE VEUVE CLICQUOT BRUT 0.75L,03071396,VEUVE CLICQUOT,0.75 l,ko,75.49,100.65,,75.05,75.05,3049614222245,PIĆE
MARTINI VERMOUTH BIANCO 1L,03090075,MARTINI,1.00 l,ko,16.05,16.05,,16.05,16.05,5010677925006,PIĆE
OCAT ALKOHOLNI 3L KISKO,03120233,KISKO,3.00 l,ko,3.55,1.18,,3.55,3.55,3850164310180,HRANA
PIVO CORONA EXTRA 0.355L NEP BOCA,03130669,CORONA,0.36 l,ko,2.25,6.34,,1.92,2.25,75032814,PIĆE
SOK ANANAS 500ml BIOTTA,03150027,BIOTTA,0.50 l,ko,7.05,14.1,,7.05,7.05,7618500941490,PIĆE
GAZ PIĆE PEPSI BEZ ŠEĆERA 0.5l PET,03167378,PEPSI,0.50 l,ko,1.05,2.1,,1.05,1.05,3830065020326,PIĆE
BOSILJAK 15g BOČ KOTANYI,04100433,KOTANYI,0.02 kg,ko,2.15,143.33,,2.15,2.15,9001414041819,HRANA
MED BAGREM 350g PET,04133041,PIP,0.35 kg,ko,5.71,16.31,,5.71,5.71,3858886100065,HRANA
KEKS DIGESTIVE 250g MC VITIES,04141127,MCVITIE'S,0.25 kg,ko,2.19,8.76,,2.19,2.19,5000396033373,HRANA
VAFL MANNER TORTICE 400g,04150030,MANNER,0.40 kg,ko,3.99,9.98,,2.99,2.99,9000331607955,HRANA
FLIPS TIP TOP CUBICS 50g,04151533,TIP TOP,0.05 kg,ko,,17.8,0.89,0.89,1.09,3856021303685,HRANA
PAHULJ NESQUIK 375g,04170625,NESTLE ŽITAR,0.38 kg,ko,4.49,11.97,,3.39,4.29,5900020013668,HRANA
LIMUNSKA KISELINA 20g DR OETKER,04180512,DR OETKER,0.02 kg,ko,0.59,29.5,,0.59,0.59,5997381312332,HRANA
BOMBONI KARAMELE FRUTIGUTI 400g,04190349,PECCINI,0.40 kg,ko,3.09,7.73,,3.09,3.09,7896306605208,HRANA
BOMBON NIMM2 KISELI GUMENI 100g,04193152,NIMM2,0.10 kg,ko,1.19,11.9,,1.19,1.19,4014400911039,HRANA
DESERT NESTLE FITN ČOK 23.5g,04221470,NESTLE ŽITAR,0.02 kg,ko,0.85,36.17,,0.83,0.83,5900020008121,HRANA
SAPUN TEK PALM BLACK ORCHID 300ml,06510247,PALMOLIVE,0.30 l,ko,,7.3,2.19,3.19,3.19,8714789639987,KOZMETIKA
ZP COLGATE MAX WHITE ONE 75ML,06537593,COLGATE,0.08 l,ko,4.19,55.87,,2.79,3.99,8714789531915,KOZMETIKA
GEL SYOSS MEN POW EXTR HOLD 250ML,06544326,SYOSS,0.25 l,ko,,19.56,4.89,4.89,4.89,9000100654074,KOZMETIKA
KREMA ZA RUKE MEDIC 48 125ML,06590938,LEK,0.13 l,ko,2.59,20.72,,2.59,2.59,3838980810336,KOZMETIKA
BOMBONI MENTOL LEDENI 100g KANDIT,90031393,KANDIT,0.10 kg,ko,0.96,9.6,,0.96,0.96,3858881043503,HRANA
GEL TAFT V12 HOLD SPEED LOOK 150ml,90037366,TAFT,0.15 l,ko,,29.26,4.39,4.39,5.49,9000101723083,KOZMETIKA
NAMAZ SUHA SMOKVA NONA 230g,90038363,NONA,0.23 kg,ko,3.79,16.48,,3.79,3.79,3859892174651,HRANA
KOBASICA ROŠTILJSKA 460g PIK,90039203,PIK VRBOVEC,0.46 kg,ko,5.99,13,,4.29,5.99,3850139171587,HRANA
FRISKIES SM MES PIL POV 1.5KG,90044307,FRISKIES,1.50 kg,ko,6.69,4.46,,6.69,6.69,7613033923005,PROIZVODI ZA KUĆANSTVO
HRANA VK MENU VITAL MINI KUNIĆ 1kg,90052355,VITAKRAFT,1.00 kg,ko,5.95,5.95,,5.95,5.95,4008239106452,PROIZVODI ZA KUĆANSTVO
SET JEAN MARC ZA MUŠKE BILIONER 2/1,90053048,JEAN MARC,1.00 ko,ko,7.69,7.69,,7.69,7.69,5908241729023,KOZMETIKA
BOMBONI SKITTLES FRUITS 38G,90055417,WRIGLEY,0.04 kg,ko,0.95,25,,0.68,0.95,5000159376655,HRANA
PAŠTETA KOKOŠJA ARGETA  3X95g,90061919,ARGETA,0.29 kg,ko,3.99,14,,3.99,3.99,3838975567214,HRANA
VINO CAMPO VIEJO TEMPRANILO 0.75L,90061959,CAMPO VIEJO,0.75 l,ko,8.25,11,,8.25,8.25,8410302106300,PIĆE
VISKI GRANTS 0.7L,90062350,WILLIAM GRANTS,0.70 l,ko,15.99,22.83,,15.99,15.99,5010327000404,PIĆE
TAMPONI TAMPAX COMPAK SUPER 16/1,90063484,TAMPAX,16.00 ko,ko,3.71,0.23,,3.71,3.71,4015400219743,TOALETNE POTREPŠTINE
VANISH POWERGEL 200ml,90080561,VANISH,0.20 l,ko,7.75,38.75,,6.2,7.75,5997321745633,SREDSTVA ZA ČIŠĆENJE
MUESLI VIOLA 5 VRSTA ŽITARICA 500g,90112518,VIOLA,0.50 kg,ko,4.99,9.98,,4.99,4.99,4000446017712,HRANA
PALAMIDA SVJ RZ L,90148944,,1.00 kg,kg,8.49,8.49,,5.09,8.49,,HRANA
SIPA 30-60 KOM/KG OČIŠĆENA,90157514,,1.00 kg,kg,10.09,10.09,,6.05,10.09,,HRANA
KREMA ZA RUKE ZIAJA KAŠMIR 100ML,90169242,ZIAJA,0.10 l,ko,1.99,19.9,,1.99,1.99,5901887036395,KOZMETIKA
TJEST.LINGUINE PREM.K PLUS 500g,90169301,K PLUS,0.50 kg,ko,1.39,2.78,,0.99,1.39,3850334532510,HRANA
SUSHI PHILLY MEDLEY 226G GRUPO OHANA,90184071,AS SUSHI,0.23 kg,ko,7.55,33.41,,7.55,7.55,0604580002371,HRANA
THAI SLATKI ČILI UMAK 35G GRUPO OHA,90185227,AS SUSHI,0.04 kg,ko,1.71,48.86,,1.71,1.71,0604580003569,HRANA
PAŠTETA OD SARDINE 95g ARGETA,90187471,ARGETA,0.10 kg,ko,1.39,14.63,,1.39,1.39,3838471029919,HRANA
BOMBON COLA KISELI 15G BEBETO,90210669,BEBETO,0.02 kg,ko,0.29,19.33,,0.26,0.26,8690146675211,HRANA
SOL HIMALAJSKA SITNA 250g ŠAFRAM,90215194,ŠAFRAM,0.25 kg,ko,3.32,13.28,,3.32,3.32,3859892109394,HRANA
MEDENE KUGLICE BEZ GLUTENA 235g MARLENKA,90248007,MARLENKA,0.24 kg,ko,7.19,30.6,,7.19,7.19,8594071650896,HRANA
ČAJ ZELENI AO 36g PODRAVKA,90268525,PODRAVKA,0.04 kg,ko,1.99,55.28,,1.99,1.99,3850104249006,HRANA
PRSA PILEĆA K PLUS BEZ KOŽE,90270061,K PLUS,1.00 kg,kg,5.99,5.99,,4.89,4.89,3850159118036,HRANA
HRANA ZA ZLATNE RIBE GOLD 100ML,90280091,VITAKRAFT,0.10 kg,ko,2.79,27.9,,2.19,2.79,4008239598097,PROIZVODI ZA KUĆANSTVO
PIVO KRUŠOVICE 0.5L POV AMBALAŽA,90289942,KRUŠOVICE,0.50 l,ko,1.25,2.5,,1.25,1.25,3850103090036,PIĆE
LEĆA EUROCOMPANY CRVENA 500g,90286972,EUROCOMPANY,0.50 kg,ko,1.79,3.58,,1.69,1.69,3872084001061,HRANA
PAP RUPČIĆI VIOL COLOR  3SL 15/1,90290819,VIOLETA,15.00 ko,ko,2.95,0.2,,2.95,2.95,3870128012615,TOALETNE POTREPŠTINE
ČIPS HRUSTY CHILLI 150g,90295360,HRUSTY,0.15 kg,ko,1.29,8.6,,1.29,1.29,3850334020826,HRANA
PILEĆI FILE 500g,90299387,PERUTNINA PT,0.50 kg,ko,5.79,11.58,,4.79,4.79,3850220115827,HRANA
HIPP BIO ŽK ŽITARICE 200g,90300152,HIPP,0.20 kg,ko,2.49,12.45,,2.49,2.49,9062300139744,HRANA
KAŠA ZOB LJEŠ 65g MY LIFE,90302038,MY LIFE,0.07 kg,ko,0.79,12.15,,0.79,0.79,3858891292069,HRANA
ČET SENS REPAIR&PROTECT SOFT DUO PACK,90310880,SENSODYNE,1.00 ko,ko,,7.21,7.21,8.49,8.49,5054563029706,KOZMETIKA
TIJESTO K PLUS LUMACONI RIGATI PREM 500g,90312372,K PLUS,0.50 kg,ko,1.39,2.78,,0.99,1.39,3850334352484,HRANA
PEL KUPANJE PAMPERS 5 14+kg 10/1,90316314,PAMPERS,10.00 ko,ko,8.76,0.88,,8.76,8.76,8001090728951,TOALETNE POTREPŠTINE
KOKOT 800 1200 MEDUZA,90316703,,1.00 kg,kg,15.99,15.99,,9.59,15.99,,HRANA
VODA SMART WATER 0.6L PET,90319366,SMART,0.60 l,ko,1.25,2.08,,1.25,1.25,5449000034335,PIĆE
GEL TUŠ FELCE AZZURRA ARGAN 400ml,90341598,FELCE AZZURA,0.40 l,ko,2.85,7.13,,2.85,2.85,8001280403033,KOZMETIKA
LIGNJA 100/300 SVJ MEDUZA,90342284,MEDUZA,1.00 kg,kg,20.59,20.59,,12.35,20.59,,HRANA
OM VIOLETA DOUBLE CARE 900ml,90344328,VIOLETA,0.90 l,ko,2.65,2.94,,2.65,2.65,3870128017382,SREDSTVA ZA ČIŠĆENJE
SPREJ NIVEA ALERGI  F50+ 200ml,90360651,NIVEA,0.20 l,ko,,73.4,14.68,20.99,20.99,4005900907134,KOZMETIKA
AFRODITA SUN CARE PEKMEZ FAST TANING 200ml,90360768,AFRODITA,0.20 l,ko,,55.95,11.19,14.99,14.99,3831070652601,KOZMETIKA
ČAJ FUNKC. DETOX 40g FRANCK,90362203,FRANCK,0.04 kg,ko,2.99,74.75,,2.99,2.99,3850291049069,HRANA
LIKER SUHA SMOKVA INCANTO 0.5l,90363312,INCANTO,0.50 l,ko,13.85,27.7,,13.85,13.85,3858891172781,PIĆE
KAVA FRANCK COFFEE&GO SENSUAL 9g,90363423,FRANCK,0.01 kg,ko,0.39,43.33,,0.39,0.39,3850291049304,HRANA
KAVA BARCAFFE ORIGIN BRASIL 200g,90363522,BARCAFFE,0.20 kg,ko,6.99,34.95,,6.99,6.99,3838471034630,HRANA
KUKURUZ KOKIČAR GARDEN GOOD 400g,90363739,GARDEN GOOD,0.40 kg,ko,0.89,2.23,,0.65,0.89,3838900958728,HRANA
JOGURT FORTIA BOR BAZ 330g VINDIJA,90382175,FORTIA,0.33 kg,ko,1.49,4.52,,1.27,1.49,3850108032673,HRANA
SALAMA OD DIVLJE SVINJE 250g,90382908,LOVSKI,0.25 kg,ko,5.97,23.88,,5.97,5.97,3859893534034,HRANA
ČAJ MENTA 30g DAR PRIRODE,90386105,DAR PRIRODE,0.03 kg,ko,1.39,46.33,,1.39,1.39,3859892997113,HRANA
KUPKA FELCE AZZ ORHIDEJA 650ml,90391964,FELCE AZZURA,0.65 l,ko,4.85,7.46,,4.85,4.85,8001280068089,KOZMETIKA
VRHNJE KISELO K PLUS 180G 12%,90182943,K PLUS,0.18 kg,ko,,3.06,0.55,0.55,0.69,3850334544605,HRANA
ŠAMPON H&S CITRUS 250ml,90185466,HEAD&SHOULDE,0.25 l,ko,4.79,19.16,,4.79,4.79,8006540063286,KOZMETIKA
PAP RUPČIĆI NATUR KUTIJA BALZ 4SL 100/1,90189253,NATUR,100.00 ko,ko,2.12,0.02,,2.12,2.12,3838900976630,TOALETNE POTREPŠTINE
PEL GAĆ PAMP JUN 5 12-18KG 22/1,90195714,PAMPERS,22.00 ko,ko,7,0.32,,7,7,8006540067772,TOALETNE POTREPŠTINE
RAVIOLI SA 4 VRSTE SIRA 250g RANA,90202029,RANA,0.25 kg,ko,2.99,11.96,,2.65,2.99,8001665713153,HRANA
KOLJENICA K PLUS SUHA SVINJ VAK,90270478,K PLUS,1.00 kg,kg,4.99,4.99,,4.99,4.99,3850139285444,HRANA
BRISAČ PODA MOP CELULOZA DRŠKA DAX,90276236,DAX,1.00 ko,ko,2.65,2.65,,2.65,2.65,3850334599469,PROIZVODI ZA KUĆANSTVO
SIR POLUTV K PLUS GOUDA DIMLJ 100g,90291808,K PLUS,0.10 kg,ko,1.45,14.5,,1.45,1.45,3850334343475,HRANA
KEKS ČAJNI KOLUTIĆI 800g BALADA,90295390,BALADA,0.80 kg,ko,2.59,3.24,,2.59,2.59,3850334350817,HRANA
MAJONEZA DELIGHT VREĆICA 220g THOMY,90298297,THOMY,0.22 kg,ko,3.15,14.32,,3.15,3.15,7613036012805,HRANA
POSL KEKSI  PAS VITA BONES 400g,90298647,VITAKRAFT,0.40 kg,ko,3.05,7.63,,3.05,3.05,8007229348939,PROIZVODI ZA KUĆANSTVO
POSIJE PŠENIČNE PROBAVI ME 250 g ENCIAN,90302135,ENCIAN,0.25 kg,ko,2.59,10.36,,2.59,2.59,3858890102963,HRANA
VRHNJE K PLUS ZA KUHANJE 500ml 20%,90307275,K PLUS,0.50 l,ko,2.39,4.78,,1.89,1.89,3850334343864,HRANA
POKLON PAKET 0.75L KV. GRAŠEVINA + FRANKOVKA,90311492,BELJE,1.50 l,ko,13.05,8.7,,13.05,13.05,3850257021207,PIĆE
PIVO EDELMEISTER GREJP 0.5L LIM,90316250,EDELMEISTER,0.50 l,ko,0.7,1.4,,0.7,0.7,5900535012972,PIĆE
DESERT M&M CHOCO 90g,90321277,MARS,0.09 kg,ko,2.25,25,,2.25,2.25,5900951247972,HRANA
TJESTENINA PILETINA  CUP 93g YAKISOBA,90325261,YAKISOBA,0.09 kg,ko,,18.17,1.69,2.09,2.09,8000050021651,HRANA
KEKS ŽITARICE NARANČA BG 180g GULLON,90344970,GULLON,0.18 kg,ko,,9.61,1.73,2.89,2.89,8410376052596,HRANA
DEKSTROZA 500g POLLEO SPORT,90345011,POLLEO,0.50 kg,ko,5.99,11.98,,5.99,5.99,3859893008498,HRANA
SLAD GELATISSIMO LJEŠNJAK PUNČ 1L,90360377,GELATISSIMO,1.00 l,ko,,1.79,1.79,1.79,2.49,3850334153289,HRANA
HUMMUS U PAPRICI 190g,90381214,SANA,0.19 kg,ko,4.59,24.16,,4.59,4.59,3858892320648,HRANA
PEČENICA NAR 80g PIK,90382232,PIK,0.08 kg,ko,2.49,31.13,,2.49,2.49,3850139631425,HRANA
 PAŠTETA PILEĆA S AJVAROM 95g PODRAVKA,90385422,PODRAVKA,0.10 kg,ko,1.29,13.58,,0.89,1.29,3856020224653,HRANA
DESERT DUPLO KINDER T2 36.4g,90392986,FERRERO,0.04 kg,ko,0.99,27.2,,0.99,0.99,4008400305424,HRANA
MAGNEZIJ + VIT E DIR 20/1 30G MULTIVITA,90399791,MULTIVITA,0.03 kg,ko,4.89,163,,4.59,4.59,3858881248502,HRANA
BALZAM USNE L'ANG KOKOS 4.8g,90402792,L ANGELICA,1.00 ko,ko,1.99,1.99,,1.99,1.99,8017331072004,KOZMETIKA
SNACK OD SIRA SA ZAČ AZUR OBALE 100g,90405660,ILE DE FRANCE,0.10 kg,ko,3.85,38.5,,3.85,3.85,3480341002692,HRANA
KRE GARN HYAL ALOE DAN 50ml,90423426,GARNIER,0.05 l,ko,7.99,159.8,,7.99,7.99,3600542328647,KOZMETIKA
ŠAMP BOT THERA GINGER 400ml,90423445,BOTANIC THERAPY,0.40 l,ko,,8.48,3.39,4.59,4.59,3600542271066,KOZMETIKA
FLIPS BOBI TOBY SLANI 40g,90453651,BOBI,0.04 kg,ko,0.6,15,,0.6,0.6,3858891591063,HRANA
ČAJ K PLUS BRUSNICA 20X2g,90453800,K PLUS,0.04 kg,ko,1.25,31.25,,1.25,1.25,3850334240132,HRANA
JELO U ČAŠI JAPANSKI KLASIC 93g AJINIMO,90483135,AJINOMOTO,0.09 kg,ko,1.89,20.32,,1.89,1.89,5901384503635,HRANA
BOJA GLISS COLOR 8-1,90483445,GLISS,1.00 ko,ko,7.39,7.39,,7.39,7.39,9000101272260,KOZMETIKA
LOSOS U MASL ULJU 170g MARUZZELLA,90494155,MARUZZELLA,0.17 kg,ko,6.49,38.18,,6.49,6.49,8001820010127,HRANA
LOSOS U MASL ULJU DIM 170g MARUZZELLA,90494157,MARUZZELLA,0.17 kg,ko,6.49,38.18,,6.49,6.49,8001820060115,HRANA
LIKER JAGERMEISTER MANIFEST 0.5L,90498870,JAGERMEISTER,0.50 l,ko,24.99,49.98,,24.99,24.99,4067700026682,PIĆE
SOK FRUCTAL MULTIVITAMIN 100% 1L,90499373,FRUCTAL,1.00 l,ko,2.29,2.29,,1.59,1.59,3838945027854,PIĆE
MLIJEKO SVJEŽE 1.5% Z BRE PET 1L VIN,90513952,Z BREGOV,1.00 l,ko,1.49,1.49,,1.49,1.49,3850108011067,HRANA
PRSA PIL POLI KIDS NAR 100g,90570173,POLI,0.10 kg,ko,1.99,19.9,,1.99,1.99,3838977041682,HRANA
TIJESTO ZVIJEZDICE S JAJIMA I MRKVOM 400g,90571907,MARODI,0.40 kg,ko,2.69,6.73,,2.69,2.69,3859888666771,HRANA
SPECIAL DOG EX MP SVJ JANJ 150g,90572797,SPECIAL DOG EXCELLENCE,0.15 kg,ko,1.59,10.6,,1.11,1.59,8009470008648,PROIZVODI ZA KUĆANSTVO
MUESLI GRANOLA NUT 350g SANTE,90573092,SANTE,0.35 kg,ko,3.89,11.11,,3.89,3.89,5900617002976,HRANA
ORADA XL TOTAL FISH,90587752,TOTAL,1.00 kg,kg,14.49,14.49,,8.69,14.49,,HRANA
BOJA EXCELL 1 UNIV BLACK,90598202,LOREAL EXCELLANCE,1.00 ko,ko,,7.49,7.49,9.49,9.99,3600523998135,KOZMETIKA
GEL TUŠ L'ANG NAR I VAN 500ml,90599041,L ANGELICA,0.50 l,ko,3.25,6.5,,1.99,3.25,8017331082133,KOZMETIKA
KAŠA ZOB BOOM BOX MALINA/VANIL 300g,90623113,BOOM BOX,0.30 kg,ko,3.99,13.3,,3.99,3.99,3858890479263,HRANA
ČAJ BAZGA FILTAR 15/1,90623758,SUBAN,0.04 kg,ko,2.65,70.67,,2.45,2.65,3858882913980,HRANA
SOK MACE ĐUMBIR LIMUNADA 250ml,90642782,MACE,0.25 l,ko,1.89,7.56,,1.89,1.89,8032523372960,PIĆE
SALAMA OBLOŽENA PARMEZ cca 650g SORGER,90648548,SORGER,1.00 kg,kg,23.89,23.89,,23.89,23.89,,HRANA
BAGUETTE ČEŠNJAK 250g MEGGLE,90674637,MEGGLE,0.25 kg,ko,2.19,8.76,,2.19,2.19,4034900032256,HRANA
PAŠTETA PILEĆA CLASSIC POLI 95g,90674697,POLI,0.10 kg,ko,1.19,12.53,,1.19,1.19,3838977043846,HRANA
ČAJ SUPER BERRIES 20/1 40g ETS,90674800,ENGLISH TEA SHOP,0.04 kg,ko,4.49,112.25,,4.49,4.49,0680275029236,HRANA
KAŠA ZOB RISE&SMILE JABUK CIM 65g,90713249,RISE&SMILE,0.07 kg,ko,0.55,8.46,,0.55,0.55,3850334043498,HRANA
KREMA MELEM RUKE CIC 50ml,90730121,MELEM,0.05 l,ko,,53.8,2.69,2.63,3.29,3856007910906,KOZMETIKA
ZP COLGATE ADVANCED WHITE 75ml,90730170,COLGATE,0.08 l,ko,3.25,43.33,,2.09,2.99,8718951555488,KOZMETIKA
PLOČICA ENER PROT CRUN ALM 45g RAW BITE,90735055,RAW BITE,0.05 kg,ko,2.59,57.56,,2.59,2.59,5712840020135,HRANA
LIP BALM K PLUS OLEA NATURAL 4.8g,90735118,OLEA,0.01 kg,ko,1.09,227.08,,1.09,1.09,3850334071170,KOZMETIKA
DET PERSIL STAIN REMOVAL 11TAB,90744961,PERSIL,11.00 ko,ko,,0.64,6.99,5.99,9.99,9000101802436,SREDSTVA ZA ČIŠĆENJE
DET PERSIL UNIVERSAL 1.1kg=20PR,90744971,PERSIL,1.10 kg,ko,,6.35,6.99,6.99,9.99,9000101804713,SREDSTVA ZA ČIŠĆENJE
KAVA LAVAZZA CREMA GUSTO DOLCE 250g,90750509,LAVAZZA,0.25 kg,ko,7.15,28.6,,7.15,7.15,8000070037304,HRANA
DET PERSIL FBS 4.95kg 90PR,90750753,PERSIL,4.95 kg,ko,19.99,4.04,,19.99,19.99,9000101805963,SREDSTVA ZA ČIŠĆENJE
NAMAZ KIKIRI MASL S KOMADIĆIMA 350 G LINO,90750754,LINO,0.35 kg,ko,4.29,12.26,,4.29,4.29,3856020271107,HRANA
SALAMA PANCETTOSA 80g HISTRIS,90750962,HISTRIS,0.08 kg,ko,3.29,41.13,,3.29,3.29,3858895020057,HRANA
BOMBONI KISELA JAGODA 150 g TROLLI,90755004,TROLLI,0.15 kg,ko,2.49,16.6,,2.49,2.49,4000512463801,HRANA
TUBA NAT GERBER JAB BAN JAG 90 g,90759687,GERBER,0.09 kg,ko,1.39,15.44,,1.11,1.39,8445290256539,HRANA
DESERT OD SVJEŽ SIRA 80g KIDSWORLD,90759885,KIDSWORLD,0.08 kg,ko,0.99,12.38,,0.99,0.99,8595588201144,HRANA
BISKVIT ČOKO BROWNIE  2/1 50 g MR BROWNIE,90764709,MR BROWNIE,0.05 kg,ko,0.99,19.8,,0.79,0.99,8411037884013,HRANA
MUESLI HIPP BIO BAN/ŠUM VOĆE 200g,90764873,HIPP,1.00 ko,ko,2.99,2.99,,2.99,2.99,4062300378391,HRANA
ČIPS CHIO PAPRIKA 130 g,90764970,CHIO,0.13 kg,ko,2.19,16.85,,1.79,2.19,3856021306709,HRANA
DESERT FINESSE CH CARAMEL BISCUITE 15/1 350 g,90770403,FINESSE,0.35 kg,ko,3.99,11.4,,3.99,3.99,3838900833902,HRANA
KOKICE ZA MIKROV MASLAC 80 g POPCORN,90770444,POP CORN,0.08 kg,ko,1.09,13.63,,1.09,1.09,3858889366215,HRANA
BOMBON NEGRO MIX TVRDI 250 g PIONIR,90770518,PIONIR,0.25 kg,ko,3.69,14.76,,3.69,3.69,8602300233229,HRANA
ŠAMPON H&S MENTHOL 800 ml,90771150,HEAD&SHOULDE,0.80 l,ko,12.49,15.61,,12.49,12.49,8700216156196,KOZMETIKA
GEL TUŠ DOVE W HYDRATE XXL 450 ml,90775084,DOVE,0.45 l,ko,5.99,13.31,,5.99,5.99,8720181466502,KOZMETIKA
KREMA MELEM MELT-IN 10 ml,90775261,MELEM,0.01 l,ko,,479,4.79,4.71,5.89,3856007911729,KOZMETIKA
MASKA LICE NIVEA SKIN RADIANCE,90775417,NIVEA,1.00 ko,ko,,2.44,2.44,3.49,3.49,9005800374154,KOZMETIKA
JUNEĆI VRAT BEZ KOSTI FIVAS,90795048,FIVAS,1.00 kg,kg,9.49,9.49,,9.49,9.49,,HRANA
LOSOS CIJELI MATURO KONZUM,90804995,,1.00 kg,kg,15.99,15.99,,9.59,15.99,,HRANA
HRENOVKA JUNEĆA 180 g HISTRIS,90824954,HISTRIS,0.20 kg,ko,4.19,20.95,,4.19,4.19,3858895020255,HRANA
ZAM KAVIJAR LOSOS 50 g EUROCAVIAR,90825315,EUROCAVIAR,0.05 kg,ko,7.49,149.8,,6.29,7.49,8410649002693,HRANA
MUFFIN S KREMOM BG 140 g NUTRIFREE,90826063,NUTRIFREE,0.14 kg,ko,3.99,28.5,,3.99,3.99,8008696032994,HRANA
PIĆE NEG. ALOE VERA NAR 0.5 L,90826070,TROPICAL,0.50 l,ko,2.55,5.1,,2.55,2.55,8712857007706,PIĆE
RAJČICA PELAT BIO ZONE 400/240 g,90854746,BIO ZONE,0.24 kg,ko,1.29,5.37,,1.29,1.29,3838900843239,HRANA
PECIVO MLIJEČNO DULCESOL 210 g,90869647,DULCESOL,0.21 kg,ko,1.09,5.19,,1.09,1.09,8410087335797,HRANA
PAHULJICE NESQUIK MINIS 300 g NESTLE,90869980,NESTLE ŽITAR,0.30 kg,ko,4.49,14.97,,4.49,4.49,5900020044877,HRANA
SIR MEKI MASCARPONE GALBANI 500g DUKAT,90409694,GALBANI,0.50 kg,ko,6.49,12.98,,6.49,6.49,8606002113476,HRANA
CROISSANT 7DAYS KAK/VAN 240g 6/1,90423203,CHIPITA,0.24 kg,ko,3.99,16.63,,3.99,3.99,7622202049309,HRANA
DN UL LIBRESSE NORMAL BLACK 30/1,90484618,LIBRESSE,30.00 ko,ko,2.25,0.07,,2.25,2.25,7322540919516,TOALETNE POTREPŠTINE
GRAH BIJELI RAJČICA 430/200g BONDUELLE,90493801,BONDUELLE,0.20 kg,ko,1.89,9.45,,1.32,1.89,3083680001793,HRANA
DATULJA GARDEN GOOD SUHA 200g,90499361,GARDEN GOOD,0.20 kg,ko,0.89,4.45,,0.59,0.89,3838900987858,HRANA
KAVA NOTA CAPPUCCINO DG 16/1 192g FRANCK,90569629,FRANCK NOTA,0.19 kg,ko,5.99,31.2,,5.99,5.99,3850291053035,HRANA
CEDEVITA NARANČA 900g,90571925,CEDEVITA,0.90 kg,ko,6.39,7.1,,5.79,5.79,3850322014981,PIĆE
ČOKOLADA RITTER CIJELI LJEŠNJAK 100g,90599913,RITTER SPORT,0.10 kg,ko,2.19,21.9,,2.19,2.19,4000417700001,HRANA
ČOKOLADA TAMNA MIX NUTS BŠ 80g KANDIT,90623273,NO GUILT,0.08 kg,ko,3.49,43.63,,3.49,3.49,3856024803694,HRANA
ULJE MEDITERAN 490 ml ZVIJEZDA,90649123,ZVIJEZDA,0.49 l,ko,1.89,3.86,,1.89,1.89,3856015326355,HRANA
PRALINE LINDT LINDOR PINK MIX 200g,90699206,LINDT,0.20 kg,ko,6,30,,6,6,7610400090421,HRANA
SLAD LEDO M3 KING HARMONY 3x90ml,90704223,LEDO,0.27 l,ko,6.99,25.86,,6.99,6.99,3850116056982,HRANA
MIX NESCAFE STRONG 3U1 10/1 140g,90706635,NESCAFE,0.14 kg,ko,2.99,21.36,,2.29,2.99,8445290749413,HRANA
KAŠICA ORG GERBER MRK/PUR/RAJ 190g,90707538,GERBER,0.19 kg,ko,2.65,13.95,,2.12,2.65,7613038557045,HRANA
ČUPAVCI K PLUS 480g,90726924,K PLUS,0.48 kg,ko,6.59,13.73,,4.59,6.59,3850334070791,HRANA
ČETKICA SIGNAL WHITE SYSTEM 2/1,90730107,SIGNAL,2.00 ko,ko,6.99,3.5,,4.89,4.89,8710522712108,KOZMETIKA
KIKIRIKI SLANI CRVENA LJUSKA 150g MOGYI,90733647,MOGYI,0.15 kg,ko,1.39,9.27,,1.04,1.39,5997347541028,HRANA
KREKER S PROTEINIMA 400g MISURA,90734829,MISURA,0.40 kg,ko,3.59,8.98,,3.59,3.59,8002590055974,HRANA
KULEN BARANJSKI BELJE cca 500G VP ½,90734920,BELJE,1.00 kg,kg,30.29,30.29,,30.29,30.29,3850257053109,HRANA
PAHULJICE ZOBENE ČOKOLADA 300g,90739724,DOBRA,0.30 kg,ko,3.99,13.3,,3.99,3.99,8595054907747,HRANA
KEKS NUTRI OCAKE CHOOCO NOUGAT 115 g ,90754723,O CAKE,0.12 kg,ko,0.89,7.74,,0.71,0.89,8600462042154,HRANA
PRAŠKO TELESKOPSKA DRŠKA PAUL KOCH,90755034,PAUL KOCH,1.00 ko,ko,2.99,2.99,,2.99,2.99,4051237018678,PROIZVODI ZA KUĆANSTVO
ŠAMPON NIVEA BABY BLAGI 500ml,90764817,NIVEA,0.50 l,ko,,14.04,7.02,8.79,8.79,9005800369082,KOZMETIKA
SLAD KING SUPREME 450 ml,90764872,KING,0.45 l,ko,6.99,15.53,,6.99,6.99,3850116064444,HRANA
BOMBONI MEK RATTLERZ SOUR 120g BAZOOKA,90769654,BAZOOKA,0.12 kg,ko,1.99,16.58,,1.99,1.99,5011053023576,HRANA
MJEŠ SHAKE VANILLA HI PROT 40g DOLCELA,90770257,DOLCELA,0.04 kg,ko,1.39,34.75,,1.39,1.39,3856020269647,HRANA
FELIX MM TUNA 80 g,90771289,FELIX,0.08 kg,ko,0.79,9.88,,0.65,0.79,7613287249555,PROIZVODI ZA KUĆANSTVO
TP ZEWA DELUXE PURE WHITE 3SL 16/1,90771321,ZEWA,16.00 ko,ko,5.99,0.37,,5.99,5.99,7322540802191,TOALETNE POTREPŠTINE
ROLL ON MELEM CICA CREAM 50 ml,90775268,MELEM,0.05 l,ko,3.99,79.8,,3.19,3.99,3856007911651,KOZMETIKA
CEKIN PROTEIN ODRESCI 250 g,90799791,CEKIN,0.25 kg,ko,4.59,18.36,,4.59,4.59,3850159141102,HRANA
LEDOLETTA KAKAO 800 g LEDO,90825012,LEDO,0.80 kg,ko,4.99,6.24,,4.49,4.99,3850116067469,HRANA
ŠAMPON SCHAUMA HAIR BOOSTER 400 ml,90825332,SCHAUMA,0.40 l,ko,,9.98,3.99,3.99,4.99,9000101738001,KOZMETIKA
INSTANT NESCAFE GOLD ST 3X190g,90825655,NESCAFE,0.57 kg,ko,23.55,41.32,,23.55,23.55,8445290820693,HRANA
ČAJ CONCENTRATION 10/1 18G TEEKANNE,90864652,TEEKANNE,0.02 kg,ko,1.89,105,,1.89,1.89,9001475062754,HRANA
ŠAMPON AFR ČAJ&RUŽ 950 ml,90885010,AFRODITA,0.95 l,ko,5.89,6.2,,5.89,5.89,3831070662327,KOZMETIKA
NAPITAK MONSTER RIO PUNCH 0.5 L,90889892,MONSTER,0.50 l,ko,1.95,3.9,,1.95,1.95,5056784904466,PIĆE
ŠLJIVA SUHA B/K 350 g NATURA PLUS,90895295,NATURA,0.35 kg,ko,4.49,12.83,,4.49,4.49,3858893922582,HRANA
MRKVA 1/1 PAK,01400070,,1.00 kg,ko,1.19,1.19,,1.19,1.19,3850334021243,HRANA
NEKTAR NARANČA MRKVA LIMUN BRAVO 2 L,90779952,BRAVO,2.00 l,ko,3.19,1.6,,2.39,2.99,9008700232043,PIĆE
CDO SLADOLED LEMON PIE 825ml,90785142,ALGIDA CD OR,0.46 l,ko,7.99,17.5,,6.99,7.99,8711327617407,HRANA
CDO SLADOLED TIRAMISU 825ml,90785145,ALGIDA CD OR,0.45 l,ko,7.99,17.66,,6.99,7.99,8711327616455,HRANA
KAVA LEDENA ALPRO SOJA KARAM 250 ml,90795227,ALPRO,0.25 l,ko,2.49,9.96,,2.49,2.49,5411188138839,HRANA
KEKS BAIOCCHI PISTACCHIO 168 g BARILLA,90800105,BARILLA,0.17 kg,ko,3.99,23.75,,2.99,3.99,8076809581318,HRANA
ŠTAPIĆI SALTAS KIKIRIKI XXXL 270 g,90800345,SALTAS,0.27 kg,ko,2.99,11.07,,2.99,2.99,3856014107078,HRANA
DEO MELEM 150 ml+DEO MARULA 150 ml,90800372,MELEM,1.00 ko,ko,3.99,3.99,,3.99,3.99,3856007912160,KOZMETIKA
VATA OLEA CIK CAK 100 g,90824657,OLEA,0.10 kg,ko,1.09,10.9,,1.09,1.09,3850334428554,TOALETNE POTREPŠTINE
BOMBONI SKITTLES DESSERTS VR 152g,90824701,WRIGLEY,0.15 kg,ko,2.55,16.78,,1.72,2.55,4009900544788,HRANA
ULJE MASLINOVO ED 0.5L OLALA,90824878,OLALA,0.50 l,ko,13,26,,13,13,3857500143013,HRANA
SOL MORSKA SITNA OBOG KALI 1kg KUT,90824894,SOLANA PAG,1.00 kg,ko,1.19,1.19,,1.19,1.19,3859888155961,HRANA
KOLAČ DULCETTI MRAMORNI 400g,90825817,DULCETTI,0.40 kg,ko,2.49,6.23,,2.49,2.49,3850334420480,HRANA
GRANOLA KIK KAKAO PROTEIN 300 g BETTER,90826217,BETT R,0.30 kg,ko,4.99,16.63,,3.99,4.99,3800233689877,HRANA
TUNJ U MASL ULJ LIMUN PAPAR 3X52g RM,90849827,RIO MARE,0.16 kg,ko,5.89,37.76,,5.89,5.89,8004030271418,HRANA
BOJA OLIA 4.15 ICED CHOCOLATE,90850122,GARNIER OLIA,1.00 ko,ko,7.59,7.59,,7.19,7.59,3600542601856,KOZMETIKA
CAPPUCCINO NESCAFE VANILLA 8/1 112 g,90869941,NESCAFE,0.11 kg,ko,3.99,35.62,,2.99,2.99,8445291532045,HRANA
MUFFIN MARELICA BG 50g DR SCHAR,90875528,DR SCHAR,0.05 kg,ko,,24.6,1.23,1.55,1.55,8008698046616,HRANA
ŠTRUDLA SPECIAL M ČOKO MALINA 145 g,90880144,SPECIAL MOMENTS,0.15 kg,ko,1.29,8.9,,0.9,1.29,3850334437112,HRANA
GAZ PIĆE NARANČADA JAMNICA 0.5 l PET,90884959,JAMNICA,0.50 l,ko,1.35,2.7,,1.35,1.35,3856028502166,PIĆE
ŠAMPON SCHAUMA LONG HAIR 400 ml,90885566,SCHAUMA,0.40 l,ko,,7.48,2.99,4.19,4.19,9000101750058,KOZMETIKA
REG HERBAL ESS KAMILICA 250 ml,90885598,HERBAL ESSENCES,0.25 l,ko,6.19,24.76,,6.19,6.19,8700216631433,KOZMETIKA
PATRONE VENUS SUGAR 3/1,90885647,VENUS,3.00 ko,ko,18.99,6.33,,18.99,18.99,8700216674164,KOZMETIKA
LOSOS DIMLJENI 120g/72 g BANGA,90886019,BANGA,0.07 kg,ko,3.99,55.42,,3.99,3.99,4751017404041,HRANA
SLAD MILKA JAG CHEESCAKE ČAŠA 425 ml,90886493,MILKA,0.43 l,ko,7.99,18.8,,6.99,7.99,4007993035763,HRANA
FLIPS CLIPSY  SIR/KEC/CHILI 85 g,90887019,PEPSICO,0.09 kg,ko,,12.12,1.03,1.29,1.29,8606033741488,HRANA
KREMA ZORINA HIDR SPF50 50 ml,90887229,ZORINA MAST,0.05 l,ko,16.99,339.8,,16.99,16.99,3859894008985,KOZMETIKA
KOLAČ MAĐARICA NOUGAT 400 g MLINAR,90889715,MLINAR,0.40 kg,ko,7.49,18.73,,5.99,7.49,3856028407911,HRANA
KAVA LEDENA CAFE LATTE 250 ml LAVAZZ,90890168,LAVAZZA,0.25 l,ko,2.79,11.16,,2.79,2.79,8000070073012,HRANA
FISH CHIPS PIKANT 250 g,90890534,PANONA MARE,0.25 kg,ko,4.49,17.96,,4.49,4.49,3858889834448,HRANA
VANISH WHITE POWDER 470 g,90899657,VANISH,0.47 kg,ko,8.89,18.91,,8.89,8.89,5997321747781,SREDSTVA ZA ČIŠĆENJE
BOJA PALETTE DLX 4-6 SM KAVA,90899871,PALETTE,1.00 ko,ko,5.99,5.99,,5.99,5.99,9000101736748,KOZMETIKA
GELATISSIMO SUN&FUN 5x73 ml,90899923,GELATISSIMO,0.37 l,ko,2.99,8.19,,2.99,2.99,3850334434203,HRANA
ČAJNA KOB XXL 330g VAC PIK VRBOVEC,02024475,PIK,0.33 kg,ko,,17.24,5.69,6.89,6.89,3850139010619,HRANA
JUN KOLJENICA SK ,02411956,PIK VRBOVEC,1.00 kg,kg,8.89,8.89,,8.89,8.89,3850139280210,HRANA
PURICA SMRZNUTA VINDON,02440052,VINDIJA,1.00 kg,kg,6.39,6.39,,6.39,6.39,3850339407011,HRANA
SV JETRA ,02480029,PIK VRBOVEC,1.00 kg,kg,2.99,2.99,,2.99,2.99,3850139541663,HRANA
SENDVIČ MONTANA TROKUT KULEN 160g,02520815,MONTANA,0.16 kg,ko,3.59,22.44,,3.59,3.59,3859889353366,HRANA
VINO GRAŠEVINA KUTJEVO 0.75L KV,03021680,KUTJEVO,0.75 l,ko,7.79,10.39,,6.29,7.79,3850156001133,PIĆE
VINO DOLAC PLAVAC 0.75L BADEL 1862,03022438,IVAN DOLAC HVAR,0.75 l,ko,15.99,21.32,,15.99,15.99,3850112164018,PIĆE
PIVO OŽUJSKO COOL 0.5L POV AMB BEZAL,03040105,OŽUJSKO,0.50 l,ko,1.25,2.5,,1.25,1.25,38502293,PIĆE
GIN TANQUERAY 0.7L,03071137,TANQUERAY,0.70 l,ko,29.69,42.41,,28.05,28.05,5000281015248,PIĆE
PIVO UNION RADLER GREJP 0.5L PB,03130790,UNION,0.50 l,ko,1,2,,1,1,3838999052475,PIĆE
KAŠICA FRUTEK MAREL KRUŠ 190g,03140457,FRUTEK,0.19 kg,ko,,6.79,1.29,1.75,1.75,3838945503136,HRANA
SOK FRUTEK JABUKA 0.125L,03140467,FRUTEK,0.13 l,ko,0.99,7.92,,0.99,0.99,3838945502733,PIĆE
GAZ PIĆE SKY LEMON 2L,03166972,SKY,2.00 l,ko,,0.68,1.35,1.35,1.79,3871059000528,PIĆE
VODA MINERALNA JANA 1L,03182017,JANA,1.00 l,ko,0.89,0.89,,0.89,0.89,3858884600987,PIĆE
KAVA ILLY MLJEVENA JAKA 250g ,04073973,ILLY,0.25 kg,ko,9.99,39.96,,9.99,9.99,8003753900469,HRANA
KREKER SEZAM 200G WASA,04149698,WASA,0.20 kg,ko,2.95,14.75,,2.95,2.95,7300400112734,HRANA
KEKS MOTO KAKAO 288g,04155562,MOTO,0.29 kg,ko,2.79,9.69,,2.19,2.19,3850102522859,HRANA
FANT LOVAČKI UMAK 40g PODRAVKA,04160711,FANT,0.04 kg,ko,1.09,27.25,,1.09,1.09,3850104036590,HRANA
KRUPICA PŠENIČNA-GRIS 200g KUT LINO,04172015,LINO,0.20 kg,ko,0.99,4.95,,0.99,0.99,3850104075339,HRANA
DESERT NESTLE BABY KEKS 4X100,04174543,NESTLE,0.40 kg,ko,3.59,8.98,,3.59,3.59,7613034515643,HRANA
KVASAC SUHI 7g DR OETKER,04180191,DR OETKER,0.01 kg,ko,0.5,71.43,,0.35,0.5,4000521000349,HRANA
BROWNIES 456g DR OETKER,04182082,DR OETKER,0.46 kg,ko,3.85,8.44,,3.85,3.85,5997381371353,HRANA
BOMBON MENTOS FRUIT 38g,04190033,MENTOS,0.04 kg,ko,0.89,23.42,,0.89,0.89,87108026,HRANA
ČOKOL LINDT EXC MINT INTENSE 100g,04210787,LINDT,0.10 kg,ko,4.29,42.9,,4.29,4.29,3046920028752,HRANA
DRAŽEI CASALI RUM KOKOS 175G MANNER,04211577,MANNER,0.18 kg,ko,4.19,23.94,,4.19,4.19,9000332813973,HRANA
ČOKOL DORINA PUNCH PUNJ 100g,04212496,DORINA,0.10 kg,ko,1.99,19.9,,1.45,1.45,3850102110711,HRANA
NATUREL SNACK OD RIŽE SA PROSOM 100g,04280426,NATUREL,0.10 kg,ko,1.89,18.9,,1.89,1.89,8606012163164,HRANA
TIJESTO SPAGHETTINI 3 500g BARILLA,04410094,BARILLA,0.50 kg,ko,1.09,2.18,,1.09,1.09,8076800195033,HRANA
HIG UL LIBRESSE MAXI GOODNIGHT DUO,06500235,LIBRESSE,20.00 ko,ko,,0.15,2.95,3.69,3.69,7322540576450,TOALETNE POTREPŠTINE
PEL PAMPERS PREMIUM JUN 5 11-18KG 44/1,06500267,PAMPERS,44.00 ko,ko,,0.34,14.99,14.99,14.99,4015400278870,TOALETNE POTREPŠTINE
SAPUN TEK PALM MED&MLIJ 300ml PUM,06510036,PALMOLIVE,0.30 l,ko,,7.3,2.19,3.19,3.19,8003520013026,KOZMETIKA
DEO REXONA SHOWER CLEAN 150ml,06550671,REXONA,0.15 l,ko,4.75,31.67,,3.49,4.75,8711600350212,KOZMETIKA
BOMBON CEDEVITA LIMUN 18g,90706166,CEDEVITA,0.02 kg,ko,0.69,38.33,,0.69,0.69,38506239,HRANA
TIJESTO FUSILLI BUC COR 500g BRAGAGN,90706282,BRAGAGNOLO,0.50 kg,ko,1.99,3.98,,1.99,1.99,8004350004567,HRANA
VL MARAMICE PAMPERS HARMONIE 4X46,90706579,PAMPERS,184.16 ko,ko,5,0.03,,5,5,8006540815762,TOALETNE POTREPŠTINE
TOAST CLASSIC 400g MLINAR,90714180,MLINAR,0.40 kg,ko,1.75,4.38,,1.75,1.75,3858881120419,HRANA
MJEŠ ZAČ ZA ODR I BUR 55G SPICE CHEF,90725482,SPICE CHEF,0.06 kg,ko,1.99,36.18,,1.99,1.99,3850334070197,HRANA
MJEŠAVINA ZA DOMAĆI KRUH 400g DIGO,90725706,DIGO,0.40 kg,ko,2.99,7.48,,2.99,2.99,3858887683093,HRANA
BUDDY MP JUNIOR PIL I PUR 400g,90725771,BUDDY,0.40 kg,ko,0.99,2.48,,0.69,0.99,3850334043627,PROIZVODI ZA KUĆANSTVO
BURGER PILEĆI BEYOND 2x90G,90730871,BEYOND MEAT,0.18 kg,ko,5.99,33.3,,5.99,5.99,1230000147286,HRANA
ČOK MLIJEČ BOROVN 85g RAJSKA PTICA,90731647,RAJSKA PTICA,0.09 kg,ko,6.59,77.53,,6.59,6.59,3830042994633,HRANA
HAPPY DAY IMMUN IRON 1L,90732587,HAPPY DAY,1.00 l,ko,2.49,2.49,,2.49,2.49,9008700219297,PIĆE
DET PERWOLL CAPS COLOR 23TAB,90745045,PERWOLL,23.00 ko,ko,2,0.09,,2,2,9000101810592,SREDSTVA ZA ČIŠĆENJE
BOMBONI GUM ORGINAL HITS 200 g TROLLI,90755006,TROLLI,0.20 kg,ko,4.39,21.95,,4.39,4.39,4000512365006,HRANA
SLAD KINDER BUENO 4x90 ml,90769692,KINDER BUENO,0.25 l,ko,7.99,32.2,,7.99,7.99,8000500384664,HRANA
BOMBON RICOLA MALINA MELISA 40 g,90770176,RICOLA,0.04 kg,ko,1.59,39.75,,1.59,1.59,7610700022498,HRANA
ŠAMPON H&S CLASSIC CLEAN 800 ml,90771143,HEAD&SHOULDE,0.80 l,ko,12.49,15.61,,12.49,12.49,8700216156134,KOZMETIKA
SPAGHETTI CARBONARA 400 g COME A CASA,90794939,COME A CASA,0.40 kg,ko,2.99,7.48,,2.99,2.99,5900741604770,HRANA
KEKS GRISBI ČOKOLADA 135 g,90795429,GRISBI,0.14 kg,ko,2.29,16.96,,2.29,2.29,8000350007911,HRANA
BOJA COLOR NAT 6.41 SWEET AMBER,90800388,GARNIER COL NATURALS,1.00 ko,ko,,3.69,3.69,4.99,4.99,3600542617284,KOZMETIKA
JOGURT SENSIA FIB SMOK JAB AKAC 330 g,90800741,SENSIA,0.33 kg,ko,1.65,5,,1.65,1.65,3850354018698,HRANA
TORTILLA PŠEN GRILL 6/1 370g MISSION,90819760,MISSION,0.37 kg,ko,2.99,8.08,,2.99,2.99,8710637106021,HRANA
BOMBON GUM LUBENICA 80g SOUR PATCH ,90825676,SOUR PATCH,0.08 kg,ko,1.09,13.63,,0.79,1.09,7622210796844,HRANA
DESERT VAFL DARE DARK 50g ETI,90826495,ETI,0.05 kg,ko,0.79,15.8,,0.79,0.79,8690526055800,HRANA
TOTAN SVJ MEDUZA,02195288,,1.00 kg,kg,5.49,5.49,,3.29,5.49,,HRANA
ŠKARPUNADA I SVJ MEDUZA,02195295,,1.00 kg,kg,7.39,7.39,,4.43,7.39,,HRANA
JAJA SVJEŽA K PLUS L 10/1,02510565,K PLUS,10.00 ko,ko,2.89,0.29,,2.65,2.65,3850334114211,HRANA
MESNI NAREZAK 100g ASCOMMERCE,02169584,ASCOMMERCE,0.10 kg,ko,0.79,7.9,,0.79,0.79,3858881331020,HRANA
VINO ŽILAVKA VRHUN 0.75L HERCEGOV,03020222,HERCEGOVINAVINO,0.75 l,ko,7.59,10.12,,6.55,6.55,3870083000351,PIĆE
SKUŠA SA POVRĆ.WEEKEND 125g,02195225,DELAMARIS,0.13 kg,ko,2.69,21.52,,2.69,2.69,3838929567727,HRANA
MLIJEKO ČOKOLADNO 200ML DUKAT,02230375,DUKAT,0.20 l,ko,0.99,4.95,,0.99,0.99,3850354002239,HRANA
VINO SIVI PINOT 0.75L KRAUTHAKER,03020110,KRAUTHAKER,0.75 l,ko,12.05,16.07,,12.05,12.05,3859889217378,PIĆE
VINO DOLAC BARRIQ  PLAVAC MALI 0.75L BADEL 1862,03026641,IVAN DOLAC HVAR,0.75 l,ko,18.99,25.32,,18.99,18.99,3850112169051,PIĆE
OCAT BALZAMSKI 0.25L DUOMO CARANDINI,03120185,CARANDINI,0.25 l,ko,2.69,10.76,,2.69,2.69,8014347000458,HRANA
KAŠICA HIPP PURET RIŽ MRK 8MJ 220g,03140030,HIPP,0.22 kg,ko,2.09,9.5,,2.09,2.09,9062300134411,HRANA
LEDENI ČAJ JANA ŠUM VOĆE BRUS 0.5L,03164066,JANA,0.50 l,ko,1.19,2.38,,1.19,1.19,3858884601731,PIĆE
MIN VODA KISELJAK 0.5L GAZ PET,03180016,SAR KISELJAK,0.50 l,ko,0.79,1.58,,0.79,0.79,3871059000023,PIĆE
KREKER GALLETE BEZ GL  EKO 150g SCOTTI,04052271,RISO SCOTTI,0.15 kg,ko,,11.27,1.69,2.39,2.39,8001860355028,HRANA
KAŠA JEČMENA 500g ČAKOV MLINOVI,04060087,ČAK MLINOVI,0.50 kg,ko,1.09,2.18,,0.89,1.09,3858884170671,HRANA
ČAJ BRUSNICA 40g PODRAVKA,04090583,PODRAVKA,0.04 kg,ko,2.06,51.5,,2.06,2.06,3850104229169,HRANA
PERŠIN 35g (400ML) KOTANYI,04103611,KOTANYI,0.04 kg,ko,4.99,142.57,,4.99,4.99,9001414102817,HRANA
MED BAGREM 450g MEDO -FLOR,04130104,MEDO FLOR,0.45 kg,ko,6.09,13.53,,6.09,6.09,3859888378056,HRANA
MRAMORNI KUGLOF 400g,04140169,JOMO,0.40 kg,ko,2.59,6.48,,2.19,2.59,9002287000521,HRANA
ŠTAPIĆI KVIKI 100g PODRAVKA,04140238,KVIKI,0.10 kg,ko,1.09,10.9,,1.09,1.09,3850104007293,HRANA
VAFL MANNER LJEŠNJAK VREĆ 400g,04140627,MANNER,0.40 kg,ko,3.99,9.98,,2.99,2.99,9000331607917,HRANA
FLIPS BOBI PIZZA 70g,04141014,BOBI,0.07 kg,ko,0.95,13.57,,0.95,0.95,3858891590103,HRANA
VAFL LOACKER TAMNA ČOK 150g,04141144,LOACKER,0.15 kg,ko,2.19,14.6,,1.59,2.19,8000380141548,HRANA
DVOPEK FETTE DORATE 315G INTEG 2060 AWT,04148000,MULINO BIANCO,0.32 kg,ko,2.75,8.73,,2.75,2.75,8076809512077,HRANA
LIKER BOROVNIČKA 1L,03075815,NIMCO,1.00 l,ko,14.05,14.05,,14.05,14.05,4000152003368,PIĆE
PUDING ČOKOLADA 49g DR OETKER,04181078,DR OETKER,0.05 kg,ko,0.72,14.69,,0.43,0.72,5997381312356,HRANA
BOMB ORBIT STRONG MINT MINTS 28g,04191645,WRIGLEY,0.03 kg,ko,0.99,35.36,,0.99,0.99,42211631,HRANA
DESERT BOUNTY 57g,04220004,MARS,0.06 kg,ko,1.39,24.39,,1.11,1.39,5000159557771,HRANA
BADEM U LISTIĆIMA 100g DEK,04220134,SCHWARTAU,0.10 kg,ko,5.29,52.9,,5.29,5.29,4000521007126,HRANA
GEL TUŠ ZIAJA KAKAO MASL 500ML,06522926,ZIAJA,0.50 l,ko,3.19,6.38,,3.19,3.19,5901887008316,KOZMETIKA
ZP SIGNAL FAM CAVITY PROT 75 6101,06530112,SIGNAL,0.08 l,ko,2.75,36.67,,1.89,1.89,5900300056101,KOZMETIKA
ZP AQUA MILD&MINT 75ML  8048,06530545,AQUAFRESH,0.08 l,ko,2.19,29.2,,2.19,2.19,5999518578048,KOZMETIKA
LAK TAFT ULTRA GLANZ 250ml,06540609,TAFT,0.25 l,ko,,11.96,2.99,2.99,4.99,4012800702844,KOZMETIKA
BOJA PALETTE PNC 219 50+2X25ml,06543330,PALETTE PNC,0.10 l,ko,4.49,44.9,,4.49,4.49,3838824171180,KOZMETIKA
KREMA BRIJ RALON 70g    0838,06560065,RALON,0.07 kg,ko,2.29,32.71,,2.29,2.29,3856007901010,KOZMETIKA
KREMA ZA RUKE/NOK HIDRA OLIVAL 75ML,06591808,OLIVAL,0.08 l,ko,2.89,38.53,,2.89,2.89,3859888345591,KOZMETIKA
KREMA VEET NORMALNA KOŽA 100ML,06594886,VEET,0.10 l,ko,,41.9,4.19,5.49,5.49,5997321773445,KOZMETIKA
TRAKE ČUP DEP LICA 16KOM 5074,06594894,ČUPKO,16.00 ko,ko,,0.16,2.59,3.29,3.29,3859888495074,KOZMETIKA
ČETKICA COLG ZIG ZAG SR TVR 3544,06619025,COLGATE,1.00 ko,ko,2.39,2.39,,1.67,2.39,7610196003544,KOZMETIKA
SOL FINISH 1.5kg,08030474,FINISH ADW,1.50 kg,ko,3.25,2.17,,3.25,3.25,8594002682736,SREDSTVA ZA ČIŠĆENJE
ŠARAN SVJ ODREZAK PAK KONZUM,90032931,,1.00 kg,kg,8.19,8.19,,4.91,8.19,,HRANA
ROLL ON BOROTALCO INVISIBLE 50 ML,90042500,BOROTALCO,0.05 l,ko,,39.8,1.99,1.99,3.99,80844044,KOZMETIKA
POSLAST VK SUNNYS ZA GLODAVCE 50g,90052391,VITAKRAFT,0.05 kg,ko,1.39,27.8,,1.39,1.39,4008239250261,PROIZVODI ZA KUĆANSTVO
DEO BOROTALCO  WHITE 150ML,90055763,BOROTALCO,0.15 l,ko,,13.27,1.99,1.99,3.99,8002410042214,KOZMETIKA
HIG UL NAKON PORODA CHICCO 30/1,90058799,CHICCO,30.00 ko,ko,9.79,0.33,,9.79,9.79,8003670666271,TOALETNE POTREPŠTINE
POSLASTICA BONAS KALCIJ PATKA 80g VK,90070049,VITAKRAFT,0.08 kg,ko,3.59,44.88,,3.59,3.59,4008239585745,PROIZVODI ZA KUĆANSTVO
PAŠTETA LUB KOM TARTUF AQ 95g,90088358,ADRIATIC QUEEN,0.10 kg,ko,3.99,42,,3.99,3.99,3850160207019,HRANA
VODICA ZA USTA LACALUT AKTIV 300ml,90092310,LACALUT,0.30 l,ko,5.59,18.63,,4.45,5.59,4016369726297,KOZMETIKA
KAVA BARCAFFE CLASSIC 175g,90097741,BARCAFFE,0.18 kg,ko,4.29,24.5,,4.29,4.29,3838471022699,HRANA
TJESTENINA PENNE RIGATE MARODI 400g,90112918,MARODI,0.40 kg,ko,1.89,4.73,,1.89,1.9,3859888666382,HRANA
VOĆNE KOŠARICE 300G GECCHELE,90158078,GECCHELE,0.30 kg,ko,2.85,9.5,,2.85,2.85,8015854123586,HRANA
PAŠTETA PIKETA JETRENA  95G AL,90166124,PIKETA,0.10 kg,ko,1.19,12.53,,0.79,1.19,3850104277795,HRANA
PIVO GRIMBERGEN BLONDE 0.33 l OW,90183858,GRIMBERGEN,0.33 l,ko,2.25,6.82,,2.25,2.25,3858887585489,PIĆE
GURABIJA BADEM 400g SUNDAY,90298060,SUNDAY,0.40 kg,ko,3.58,8.95,,3.58,3.58,5319990443762,HRANA
HLAP MEDITERANSKI SVJ KONZUM,90298467,,1.00 kg,kg,64.79,64.79,,38.85,64.79,,HRANA
KREKER CROCO PIZZA 400g,90298559,CROCO,0.40 kg,ko,3.09,7.73,,3.05,3.05,5941194000078,HRANA
KEKS KOM ČOK BMJ 290g MISURA,90324884,MISURA,0.29 kg,ko,3.32,11.45,,3.32,3.32,8002590043391,HRANA
KOLAČ LINCER 400g VOPEX,90342163,PEKARNA JURE,0.40 kg,ko,2.99,7.48,,2.99,2.99,3830042310945,HRANA
TOLSTOLOBIK SVJ KONČANICA SEDLIĆ,90351779,PP ORAHOVICA,1.00 kg,kg,1.78,1.78,,1.07,1.78,,HRANA
FELIX PLAY TUBES PURETINA ŠUNKA 50g,90361583,FELIX,0.05 kg,ko,1.59,31.8,,1.19,1.59,7613036707503,PROIZVODI ZA KUĆANSTVO
FELIX PLAY TUBES PILETINA JETRICA 50g,90361590,FELIX,0.05 kg,ko,1.59,31.8,,1.19,1.59,7613036707381,PROIZVODI ZA KUĆANSTVO
ČETKICA ELMEX UL SOFT SINGLE,90363666,ELMEX,1.00 ko,ko,,3.89,3.89,3.89,5.19,8718951187658,KOZMETIKA
PROSERIES ZERO SAUCE 425ml KETCHUP,90364406,POLLEO,0.43 l,ko,5.49,12.92,,5.49,5.49,3858892292785,HRANA
BUĐOLA NAREZAK 80g MA PIK,90370525,PIK VRBOVEC,0.08 kg,ko,2.69,33.63,,2.69,2.69,3850139181173,HRANA
ARANCINI VEDRINI UŠEĆ KORA NARA 125g,90377904,VEDRINI,0.12 kg,ko,2.89,24.07,,2.89,2.89,3858889332241,HRANA
HRSKAVICA DIMLJENA VP PIVAC,90377982,PIVAC,1.00 kg,kg,5.49,5.49,,5.49,5.49,3858884995878,HRANA
KAVA BARCAFFE SELECTION 200g     ,90102408,BARCAFFE,0.20 kg,ko,5.99,29.95,,5.99,5.99,3838471021104,HRANA
VODICA ZA USTA PARODNTAX 500ML,90113176,PARODONTAX,0.50 l,ko,7.49,14.98,,7.49,7.49,5054563052247,KOZMETIKA
BALZAM OLIVAL KONJSKI 250ml,90115818,OLIVAL,0.25 l,ko,3.29,13.16,,3.29,3.29,3859892751043,KOZMETIKA
SLAD MARS X-TRA 60G,90116305,MARS,0.06 kg,ko,1.99,33.17,,1.5,1.99,5000159460866,HRANA
SMJESA UNIV MIX IT BEZ GL 500g SCHAR,90129871,DR SCHAR,0.50 kg,ko,,4.62,2.31,2.89,2.89,8008698010358,HRANA
ČOKOLADA TOBLERONE DARK 100g,90137628,TOBLERONE,0.10 kg,ko,,16.9,1.69,1.69,3.09,7614500010617,HRANA
KAPELUNGE MEDUZA,90142458,,1.00 kg,kg,10.69,10.69,,6.41,10.69,,HRANA
RAKIJA VILIJAMOVKA S KRUŠKOM 0.7L,90147699,ĆOSIĆ,0.70 l,ko,40.05,57.21,,40.05,40.05,3857500027931,PIĆE
SIR MEKI MOZZAR BUFALA 125G DUKAT,90153024,GALBANI,0.13 kg,ko,3.19,25.52,,3.19,3.19,8000430130164,HRANA
PAŠTETA JETRENA K PLUS 50g,90153729,K PLUS,0.05 kg,ko,0.5,10,,0.5,0.5,3850334529916,HRANA
REGENER ELSEVE EXTRAORD OIL 200ml,90154887,LOREAL ELSEVE,0.20 l,ko,,16.45,3.29,3.85,4.39,3600522451303,KOZMETIKA
GRAH SMEĐI ZVIJEZDA 800/480G,90157606,ZVIJEZDA,0.48 kg,ko,1.99,4.15,,1.99,1.99,3856015309679,HRANA
TABINJA SVJ MEDUZA,90160513,,1.00 kg,kg,2.29,2.29,,1.37,2.29,,HRANA
RUM CAPTAIN MORGAN WHITE 0.7L PPD DIST.,90166939,CAPTAIN MORG,0.70 l,ko,19.89,28.41,,19.89,19.89,5000281040899,PIĆE
BAD KREMA ZA ZUB PROTEZE PLUS DUO POWER 40g,90169006,BLEND-A-DENT,0.04 kg,ko,,100.25,4.01,5.35,5.35,8700216598736,KOZMETIKA
VL MAR LUMPI SOFT LOTION 80/1,90184785,LUMPI,80.00 ko,ko,1.35,0.02,,1.35,1.35,3850334558558,TOALETNE POTREPŠTINE
PAŠTETA PIKETA PIKANT PILEĆA 95g AL,90187620,PIKETA,0.10 kg,ko,1.19,12.53,,0.79,1.19,3850104279843,HRANA
MASLINE ZELENE OTKOŠT 330g/160 g POD,90187752,PODRAVKA,0.16 kg,ko,2.89,18.06,,2.31,2.89,3850104279294,HRANA
KRUH BIJELI ŠNITE 300g SCHAR,90188214,DR SCHAR,0.30 kg,ko,,11.43,3.43,4.29,4.29,8008698005576,HRANA
KAMENICE MEDUZA,90190397,,1.00 kg,kg,11.69,11.69,,7.01,11.69,,HRANA
ČAJ CEYLON RINF 100G AHMAD,90201990,AHMAD,0.10 kg,ko,3.45,34.5,,3.45,3.45,054881005845,HRANA
PIVO TUBORG GREEN 4 PACK LIM 0.50L,90236733,TUBORG GREEN,2.00 l,ko,5.35,2.68,,5.35,5.35,3858887584123,PIĆE
SHEBA ODABRANI OBROCI U UMAKU 4X85G VR,90260778,SHEBA,0.34 kg,ko,3.29,9.67,,2.59,2.59,4770608263928,PROIZVODI ZA KUĆANSTVO
ČAJ KAMIL ĐUMBIR MED 40G FRANCK,90262742,FRANCK,0.04 kg,ko,2.49,62.25,,2.49,2.49,3858881088306,HRANA
ZAČIN ČEŠNJAK GRANULE VR 25g VEGETA MAESTRO,90282240,VEGETA MAESTRO,0.03 kg,ko,1.09,43.6,,0.49,1.09,3850104294440,HRANA
KONAC ZA ZUBE DENTORAL SENSIT MINT WAX 50m,90290493,DENTORAL,50.00 m,ko,,0.03,1.59,1.99,1.99,3850334609175,KOZMETIKA
MASLINE CRNE BEZ KOŠ. 75g AGROSEVILLA,90303285,AGROSEVILLA,0.08 kg,ko,1.75,23.33,,1.75,1.75,8410522009672,HRANA
MASLINE ZELENE BK LIM 350g  AGRO,90303599,AGROSEVILLA,0.15 kg,ko,2.49,16.6,,2.49,2.49,8410522001522,HRANA
TUBA VOĆ HIPPIS BIO SM JAB/BAN/C.VOĆE 120ml,90308399,HIPP,0.12 l,ko,1.4,11.67,,1.09,1.4,4062300325050,HRANA
DRESSING CEZAR 230ml DEVELEY,90326148,DEVELEY,0.23 l,ko,2.49,10.83,,1.74,2.49,4006824006538,HRANA
SOM GLAVA I REP KUPA,90335155,,1.00 kg,kg,1.29,1.29,,0.77,1.29,,HRANA
ČOKOLADA BIJ SA BIJ TARTUF 60g ZIGANTE,90350568,ZIGANTE,0.06 kg,ko,7.96,132.67,,7.96,7.96,3858891980591,HRANA
VODICA MICEL NIVEA RUŽA 400ml,90353755,NIVEA,0.40 l,ko,,16.23,6.49,9.29,9.29,9005800304533,KOZMETIKA
VISKI FIREAN 0.70L 43%,90361216,BURLINGTON,0.70 l,ko,15.59,22.27,,15.59,15.59,5021692118021,PIĆE
 SOK 100% MULTIVITAMIN JUICY 1L,90361250,JUICY,1.00 l,ko,2.39,2.39,,2.19,2.39,3858890977349,PIĆE
ZP COLG TOTAL WHITE 100ml,90362516,COLGATE,0.10 l,ko,3.99,39.9,,2.65,3.79,8718951227972,KOZMETIKA
GEL TUŠ FA SPORT 400ml,90377601,FA,0.40 l,ko,,6.38,2.55,2.55,3.99,3838824142296,KOZMETIKA
BRAŠNO BIJELO PŠE MANITOBA 1kg FARINA,90377968,FARINA,1.00 kg,ko,1.99,1.99,,1.99,1.99,3858887100996,HRANA
TIROLSKA KOBASICA 350g GAVRILOVIĆ,90382206,GAVRILOVIĆ,0.35 kg,ko,4.35,12.43,,4.35,4.35,3858892721278,HRANA
PILEĆA PRSA S&FIT 100g NAREZAK PERUTNINA,90382353,PERUTNINA,0.10 kg,ko,1.99,19.9,,1.99,1.99,3838977022155,HRANA
ČETKICA COLGATE EXTRA CLEAN 4/1,90775118,COLGATE,4.00 ko,ko,4.19,1.05,,2.93,4.19,8714789235356,KOZMETIKA
NADSTOLNJAK DINO 12 m PALOMA,90775784,PALOMA,12.00 m,ko,4.99,0.42,,4.99,4.99,3838952035507,PROIZVODI ZA KUĆANSTVO
PEKMEZ OLIVAL SPF10 100 ml,90785106,OLIVAL,0.10 l,ko,,63.8,6.38,7.99,7.99,3858892694817,KOZMETIKA
SPAGHETTI BOLOGNESE 400 g COME A CASA,90794937,COME A CASA,0.40 kg,ko,2.99,7.48,,2.99,2.99,5900741604817,HRANA
LIP BALM MELEM L&C DAHLIA 4.5 g,90809693,MELEM,1.00 ko,ko,,3.25,3.25,3.19,3.99,3856007912115,KOZMETIKA
JABUKA 600 g BIO ZONE,90810470,BIO ZONE,0.60 kg,ko,1.99,3.32,,1.99,1.99,3856028689324,HRANA
VINO VRANAC CARSKO 5 L PET,90814788,CARSKO,5.00 l,ko,9.99,2,,9.99,9.99,3859894110299,PIĆE
SNACK VOĆ JAB/KRUŠ/BAN 180g NUTRINO,90825362,NUTRINO,0.18 kg,ko,1.89,10.5,,1.89,1.89,8606019651602,HRANA
DET FAKS 5IN1 UNIVERSAL 14TAB,90825966,FAKS,14.00 ko,ko,6.99,0.5,,3.99,6.99,3850105187222,SREDSTVA ZA ČIŠĆENJE
LENOR MIRISNE PERLICE SPR AWAKE 210 g ,90826004,LENOR,0.21 kg,ko,4,19.05,,4,4,8001841182193,SREDSTVA ZA ČIŠĆENJE
SET BIOBAZA FROSTED DEO50+SG265+HC50,90826272,BIOBAZA,1.00 ko,ko,10.69,10.69,,8.55,10.69,3856020916510,KOZMETIKA
VIT LIMUNADA OSHEE LIMUN&BOR  0.555 L,90826359,OSHEE,0.56 l,ko,1.69,3.05,,1.69,1.69,5908260257996,PIĆE
SIR TV KRAVLJI 230 g SPECIAL MOMENTS,90829931,SPECIAL MOMENTS,0.23 kg,ko,4.59,19.96,,3.49,4.59,3850334430823,HRANA
SET ORAL B EL ČET LION KING+PUT ETUI,90835113,ORAL B,1.00 ko,ko,,24.59,24.59,32.85,32.85,8700216297172,KOZMETIKA
PROTEIN ZOE WHEY FRENCH VANILA 454 g,90839915,ZOE,0.45 kg,ko,24.99,55.04,,24.99,24.99,3856026707280,HRANA
PROT ZOE CL HYDRO S ON THE BEACH 25 g,90839972,ZOE,0.03 kg,ko,2.49,99.6,,2.49,2.49,3856026710365,HRANA
SUSHI FUJI 280 g GINGER,90864859,GINGER SUSHI,0.28 kg,ko,6.99,24.96,,6.99,6.99,3859893601781,HRANA
VINO POŠIP DALMATIAN DOG 0.75 L,90874790,DALMATIAN DOG,0.75 l,ko,12.59,16.79,,12.59,12.59,3857500084262,PIĆE
TIJESTO INT  SPAGHETTI N3 500g AGNESI,90403788,AGNESI,0.50 kg,ko,1.5,3,,1.5,1.5,8001200038994,HRANA
PRASETINA PAK PIK,90407469,PIK VRBOVEC,1.00 kg,kg,6.49,6.49,,4.54,6.49,3850139541830,HRANA
ALU FOLIJA EXTRA ČV GRILL 10MX44CM ALUFIX,90410693,ALUFIX,1.00 ko,ko,3.99,3.99,,3.99,3.99,5949509000119,PROIZVODI ZA KUĆANSTVO
SIRNI NAMAZ KAJMAK 150g ZDENKA,90433057,ZDENKA,0.15 kg,ko,2.19,14.6,,2.19,2.19,3858888596972,HRANA
ŽV GUM ĐUMBIR KURKUMA 21g TRUE GUM,90448231,TRUE GUM,1.00 ko,ko,2.09,2.09,,2.09,2.09,5700002082527,HRANA
MED BAGREM 900g,90468082,SLOVA,0.90 kg,ko,7.89,8.77,,7.89,7.89,3838900986257,HRANA
TABLETE ŠUM NATUREL VIT C1000+CINK+VIT D SA ZASL 80g,90468614,NATUREL,0.08 kg,ko,3.75,46.88,,3.75,3.75,3858889365362,HRANA
PAHULJ LINO LADA PILLOWS NOUGAT 80g,90494791,LINO,0.08 kg,ko,0.7,8.75,,0.7,0.7,3856020248390,HRANA
ŠAMPON H&S ITCH RELIEF 300ml,90518462,HEAD&SHOULDE,0.30 l,ko,6,20,,6,6,8001841996820,KOZMETIKA
BOMBON HARIBO MIAMI FIZZ 85g,90568940,HARIBO,0.09 kg,ko,1.59,18.71,,1.19,1.59,8426617359850,HRANA
SIRUP BAZGA 0.5L BOBO,90571009,BOBO,0.50 l,ko,5.29,10.58,,5.29,5.29,3859893313547,PIĆE
SIRUP MALINA 0.5L BOBO,90571038,BOBO,0.50 l,ko,6.19,12.38,,6.19,6.19,3859893313592,PIĆE
JUHA GRIZ KNEDLE 47g MAGGI,90598853,MAGGI,0.05 kg,ko,1.39,29.57,,1.39,1.39,7613287205018,HRANA
MLIJEKO ČOKOLADNO 0.5L EDGE DUKAT,90675852,DUKAT,0.50 l,ko,1.69,3.38,,1.69,1.69,3850354017608,HRANA
 JUHA PILE NOODLES 70g INDOMIE,90698055,INDOMIE,0.07 kg,ko,0.66,9.43,,0.66,0.66,089686170108,HRANA
BOMBONI TOFFIX KARAMELE MIX 300g,90698395,ELVAN,0.30 kg,ko,1.99,6.63,,1.99,1.99,8693029030091,HRANA
DEKOR LEPTIRIĆI 10g DR OETKER ,90703408,DR OETKER,0.01 kg,ko,4.29,429,,4.29,4.29,4000521031671,HRANA
SANITAR ORIGINAL 1.25L,90706443,SANITAR,1.25 l,ko,3.99,3.19,,2.95,3.69,3850111505669,SREDSTVA ZA ČIŠĆENJE
NAPITAK BILJNI MANGO 330g TTOP DAR,90707792,DAR,0.33 kg,ko,1.69,5.12,,1.69,1.69,3850108028201,HRANA
JUHA KOKOŠJA 3X62g PODRAVKA,90720190,PODRAVKA,0.19 kg,ko,2.19,11.77,,0.5,0.5,3856020220839,HRANA
JUHA GOVEĐA 3X65g PODRAVKA,90720202,PODRAVKA,0.20 kg,ko,2.19,11.23,,0.5,0.5,3856020236410,HRANA
PROTEIN PUDING 200g KARAMELA ZOTT,90724918,ZOTT,0.20 kg,ko,1.06,5.3,,0.89,0.89,4014500520179,HRANA
KOKICE ZA MIKROV SLANE 240g POPCORN,90726042,POP CORN,0.24 kg,ko,2.25,9.38,,2.25,2.25,3858889366222,HRANA
TORTELINI SA SIROM 500g MINUTE,90729785,MINUTE,0.50 kg,ko,2.95,5.9,,2.25,2.95,3850334053886,HRANA
SERUM GARNIER SN VITAMIN C NOĆ 30ml,90730096,GARNIER,0.03 l,ko,12.99,433,,12.99,12.99,3600542541664,KOZMETIKA
NAPITAK BARISTA KOKOS 1L ALPRO,90733858,ALPRO,1.00 l,ko,3.79,3.79,,3.49,3.49,5411188119753,HRANA
KIKIRIKI HRUSTY PRŽENI SLANI 100 g,90749994,HRUSTY,0.10 kg,ko,0.89,8.9,,0.89,0.89,3850334415134,HRANA
MUES GRAN FIT JAGOD TREŠ 300 g SANTE,90750050,SANTE,0.30 kg,ko,3.99,13.3,,3.99,3.99,5900617037213,HRANA
MUESLI FUN&FIT TROPIC 250 g,90750803,FUN&FIT,0.25 kg,ko,2.85,11.4,,2.85,2.85,8600102741560,HRANA
ČIPI ČIPS PAPRIKA 120 g ,90751044,ČIPI ČIPS,0.12 kg,ko,2.19,18.25,,1.89,2.19,3856021306549,HRANA
KOKICE SPECIAL MOMENTS CHOCOLATE 90g,90825522,SPECIAL MOMENTS,0.09 kg,ko,1.89,21,,1.32,1.89,3850334430069,HRANA
DET DAX BALZAM 450 ml,90825537,DAX,0.45 l,ko,0.89,1.98,,0.89,0.89,3838900834770,SREDSTVA ZA ČIŠĆENJE
ŠUNKA SUHA ISTARSKA BK 1/2 PISINIUM,90829988,PISINIUM,1.00 kg,kg,17.99,17.99,,17.99,17.99,,HRANA
GROŽĐICA SUHA 200 g NATURA,90850582,NATURA,0.20 kg,ko,1.49,7.45,,1.04,1.49,8697435900016,HRANA
KOKICE SPECIAL MOMENTS ŠARENE 90 g,90879954,SPECIAL MOMENTS,0.09 kg,ko,1.89,21,,1.32,1.89,3850334436955,HRANA
NJOKI MINUTE 1000g,90725830,MINUTE,1.00 kg,ko,,1.89,1.89,2.39,2.39,3850334044839,HRANA
GEL TUŠ PALMOLIVE OLIVE 1L REFIL,90730350,PALMOLIVE,1.00 l,ko,6.79,6.79,,6.49,6.49,8718951509238,KOZMETIKA
MILKSHAKE ČOKOLADA MINUTE 230ml,90731519,MINUTE,0.23 l,ko,1.49,6.48,,1.49,1.49,3838900829332,HRANA
OSVJ SHAKE ORMAR TIARE&ORCHID 3/1,90732173,SHAKE,3.00 ko,ko,1.99,0.66,,1.49,1.49,3859890779285,SREDSTVA ZA ČIŠĆENJE
ČIPS PRINGLES PAPRIKA XXL 185g,90732273,PRINGLES,0.19 kg,ko,3.49,18.86,,1.99,3.49,5053990167692,HRANA
NJOKI SPECK&BRIE 500g PATAGNOCCO,90733477,PATAGNOCCO,0.50 kg,ko,2.79,5.58,,2.79,2.79,8015057004767,HRANA
MUESLI GRANOLA ČOKOLADA 500g KOLLN,90733508,KOLLN,0.50 kg,ko,5.99,11.98,,5.99,5.99,4000540043587,HRANA
KAŠICA FRUTEK BIO JABUKA 120g,90733556,FRUTEK,0.12 kg,ko,1.25,10.41,,0.99,1.25,3838945016483,HRANA
LIKER VIŠNJA NOMEN 0.7L,90734744,NOMEN,0.70 l,ko,8.05,11.5,,8.05,8.05,3858892461044,PIĆE
DET PERWOLL BLACK 3.75L=75PR,90745032,PERWOLL,3.75 l,ko,19.49,5.2,,19.49,19.49,9000101810295,SREDSTVA ZA ČIŠĆENJE
DET PERWOLL CAPS COLOR 35TAB,90745056,PERWOLL,35.00 ko,ko,,0.33,11.49,11.49,11.49,9000101811513,SREDSTVA ZA ČIŠĆENJE
NAMAZ FINESSE DUO LJEŠNJAK MLIJEKO 400 g,90749838,FINESSE,0.40 kg,ko,2.65,6.63,,2.65,2.65,3838900834640,HRANA
KOLAČ OBLATNE ČOK RUM 200g,90750336,GRANNY VIKKY,0.20 kg,ko,3.09,15.45,,3.09,3.09,3859889660501,HRANA
HOBOTNICA OČIŠĆENA PODLOŽAK ALFRISA,90754786,ALFRISA,1.00 kg,kg,11.99,11.99,,11.99,11.99,,HRANA
COCKTAIL RTD ABSOLUT RAS LEMON 0.25L,90754892,ABSOLUT,0.25 l,ko,2.85,11.4,,2.85,2.85,7312040323043,PIĆE
PAS U KOŽI SVJ ŽUVELA,90759896,ŽUVELA,1.00 kg,kg,7.99,7.99,,4.79,7.99,,HRANA
VINO GRAŠEVINA SEL MARKOTA 0.75L,90759915,MARKOTA,0.75 l,ko,10.05,13.4,,10.05,10.05,3859893430275,PIĆE
TORTILJA ČIPS HRUSTY CHILLI 150 g,90759919,HRUSTY,0.15 kg,ko,0.89,5.93,,0.89,0.89,8605028611409,HRANA
ULJE NIVEA BABY 200ml,90764821,NIVEA,0.20 l,ko,,23.9,4.78,5.99,5.99,9005800369242,KOZMETIKA
NAMAZ SIR GREEK GOUR 180g DIV GARD,90765202,DIVAN GARDEN,0.18 kg,ko,1.79,9.94,,1.79,1.79,3858894600175,HRANA
SLAD GELATISSIMO FUNKY MONKEY 4x65 ml,90765367,GELATISSIMO,0.14 l,ko,1.99,14.21,,1.19,1.99,3850334106322,HRANA
ŽELIN SUPER 25g DOLCELA,90770253,DOLCELA,0.03 kg,ko,1.19,47.6,,1.19,1.19,3856020269586,HRANA
PIVO K1664 BLANC 0.33L NB,90770537,KRONENBOURG 1664,0.33 l,ko,1.35,4.09,,1.35,1.35,3080216015507,PIĆE
ŽV GUMA ORBIT BUBBLEMINT BOČ 64 g,90770773,WRIGLEY,0.06 kg,ko,3.69,57.66,,3.69,3.69,4009900537445,HRANA
ŽV GUMA AIRW BLACKMINT BOČ 64 g,90770795,WRIGLEY,0.06 kg,ko,3.69,57.66,,3.69,3.69,4009900550178,HRANA
ČOKOLADA LUMPI DROB KEKSI  8/1 93 g,90770863,LUMPI,0.09 kg,ko,1.29,13.87,,1.19,1.19,8605028605835,HRANA
DET PERWOLL BLACK 2X3l,90771229,PERWOLL,6.00 l,ko,19.99,3.33,,19.99,19.99,9000101818253,SREDSTVA ZA ČIŠĆENJE
REGEN HERBAL ESSENCES ARGAN 250 ml,90771270,HERBAL ESSENCES,0.25 l,ko,6.19,24.76,,6.19,6.19,8700216211161,KOZMETIKA
BALZAM ZA RUKE EVELINE JAGODA 50 ml,90774893,EVELINE,0.05 l,ko,,23.2,1.16,1.55,1.55,5901761968576,KOZMETIKA
LOSION TIJ DOVE INTEN NOURISH 400 ml,90775004,DOVE,0.40 l,ko,8.49,21.23,,8.49,8.49,8711600453975,KOZMETIKA
MG MM PIL GRAŠAK 85 g VR,90775151,MIGLIOR,0.09 kg,ko,0.55,6.47,,0.55,0.55,8007520027366,PROIZVODI ZA KUĆANSTVO
OM COCCOLINO KONC BLUE SPLASH 1.7 L,90785303,COCCOLINO,1.70 l,ko,6.99,4.11,,6.99,6.99,8720181410680,SREDSTVA ZA ČIŠĆENJE
JUNEĆI BUT B.K. FIVAS,90795043,FIVAS,1.00 kg,kg,10.99,10.99,,10.99,10.99,,HRANA
CHLORELLA PRAH BIO 250 g NUTRIGOLD,90825067,NUTRIGOLD,0.25 kg,ko,12.99,51.96,,10.39,12.99,3858891971209,HRANA
KUGLICE KIKIRIKI 100 g FITFIT,90825650,FIT&FIT,0.10 kg,ko,2.99,29.9,,2.99,2.99,8683923381733,HRANA
TJEST SIMPLY PASTA FARFALLE 500g,90875095,SIMPLY PASTA,0.50 kg,ko,1.29,2.58,,0.89,1.29,3858884500621,HRANA
ČOKOLAD TAMNA 70% MALINA 100 g VALOR,90880101,VALOR,0.10 kg,ko,2.99,29.9,,1.99,2.99,8410109050561,HRANA
SAPUN OLIVAL INT SENS 250 ml,90885216,OLIVAL,0.25 l,ko,5.89,23.56,,5.89,5.89,3858892696248,KOZMETIKA
DET ARIEL FRESH 2.75 kg=50 PR,90886377,ARIEL,3.00 kg,ko,21.99,7.33,,21.99,21.99,8700216733540,SREDSTVA ZA ČIŠĆENJE
KREMA BYROKKO TAN BOOST 105 ml,90887259,BYROKKO,0.11 l,ko,12.49,118.95,,12.49,12.49,3830079880695,KOZMETIKA
VODA DONATURAL MENTA 0.5 L,90889786,DONATURAL,0.50 l,ko,1.69,3.38,,1.69,1.69,3838471056250,PIĆE
NEKTAR JABUKA TO 1 L,90889993,TO,1.00 l,ko,1.59,1.59,,1.29,1.59,3858890975482,PIĆE
PRAŠK. NAPITAK TOCO LOCO NARANČA 550 g,90784764,TOCO LOCO,0.55 kg,ko,4.99,9.07,,4.99,4.99,3856028500674,PIĆE
JUHA OD LEĆE 620 g STAGONE,90785045,BONTA DI STAGIONE,0.62 kg,ko,3.29,5.31,,3.29,3.29,8055118488389,HRANA
SLAD CARTE D'OR SCHWARZWALD 825ML,90785144,ALGIDA CD OR,0.83 l,ko,7.99,9.68,,7.99,7.99,8711327617575,HRANA
OM LENOR FRESH AIR 770 ml,90785391,LENOR,0.77 l,ko,6,7.79,,6,6,8006540863138,SREDSTVA ZA ČIŠĆENJE
VREĆA SMEĆE MD VEZ LAV 35 L 15/1 DAX,90800103,DAX,15.00 ko,ko,0.99,0.07,,0.79,0.99,3850334101594,PROIZVODI ZA KUĆANSTVO
NEG PIĆE A+C+E VINDI 1.5 l,90800797,VINDI,1.50 l,ko,1.79,1.19,,1.79,1.79,3850108072310,PIĆE
KIMCHI LJUTI 320/240g MIGHTY FARMER,90819733,MIGHTY FARMER,0.24 kg,ko,7.49,31.21,,7.49,7.49,5600797937364,HRANA
VINO RAJNSKI RIZLING ST.JEROME 0.75 L,90824964,ST.JEROME,0.75 l,ko,10.05,13.4,,10.05,10.05,3858893390657,PIĆE
ČIPS OD BANANE BIO 500 g NUTRIGOLD,90825311,NUTRIGOLD,0.50 kg,ko,3.89,7.78,,3.89,3.89,3858891973104,HRANA
OMEGA 3 1000MG+VIT E 90TAB NUTRIGOLD,90825844,NUTRIGOLD,90.01 ko,ko,9.49,0.11,,9.49,9.49,3858891976457,HRANA
SIR TVRDI EMENTAL PRES 250g DUKAT,02053902,PRESIDENT,0.25 kg,ko,5.57,22.28,,5.57,5.57,3228023910039,HRANA
SIR TOPLJ TROK CLASS PICOK 140g DUKA,02103182,PRESIDENT,0.14 kg,ko,1.99,14.21,,1.99,1.99,3850355007660,HRANA
TUNJ KOMADI U MASL ULJU EVA 112G,02191895,EVA,0.11 kg,ko,3.79,33.84,,3.79,3.79,3850104231629,HRANA
KOZICE 30/40 SVJ MEDUZA,02195496,,1.00 kg,kg,17.45,17.45,,10.46,17.45,,HRANA
KOKOT SVJ CENTAURUS,02197756,,1.00 kg,kg,12.59,12.59,,7.55,12.59,,HRANA
ORADA XL SVJ CROMARIS,02198008,,1.00 kg,kg,18.15,18.15,,10.88,18.15,3859892725044,HRANA
LIGNJA PANIRANI KOLUTIĆI 400g LEDO,02199495,LEDO,0.40 kg,ko,3.99,9.98,,3.39,3.99,3850116779485,HRANA
JOGURT VOĆ JOGOBELLA CLASS 150g ZOTT,02321008,JOGOBELLA,0.15 kg,ko,0.65,4.33,,0.45,0.65,4014500503646,HRANA
DESERT MONTE LJEŠNJAK 4x55g ZOTT,02321022,MONTE,0.22 kg,ko,1.72,7.82,,1.72,1.72,4014500510361,HRANA
VRHNJE KISELO 20% 200g DUKAT,02334128,BRZO&FINO,0.20 kg,ko,1.19,5.95,,1.19,1.19,3850354002055,HRANA
JUNETINA MLJEVENA,02403748,KONZUM,1.00 ko,ko,10.69,10.69,,7.48,10.69,,HRANA
TEL REBRA ,02410046,PIK VRBOVEC,1.00 kg,kg,6.63,6.63,,6.63,6.63,3850139543254,HRANA
JUN KOLJENICA BK ,02411943,PIK VRBOVEC,1.00 kg,kg,10.69,10.69,,10.69,10.69,3850139541687,HRANA
VINO TRAMIN KV 0.75L ILOČKI PODRUM,03020078,ILOČKI PODRUMI,0.75 l,ko,8.05,10.73,,8.05,8.05,3859889556538,PIĆE
VINO PLAVAC MALI 0.75L KORTA KATARIN,03021611,KORTA KATARINA,0.75 l,ko,34.55,46.07,,34.55,34.55,3859891637294,PIĆE
RAKIJA STARA ŠLJIV 0.5L 40% BADEL 18,03060924,BADEL 1862,0.50 l,ko,9.19,18.38,,8.49,9.19,3850112121110,PIĆE
PIVO PAN RADLER LIMUN 0.5L POV BOCA,03131132,PAN,0.50 l,ko,1.25,2.5,,1.25,1.25,3858887580828,PIĆE
NEGAZ PIĆE JUICY FRUITS CRV NARAN 0.5L JAM,03145073,JUICY FRUITS,0.50 l,ko,1.09,2.18,,1.05,1.09,3858890975093,PIĆE
SOK BIOTTA BREUSS 500ML PRETTI,03150005,BIOTTA,0.50 l,ko,4.79,9.58,,4.79,4.79,7618500941230,PIĆE
NAPITAK SOJA VAN 250ml ALPRO,03150021,ALPRO,0.25 l,ko,1.69,6.76,,1.69,1.69,5411188082620,HRANA
KAVA LEDENA CAFEMIO CAPPUCCINO 250ml,03161794,CAFEMIO,0.25 l,ko,1.85,7.4,,1.85,1.85,90169533,HRANA
MRVICE KRUŠNE 500g  MLINAR,04040202,MLINAR,0.50 kg,ko,1.15,2.3,,1.15,1.15,3858881121713,HRANA
KAVA GLORIA MLJEVENA 175g VR FRANCK,04070053,GLORIA,0.18 kg,ko,4.09,23.37,,4.09,4.09,3858881085602,HRANA
MED CVJETNI HR 450g APIDAL,04133001,APIDAL,0.45 kg,ko,7.49,16.64,,7.49,7.49,3859889410168,HRANA
VAFL LOACKER NAPOLITANER 175g,04140669,LOACKER,0.18 kg,ko,2.19,12.51,,1.59,2.19,8000380007219,HRANA
ŠTAPIĆI KVIKI 220g PODRAVKA,04147525,KVIKI,0.22 kg,ko,1.79,8.14,,1.79,1.79,3850104224966,HRANA
FANT ZA ĆEVAP HAMB PLJESK 40g PODRAV,04160552,FANT,0.04 kg,ko,1.39,34.75,,0.99,1.39,3850104018237,HRANA
MUESLI ČOKOLADNI 1kg VIOLA ENC,04170367,VIOLA,1.00 kg,ko,7.69,7.69,,7.69,7.69,4000446017026,HRANA
PUDING ČOKOLADA GALET 104g DR OETKER,04180052,DR OETKER,0.10 kg,ko,1.09,10.48,,1.09,1.09,5997381372732,HRANA
ŽV GUMA ORBIT PEPERMINT 14g,04201410,WRIGLEY,0.01 kg,ko,0.99,70.71,,0.99,0.99,50173204,HRANA
PIŠKOTE MANNER 200g,04390321,MANNER,0.20 kg,ko,3.69,18.45,,3.69,3.69,9000331608013,HRANA
SUPER MOČO VILEDA RESE S DRŠKOM 3D,05510049,VILEDA,1.00 ko,ko,15.59,15.59,,15.59,15.59,4023103072206,PROIZVODI ZA KUĆANSTVO
ŠAMPON GLISS ULTIM REP 400ml,06526337,GLISS,0.40 l,ko,,11.23,4.49,4.49,7.09,9000100663410,KOZMETIKA
ČETKICA SIGNAL ESSENTIAL 1+1,06531258,SIGNAL,1.00 ko,ko,2.59,2.59,,1.79,1.79,8718114047928,KOZMETIKA
BOJA PALETTE ICC C1     0125,06540417,PALETTE ICC,1.00 ko,ko,,3.49,3.49,3.49,3.49,3838824159171,KOZMETIKA
MLIJEKO DOVE ESSENT NOURISH 250ml,06592142,DOVE,0.25 l,ko,5.49,21.96,,5.49,5.49,8711600456877,KOZMETIKA
KREMA MELEM 50ML,06599832,MELEM,0.05 l,ko,,129.8,6.49,6.12,7.65,3856007903724,KOZMETIKA
MASLINE SNACK ORIG I LIM 65g GAEA,90706618,GAEA,0.07 kg,ko,2.39,36.77,,2.09,2.09,5201671801506,HRANA
NAPITAK SOJA EKO 1L BRIDGE,90713265,THE BRIDGE,1.00 l,ko,2.69,2.69,,2.69,2.69,8019428007005,HRANA
UMAK TARTAR 260g STAKLO ZVIJEZDA,90713485,ZVIJEZDA,0.26 kg,ko,2.05,7.88,,1.59,2.05,3856015328441,HRANA
DŽEM MARELICA 680g DOORA,90726704,DOORA,0.68 kg,ko,3.89,5.72,,3.89,3.89,3858894541720,HRANA
GEL TUŠ OLIVOS KOL MASL 750ml,90732530,OLIVOS,0.75 l,ko,6,8,,6,6,8681917312756,KOZMETIKA
KREKER LEĆA PROTEIN BIO 90g ENCIAN,90733862,ENCIAN,0.09 kg,ko,2.15,23.89,,2.15,2.15,3858890104967,HRANA
ČEŠNJAK 250g,90744696,,0.25 kg,ko,1.59,6.36,,1.59,1.59,3856028688693,HRANA
DET PERSIL GEL LAVENDER 1.8L=40PR,90744899,PERSIL,1.80 l,ko,,5.55,9.99,9.99,9.99,9000101566635,SREDSTVA ZA ČIŠĆENJE
PRALINE I LOVE MILKA HAZELNUT SRCE 44g,90745666,MILKA,0.04 kg,ko,2.99,67.95,,2.24,2.99,7622202032790,HRANA
SAPUN OLEA CREAMY 100 g,90745921,OLEA,0.10 kg,ko,0.59,5.9,,0.59,0.59,3850334071224,KOZMETIKA
ŠIŠ ĆEVAP S KAJMAKOM RAW-ŠTILJ 420 g ,90750678,RAW ŠTILJ,0.42 kg,ko,3.89,9.26,,2.09,3.55,3850334111203,HRANA
SOM AFR CIJELI PP ORAHOVICA,90750842,PP ORAHOVICA,1.00 kg,kg,8.19,8.19,,3.89,8.19,3858889834202,HRANA
CHIA SJEMENKE VEDRINI 200 g,90769746,VEDRINI,0.20 kg,ko,1.49,7.45,,1.49,1.49,3858889332975,HRANA
GEL TUŠ DOVE M EUCALYPT&MINT 250 ml,90775099,DOVE,0.25 l,ko,2.99,11.96,,2.99,2.99,8720181444630,KOZMETIKA
ALABAMA BBQ PILEĆA KRILCA 450 g,90775719,CEKIN,0.45 kg,ko,4.49,9.98,,3.99,4.49,3850159150197,HRANA
SIR MEKI MLADI KOZJI 250 g GABRIEL,90775870,GABRIEL,0.25 kg,ko,,19.16,4.79,5.49,5.49,3859892805012,HRANA
BOMBON MENTOS COLA FRESH 38g,90795687,MENTOS,0.04 kg,ko,0.89,23.42,,0.89,0.89,87368123,HRANA
KRUPICA KUKURUZNA BIO ZONE 500g,90513587,BIO ZONE,0.50 kg,ko,1.39,2.78,,1.39,1.39,3838900804216,HRANA
MLIJEKO SVJEŽE 3.2% 1.75L PET VINDIJ,90513887,Z BREGOV,1.75 l,ko,2.45,1.4,,2.45,2.45,3850108011760,HRANA
CHIA SJEMENKE GARDEN GOOD 200g,90514409,GARDEN GOOD,0.20 kg,ko,1.19,5.95,,0.89,0.89,3838900988008,HRANA
INSTANT JACOBS CRONAT GOLD 2X200g,90553385,JACOBS,0.40 kg,ko,17.98,44.95,,17.98,17.98,3858889578496,HRANA
DET MERI MERINO BLACK 900ml,90568144,MERI MERINO,0.90 l,ko,3.39,3.77,,3.39,3.39,3850111105753,SREDSTVA ZA ČIŠĆENJE
BRAŠNO PŠEN PIZZA 1kg ČAK MLIN,90568217,ČAK MLINOVI,1.00 kg,ko,1.59,1.59,,1.19,1.59,3858884175751,HRANA
PEČENICA DALM NAR 100g MAP PIVAC,90569810,PIVAC,0.10 kg,ko,3.09,30.9,,3.09,3.09,3858890183467,HRANA
MLIJEKO ČOK BEZ LAKTOZE UHT 1L,90570044,VINDIJA,1.00 l,ko,2.29,2.29,,2.29,2.29,3850108023268,HRANA
ČETKICA ELMEX SUPER SOFT,90572149,ELMEX,1.00 ko,ko,,3.89,3.89,3.89,5.19,8718951435094,KOZMETIKA
PAŠTETA TARTUFI 50g BURETIĆ,90573451,BURETIĆ,0.05 kg,ko,2.65,53,,2.65,2.65,3859893159343,HRANA
TORTA SLAVLJENICA 650g LEDO,90597863,LEDO,0.65 kg,ko,9.95,15.31,,9.95,9.95,3850116042626,HRANA
KREMA UNIV AFROD CALEND HYDRA 150ml,90598469,AFRODITA,0.15 l,ko,4.69,31.27,,4.69,4.69,3830001291582,KOZMETIKA
SLAD MARS 6X40g MULTIPACK,90598676,MARS,0.24 kg,ko,5.49,22.89,,4.99,5.49,5000159541459,HRANA
GAZ PIĆE COCA COLA ZERO ZERO 0.5L,90600360,COCA COLA,0.50 l,ko,1.15,2.3,,1.15,1.15,5449000201935,PIĆE
DET ECOVER LEMON&ALOE VERA 450ml,90600515,ECOVER,0.45 l,ko,2.49,5.53,,1.91,2.39,5000204246070,SREDSTVA ZA ČIŠĆENJE
KIKIRIKI VREĆICA 125g NUTLINE,90607715,CHIO,0.13 kg,ko,1.79,14.32,,1.79,1.79,3856021305214,HRANA
INSTANT NESCAFE CLASSIC ST 200g,90623378,NESCAFE,0.20 kg,ko,11.29,56.45,,7.29,11.29,7613032144296,HRANA
KAŠA ZOB ŠUM VOĆE 4X65g MY LIFE,90623872,MY LIFE,0.26 kg,ko,2.69,10.35,,2.69,2.69,3859888513495,HRANA
BRANCIN 2000 – 2500 ŽUVELA,90648272,ŽUVELA,1.00 kg,kg,23.69,23.69,,14.2,23.69,,HRANA
DET JAR PLAT LEMON 65 TAB,90662895,JAR ADW,65.02 ko,ko,36.79,0.57,,18.38,36.79,8006540750216,SREDSTVA ZA ČIŠĆENJE
VRHNJE ZA KUHANJE BEZ LAKT MEGGLE 200ml,90674522,MEGGLE,0.20 kg,ko,1.49,7.45,,1.49,1.49,8585002505415,HRANA
TORTILLA PŠEN MAXX 12X25CM 780g HRUSTY,90697787,HRUSTY,0.78 kg,ko,1.99,2.55,,1.99,1.99,8605002359747,HRANA
GRISSINI TORINESI 125g ROBERTO ,90703969,ROBERTO,0.13 kg,ko,1.89,15.12,,1.89,1.89,8003490045102,HRANA
KUKURUZ ŠEĆ GARDEN GOOD 3x170/3x140g,90707333,GARDEN GOOD,0.42 kg,ko,2.69,6.4,,2.69,2.69,8605028600052,HRANA
KAVA LEDENA CAFFE LATTE 250ml Z BREGOV,90724899,Z BREGOV,0.25 l,ko,1.55,6.2,,1.55,1.55,3850108021936,HRANA
PRALINE MASLAC LJEŠNJAK 39g BETT R,90739973,BETT R,0.04 kg,ko,2.79,71.54,,1.99,2.79,3800233781243,HRANA
INSTANT KAVA RITUAL GOLD 200 g,90749848,RITUAL,0.20 kg,ko,,27.95,5.59,7.29,7.29,3850334083180,HRANA
MASKA GLISS SHINE 400 ml,90749853,GLISS,0.40 l,ko,6,15,,6,6,9000101726336,KOZMETIKA
PAHULJICE 7 GRAINS 375 g NATUREL,90750378,NATUREL,0.38 kg,ko,3.99,10.64,,3.99,3.99,3858889366758,HRANA
ČIPS CHIO INTENSE CREAMY PAPRIKA 120 g,90764965,CHIO,0.12 kg,ko,2.19,18.25,,1.79,2.19,3856021306389,HRANA
SOL SITNA MORSKA 110g VEGETA MAESTRO,90770316,VEGETA MAESTRO,0.11 kg,ko,1.49,13.55,,1.49,1.49,3856020267216,HRANA
SALV PALOMA JUNIOR 2 33X33 3SL 20/1,90775786,PALOMA,20.00 ko,ko,2.55,0.13,,2.55,2.55,3838952035460,PROIZVODI ZA KUĆANSTVO
KOBASICA MINIKO CLASSIC 60g,90698594,GAVRILOVIĆ,0.06 kg,ko,2.35,39.17,,2.35,2.35,3858892724668,HRANA
NEKTAR MOJ DAN MULTIVITAMIN 1L ,90699259,MOJ DAN,1.00 l,ko,1.25,1.25,,1.25,1.25,3850334028099,PIĆE
LIP BALM MELEM L&C MAGNOLIJA 4.5g,90699314,MELEM,0.01 kg,ko,,722.22,3.25,3.16,3.95,3856007910760,KOZMETIKA
ČETK SIGNAL SENSOFT TRIPLE ACT 4/1,90702697,SIGNAL,4.00 ko,ko,5.99,1.5,,4.19,4.19,8720181239311,KOZMETIKA
GEL TUŠ FA MYSTIC MOM 400ml,90703679,FA,0.40 l,ko,,6.38,2.55,2.55,3.99,9000101704457,KOZMETIKA
DEO BOROTALCO M UNIQUE 150ml,90703920,BOROTALCO,0.15 l,ko,,13.27,1.99,1.99,3.99,8002410044546,KOZMETIKA
KREMA BIOBAZA BOTANIKA ROSARY 50ml,90704142,BIOBAZA,0.05 l,ko,,44.8,2.24,2.99,2.99,3856020912383,KOZMETIKA
ULJE CRNO 250ml HLADNIĆ,90704227,HLADNIĆ,0.25 l,ko,5.49,21.96,,5.49,5.49,3859888867215,HRANA
SLAD MOCHI ČOKO LITTLE MOONS 6x32g,90704573,LITTLE MOONS,0.19 kg,ko,6.99,36.41,,4.99,6.99,5027324002928,HRANA
PIRE VOĆ JAB BOB VOĆ  BIO 100g FRULLA,90705143,FRULLA,0.10 kg,ko,1.19,11.9,,0.89,1.19,8024985008051,HRANA
KROASAN SUNNY MIDI VANILI 50g,90705709,SUNNY,0.05 kg,ko,0.49,9.8,,0.49,0.49,3850334043184,HRANA
PAŠTETA LOVAČKA 95g ARGETA,90706515,ARGETA,0.10 kg,ko,1.39,14.63,,1.19,1.39,3838471043977,HRANA
PISTACIJA PEČENA U LJUSCI 300g,90707164,MARJAN VOĆE,0.30 kg,ko,6.19,20.63,,4.29,5.99,3872084015358,HRANA
KAŠ INST ČOKOLEŠNIK 450g,90707625,ČOKOLEŠNIK,0.45 kg,ko,,7.31,3.29,4.59,4.59,3856020262174,HRANA
DESERT VANILIJA 4X125g DAR,90707782,DAR,0.50 kg,ko,2.49,4.98,,2.49,2.49,3850108028119,HRANA
MUESLI GRAN CARAMEL NUT 380g KELLOGGS,90713282,KELLOGGS,0.38 kg,ko,5.49,14.45,,5.49,5.49,5059319020396,HRANA
ONE MP MINI ACTIVE 85G,90719817,ONE,0.09 kg,ko,0.99,11.65,,0.75,0.99,8445290298287,PROIZVODI ZA KUĆANSTVO
BUDDY MP MINI PIL 150g,90725420,BUDDY,0.15 kg,ko,0.69,4.6,,0.49,0.69,3850334043665,PROIZVODI ZA KUĆANSTVO
BUDDY MP MINI PIL 300G,90725768,BUDDY,0.30 kg,ko,0.99,3.3,,0.75,0.99,3850334043641,PROIZVODI ZA KUĆANSTVO
KITEKAT MM PILETINA 85g VR,90726544,KITEKAT,0.09 kg,ko,0.75,8.82,,0.75,0.75,5900951307355,PROIZVODI ZA KUĆANSTVO
GEL EVELINE PURE CONTROL 2U1 200ml,06593415,EVELINE,0.20 l,ko,,13.45,2.69,3.59,3.59,5901964014162,KOZMETIKA
BAZA ZA JUHU-KONC. ZA RAMEN 250ml KIKKOMAN,90704920,KIKKOMAN,0.25 l,ko,,14.6,3.65,4.53,4.53,8715035590304,HRANA
RUČNIK PAP NORD ROLA 320L 2SL 1/1,90705395,NORD,1.00 ko,ko,3.19,3.19,,3.19,3.19,3858894270552,PROIZVODI ZA KUĆANSTVO
SARDINA S LIMUNOM 100g/75g EVA,90706321,EVA,0.08 kg,ko,1.69,22.53,,1.69,1.69,3856020262617,HRANA
UMAK PESTO PISTAC 130g RIO MARE,90706420,RIO MARE,0.13 kg,ko,4.49,34.54,,4.49,4.49,8004030506077,HRANA
TUBA NUTRINO JAB/KRU/BRES 100g,90707859,NUTRINO,0.10 kg,ko,,8.9,0.89,1.05,1.05,8606019650544,HRANA
ZOB KEKSI SRCA LJEŠ/ČOK 50g ROW SPIRIT,90707939,ROW SPIRIT,0.05 kg,ko,1.19,23.8,,1.19,1.19,3859894094032,HRANA
NAPITAK RIŽA EKO 1L BRIDGE,90713260,THE BRIDGE,1.00 l,ko,2.69,2.69,,2.69,2.69,8019428000013,HRANA
LAMPUGA RZ KOMIŽA,90715091,RZ KOMIŽA,1.00 kg,kg,9.79,9.79,,5.87,9.79,,HRANA
JOGURT VOĆNI MIX 400g Z BREGOV,90719997,Z BREGOV,0.40 kg,ko,1.49,3.73,,1.49,1.49,3850108037975,HRANA
BANANA BIO ,90720080,BONITA,1.00 kg,kg,1.99,1.99,,1.99,1.99,,HRANA
ŠAMPON OLIVAL PISKAVICA 250ml,90730460,OLIVAL,0.25 l,ko,6.39,25.56,,4.79,4.79,3858892694565,KOZMETIKA
VREĆICA JUMBO BOŽIĆ,90739813,K PLUS,1.00 ko,ko,0.2,0.2,,0.2,0.2,3850334432872,PROIZVODI ZA KUĆANSTVO
DET PERSIL GEL COLOR 0.99L=22PR,90744943,PERSIL,0.99 l,ko,,7.06,6.99,6.99,9.99,9000101599008,SREDSTVA ZA ČIŠĆENJE
SAPUN OLEA WHITE FLOWER 100 g,90745924,OLEA,0.10 kg,ko,0.59,5.9,,0.59,0.59,3850334071248,KOZMETIKA
KEKS BUTTONS PEANUT BUTTER 95 g JAFFA,90750797,BUTTONS,0.10 kg,ko,1.49,15.68,,1.19,1.49,8600114011439,HRANA
RAJČICA PRAH 80g SOTINAC,90751065,OPG SOTINAC,0.08 kg,ko,2.49,31.13,,2.49,2.49,3859893718465,HRANA
UMAK HOT&SWEET CHILI 362g MAGGI,90769802,MAGGI,0.36 kg,ko,,8.26,2.99,3.99,3.99,8445291218710,HRANA
TJEST PUŽIĆI DURUM 500g ZLATO POLJE,90769976,ZLATO POLJE,0.50 kg,ko,1.99,3.98,,0.99,0.99,3838700010718,HRANA
ŠAMPON H&S CITRUS 500 ml,90771213,HEAD&SHOULDE,0.50 l,ko,8.29,16.58,,8.29,8.29,8700216305303,KOZMETIKA
GEL SUBRINA EXTRA STRONG 150 ml,90775294,SUBRINA,0.15 l,ko,4,26.67,,4,4,3838980608513,KOZMETIKA
PIRE VOĆNI POWER BIO 200 g O PLANT,90780052,O PLANT,0.20 kg,ko,1.99,9.95,,1.59,1.99,3856020270575,HRANA
ZUBATAC SVJ ŽUVELA,90784678,ŽUVELA,1.00 kg,kg,35.99,35.99,,21.58,35.99,,HRANA
DET ARIEL FRESH AIR 20 TAB,90785324,ARIEL,20.00 ko,ko,10,0.5,,10,10,8700216357203,SREDSTVA ZA ČIŠĆENJE
TORTILJA ČIPS HRUSTY 350g,90799865,HRUSTY,0.35 kg,ko,1.89,5.4,,1.89,1.89,8605028610754,HRANA
COCK RTD HAVANA CUBAN SPIC COLA 0.33 L,90809748,HAVANA,0.33 l,ko,3.05,9.24,,3.05,3.05,8501110084468,PIĆE
VINO ROSE DOMANO 0.75L,90814940,DOMANO,0.75 l,ko,13.35,17.8,,13.35,13.35,3870016000731,PIĆE
BOMBON GUM VOĆNI 80g SOUR PATCH ,90825673,SOUR PATCH,0.08 kg,ko,1.09,13.63,,0.79,1.09,7622210442789,HRANA
SET DOVE W HYD SG250+BAR90,90826216,DOVE,1.00 ko,ko,5,5,,5,5,8720182834645,KOZMETIKA
MASLINE PUNJ SIR 140/100 g SPEC MOMENTS,90826505,SPECIAL MOMENTS,0.10 kg,ko,2.99,29.9,,2.59,2.99,3850334430908,HRANA
KREKER SALTAS MORSKA SOL 100g,90829674,SALTAS,0.10 kg,ko,0.95,9.5,,0.71,0.95,3856014107542,HRANA
PELENE GAĆ PAMPERS JP S6 48/1,90839879,PAMPERS,48.01 ko,ko,25.89,0.54,,25.89,25.89,8006540069202,TOALETNE POTREPŠTINE
DET DASH AMBER 44TAB,90886358,DASH,44.01 ko,ko,25.99,0.59,,25.99,25.99,8700216791861,SREDSTVA ZA ČIŠĆENJE
ČOKOLADA MILKA ALPSKA 250 g,90890015,MILKA,0.25 kg,ko,5.99,23.96,,3.99,5.99,7622202257827,HRANA
DRESSING FRANCH 350 ml THOMY,90890360,THOMY,0.35 l,ko,3.99,11.4,,3.99,3.99,8445291866164,HRANA
DET PERSIL UNIVERSAL 60 TAB,90904719,PERSIL,59.99 kg,ko,13.99,0.23,,13.99,13.99,9000101830910,SREDSTVA ZA ČIŠĆENJE
MASLAC Z'BREGOV 125g VINDIJA,02180372,Z BREGOV,0.13 kg,ko,2.19,17.52,,2.19,2.19,3850108060126,HRANA
HAMA SVJ CROMARIS,02198816,CROMARIS,1.00 kg,kg,11.99,11.99,,7.19,11.99,3858890590845,HRANA
PILE GAVELINO POD VINDIJA,02435484,CEKIN,1.00 kg,kg,,4.69,4.69,4.69,5.49,3850159113154,HRANA
NEKTAR JABUKA JUICY 1L,03140397,JUICY,1.00 l,ko,1.99,1.99,,1.49,1.99,3858890970906,PIĆE
KAŠICA FRUTEK BRESK RIŽA 120g,03140414,FRUTEK,0.12 kg,ko,1.06,8.83,,1.06,1.06,3838945502955,HRANA
GAZ PIĆE ORANGINA 0.5L PET,03160077,ORANGINA,0.50 l,ko,1.65,3.3,,1.65,1.65,3877000209170,PIĆE
NEG PIĆE MULTI ACE VINDI 1L,03160261,VINDI,1.00 l,ko,1.35,1.35,,1.35,1.35,3850108071290,PIĆE
KRUPICA PŠENIČNA 1kg MLINETA,90033646,MLINETA,1.00 kg,ko,1.15,1.15,,1.15,1.15,3859888419032,HRANA
CROISSANT 7DAYS MINI DOUBLE KAK/VAN 185g,90034959,CHIPITA,0.19 kg,ko,2.65,14.32,,1.85,2.65,7622202213984,HRANA
BISKVIT TOPS NARANČA 125g,90068318,TOPS,0.13 kg,ko,0.99,7.92,,0.99,0.99,3871040003309,HRANA
TIJESTO K PLUS CAVATT PREMIUM 500g,90072941,K PLUS,0.50 kg,ko,1.39,2.78,,0.99,1.39,3850334363312,HRANA
KAŠA ZOBENA ŠUM VOĆE 4X65G DOBRA,90073928,DOBRA,0.26 kg,ko,3.25,12.5,,2.29,2.29,8595054902247,HRANA
PATARAČA I SVJ LIBURNIJA,90074598,,1.00 kg,kg,7.69,7.69,,3.89,7.69,,HRANA
RIŽA ZL POLJE ZA DOM JELA 1KG KUT VAK,90083054,ZLATO POLJE,1.00 kg,ko,3.99,3.99,,2.79,3.99,3838700540413,HRANA
KREMA LOREAL AGE SPEC 55+ DNE 50ML,90089979,LOREAL,0.05 l,ko,9.99,199.8,,9.39,9.99,3600522550204,KOZMETIKA
ŠLAGFIX 3X8g DOLCELA,90091397,DOLCELA,0.02 kg,ko,0.99,41.25,,0.99,0.99,3850104272073,HRANA
VISKI J WALKER GOLD RESERVE 0.7L,90092276,JOHNNIE WALKER,0.70 l,ko,78.99,112.85,,78.99,78.99,5000267197609,PIĆE
AMERIČKI BURGER 600g PIK,90094874,PIK VRBOVEC,0.60 kg,ko,6.89,11.48,,4.82,6.89,3850139435498,HRANA
TELEĆA POTRBUŠINA SK,90393272,,1.00 kg,kg,9.49,9.49,,7.99,9.49,,HRANA
KEKS BELVITA MLIJEKO ŽITARICE 225g,90400383,BELVITA,0.23 kg,ko,2.69,11.96,,2.02,2.69,7622210899286,HRANA
ZP ORAL B DESNI&CAKL EX FR 75ml,90402635,ORAL B,0.08 l,ko,4.39,58.53,,4.39,4.39,8001090794413,KOZMETIKA
KREMA OLIVAL NEVEN 250ml,90402837,OLIVAL,0.25 l,ko,3.99,15.96,,3.99,3.99,3859892751661,KOZMETIKA
MAJONEZA TUBA KETCH MAJON 165g ZVIJEZDA,90405154,ZVIJEZDA,0.17 kg,ko,,10.85,1.79,2.39,2.39,3856015321275,HRANA
PRAL LINDT LINDOR JAGODA 200g,90404836,LINDT,0.20 kg,ko,9.99,49.95,,6.99,9.99,8003340097619,HRANA
SKUŠA SVJ PAKIRANA,90405826,MEDUZA,1.00 kg,kg,3.79,3.79,,2.27,3.79,,HRANA
PAUK I ŽUVELA,90406310,ŽUVELA,1.00 kg,kg,9.79,9.79,,5.87,9.79,,HRANA
UMAK NAPOLITANA MINUTE 400g,90406512,MINUTE,0.40 kg,ko,2.29,5.73,,1.79,2.29,3850334130457,HRANA
MARINIRANA PILEĆA KRILA RAW-ŠTILJ,90408130,RAW ŠTILJ,1.00 kg,kg,5.59,5.59,,4.49,4.49,3850159155307,HRANA
GRDOBINA II ŽUVELA,90408879,ŽUVELA,1.00 kg,kg,8.89,8.89,,5.33,8.89,3856023601352,HRANA
KAVA LUNGO CLASS JULIUS M 10/1 NS 56g,90409308,JULIUS MEINL,0.06 kg,ko,5.29,94.46,,5.29,5.29,9000403940317,HRANA
PUDING PRAL&TAMN ČOK TRES CHIC 200g VINDIJA,90409713,VINDIJA,0.20 kg,ko,1.25,6.25,,1.25,1.25,3850108023923,HRANA
ŠLAG PJENA 114g  DR OETKER,90412541,DR OETKER,0.11 kg,ko,2.38,20.88,,2.38,2.38,5997381375689,HRANA
KREMA TIRAMISU 100g DR OETKER,90412543,DR OETKER,0.10 kg,ko,2.39,23.9,,2.39,2.39,5997381362504,HRANA
REGENERATOR SYOSS REP TH 440ml,90424955,SYOSS,0.44 l,ko,,10.2,4.49,4.49,4.49,9000101278057,KOZMETIKA
BISKVIT JAFFA CHOCO MILK 158g,90428077,JAFFA,0.16 kg,ko,1.29,8.16,,1.03,1.29,8600114009931,HRANA
DET MERI MERINO COLOUR 2.7L,90428095,MERI MERINO,2.70 l,ko,9.99,3.7,,9.29,9.29,3850111105791,SREDSTVA ZA ČIŠĆENJE
PANIRANI PILEĆI ODRESCI 400g,90438160,CEKIN,0.40 kg,ko,4.85,12.13,,4.85,4.85,3850159141300,HRANA
ŠLJIVOVICA 0.75L HARMUND,90452940,HARMUND,0.75 l,ko,18.69,24.92,,18.69,18.69,3859893459047,PIĆE
ČAJ K PLUS KAMILICA RINFUZA 40g,90453814,K PLUS,0.04 kg,ko,1.35,33.75,,1.35,1.35,3850334240071,HRANA
UMAK VEGAN PESTO S BOSILJKOM 190g SACLA,90483291,SACLA,0.19 kg,ko,3.79,19.95,,3.79,3.79,8001060030053,HRANA
KREMA LOREAL DE HYALUR  NOĆNA 50ml,90483540,LOREAL,0.05 l,ko,9.99,199.8,,9.39,9.99,3600523775644,KOZMETIKA
ZAČIN ZA PUNJE PAPRI I SARMU 60g ALEVA,90483908,ALEVA,0.06 kg,ko,1.19,19.83,,1.19,1.19,8600947042136,HRANA
PEKMEZ BIOBAZA SUN 150ml,90488150,BIOBAZA,0.15 l,ko,,47.87,7.18,9.59,9.59,3856020905378,KOZMETIKA
KAŠA ZOB BOOM BOX JAGODA CHIA 60g,90493464,BOOM BOX,0.06 kg,ko,0.99,16.5,,0.99,0.99,3858890477160,HRANA
TUBA NUTR JAB/BRE/JAG/MAL 100g,90494054,NUTRINO,0.10 kg,ko,,8.9,0.89,1.05,1.05,8606019650568,HRANA
JOGURT PROACTIVE ACT ZONE 1.0% M.M. 1kg,90494732,ACTIVE ZONE,1.00 kg,ko,,1.65,1.65,1.65,1.65,3850334394026,HRANA
MED CVJETNI HR DOBRA VIBRA 450g,90494879,DOBRA VIBRA,0.45 kg,ko,5.99,13.31,,5.99,5.99,3859893439032,HRANA
SIR TVRDI GRAN REGALE 180g,90487211,VALIO,0.18 kg,ko,3.32,18.44,,3.32,3.32,4740553695761,HRANA
TUNJ SALATA SLANUTAK 160g RIO MARE,90568225,RIO MARE,0.16 kg,ko,4.69,29.31,,2.15,4.69,8004030855038,HRANA
SMAC EXPRESS KUPAONICA 650ml,90569025,SMAC,0.65 l,ko,4.44,6.83,,4.44,4.44,8003650026682,SREDSTVA ZA ČIŠĆENJE
KEFIR 3.5% M.M. 330g PET KRAVICA,90570309,KRAVICA KRALJICA,0.33 kg,ko,1.35,4.09,,1.35,1.35,3856015324412,HRANA
RAJČICA PELAT 400G ROSSOGARGANO,90571972,ROSSOGARGANO,0.40 kg,ko,1.39,3.48,,1.39,1.39,8033837720027,HRANA
BRAŠNO MJEŠ ZA FRITULE I KRAFNE 1kg PODRAVKA,90571982,PODRAVKA,1.00 kg,ko,2.29,2.29,,2.29,2.29,3856020252649,HRANA
ZP ORAL B JUNIOR STARWARS 75ml,90572083,ORAL B,0.08 l,ko,3,40,,3,3,8001090632678,KOZMETIKA
KH-7 ODMAŠĆIVAČ+KAMENAC PROMO,90573998,KH-7,1.00 ko,ko,5.99,5.99,,5.99,5.99,3858893721918,SREDSTVA ZA ČIŠĆENJE
MAJONEZA ČILI PVC 85g ZVIJEZDA,90578313,ZVIJEZDA,0.09 kg,ko,1.15,13.53,,0.85,0.85,3856015324689,HRANA
ČOKOLADA DORINA KOKOS 98g,90593184,DORINA,0.10 kg,ko,1.99,20.31,,1.45,1.45,3850102516889,HRANA
PAHULJICE LUMPI HONEY RINGS 250g,90593667,LUMPI,0.25 kg,ko,1.06,4.24,,1.06,1.06,3850334009333,HRANA
DEO NIVEA M BLACK&WHITE FRESH 250ml,90597885,NIVEA,0.25 l,ko,,14.36,3.59,5.39,7.19,9005800379074,KOZMETIKA
LOKARDA SVJ PELAGOS,90598108,PELAGOS,1.00 kg,kg,3.69,3.69,,2.21,3.69,,HRANA
HIG UL ALWAYS ULT SEC NIGHT 24/1,90599154,ALWAYS P&G,24.00 ko,ko,5.44,0.23,,5.44,5.44,8006540093764,TOALETNE POTREPŠTINE
PIVO HEINEKEN LIMENKA 6PACK 0.5L,90599998,HEINEKEN,3.00 l,ko,8.75,2.92,,7.89,7.89,3830001716016,PIĆE
SPREJ NIV SUN PR&BRON SPF30 270ml,90607815,NIVEA,0.27 l,ko,,49.96,13.49,22.49,22.49,9005800386362,KOZMETIKA
CAPP JACOBS MILKA LJEŠNJAK 16.5g,90627708,JACOBS,0.02 kg,ko,0.59,35.76,,0.59,0.59,8711000493939,HRANA
BUDDY MP PILETINA 1250G,90648757,BUDDY,1.25 kg,ko,1.89,1.51,,1.49,1.89,3850334018151,PROIZVODI ZA KUĆANSTVO
TOMI MM GOVEDINA/MRKVA 100g,90608014,TOMI,0.10 kg,ko,0.99,9.9,,0.99,0.99,4003024490860,PROIZVODI ZA KUĆANSTVO
PIZZA PEPPERONI 340g MINUTE,90669693,MINUTE,0.34 kg,ko,,5.26,1.79,1.79,2.29,3850334035905,HRANA
SPAGHETTI BOLOGNESE 1kg CONDELI,90673232,CONDELI,1.00 kg,ko,3.98,3.98,,2.95,3.98,9009726807383,HRANA
LOSOS HLAD DIMLJ 150g LASCHINGER,90670081,LASCHINGER,0.15 kg,ko,9.95,66.33,,9.95,9.95,4010871050048,HRANA
KEKS KETO KIKIRIKI BG 50g FRANK&OLI,90674913,FRANK&OLI,0.05 kg,ko,,23.8,1.19,1.59,1.59,5900316552246,HRANA
KAPS KAVA CAPP DG 16/1 164g RITUAL,90698476,RITUAL,0.16 kg,ko,3.98,24.27,,3.98,3.98,3850334036278,HRANA
LIKER ZWACK UNICUM RISERVA 0.7L,90704538,ZWACK,0.70 l,ko,59.05,84.36,,59.05,59.05,5995099520841,PIĆE
NAPITAK ZOB 1L VIVICOSI,90705109,VIVICOSI,1.00 l,ko,1.99,1.99,,1.99,1.99,8032625480426,HRANA
DET ARIEL COLOR 1L=20PR,90705882,ARIEL,1.00 l,ko,7,7,,7,7,8006540869727,SREDSTVA ZA ČIŠĆENJE
BADEM BLANŠIRANI NATURA 75g,90706822,EUROCOMPANY,0.08 kg,ko,1.69,22.53,,1.69,1.69,3872084012388,HRANA
BANJALUČKI ĆEVAP E 500g PPK,90707581,PPK,0.50 kg,ko,4.49,8.98,,3.14,4.49,3858890803860,HRANA
KAŠICA HIPP BIO VK JAB/BOROV 160g,90707892,HIPP,0.16 kg,ko,1.75,10.94,,1.75,1.75,4062300441484,HRANA
TEK SAPUN AFRODITA ARGAN 300ml,90402826,AFRODITA,0.30 l,ko,3.29,10.97,,3.29,3.29,3831070651642,KOZMETIKA
PAHULJICE ČOKO-KARAM BG 225G LINO,90405182,LINO,0.23 kg,ko,3.99,17.73,,3.99,3.99,3856020229573,HRANA
KOCKA POVRTNA 120g MAGGI,90405896,MAGGI,0.12 kg,ko,2.09,17.42,,2.09,2.09,8585002438645,HRANA
PAPRIKA SLATKA ZAČINSKA 45g KOTANYI,90405953,KOTANYI,0.05 kg,ko,0.99,22,,0.86,0.99,9001414119242,HRANA
JUHA OD RAJČICE 80g ALEVA ,90424684,ALEVA,0.08 kg,ko,1.35,16.88,,1.35,1.35,8600947030362,HRANA
PAŠTETA KOKOŠJA ČAJNA  100 g,90427962,GAVRILOVIĆ,0.10 kg,ko,1.19,11.9,,1.19,1.19,3858890207705,HRANA
PAŠTETA KOKOŠJA CLASSIC  100 g,90427967,GAVRILOVIĆ,0.10 kg,ko,1.25,12.5,,1.25,1.25,3858890207682,HRANA
FLIPS BOBI TOBY KETCHUP 40g,90453643,BOBI,0.04 kg,ko,0.6,15,,0.6,0.6,3858891591049,HRANA
GEL TUŠ NIVEA CREME ROSE 500ml,90478522,NIVEA,0.50 l,ko,6.29,12.58,,6.29,6.29,9005800263601,KOZMETIKA
JUHA PILEĆA KREM 54g MAGGI,90483145,MAGGI,0.05 kg,ko,1.09,20.19,,1.09,1.09,7613287259622,HRANA
GIN DUBROVNIK REPUBLIC 0.5L,90483638,DUBROVNIK REPUBLIC,0.50 l,ko,45,90,,45,45,0783591081800,PIĆE
UMAK CHERRY RAJČICA I BOSI 350g SACLA,90484173,SACLA,0.35 kg,ko,3.99,11.4,,3.99,3.99,8001060008397,HRANA
FUET ORIGINAL 170g ELPOZO,90486167,ELPOZO,0.17 kg,ko,3.99,23.47,,3.99,3.99,8410843079613,HRANA
SIR MEKI BRIE PLAVI 125g ILE DE FRANCE,90487115,ILE DE FRANCE,0.13 kg,ko,4.38,35.04,,4.38,4.38,3161712996153,HRANA
SUHO GROŽĐE 200g SWEET CHEF,90513456,SWEET CHEF,0.20 kg,ko,0.89,4.45,,0.79,0.79,3838900987766,HRANA
SMAC EXPRESS KAMENAC 650ml,90553537,SMAC,0.65 l,ko,4.44,6.83,,4.44,4.44,8003650026767,SREDSTVA ZA ČIŠĆENJE
PJENUŠAC LA BELLE PERLA BELJE 0.75L,90568580,BELJE,0.75 l,ko,5.99,7.99,,5.99,5.99,3850257022112,PIĆE
MORTADELA K PLUS S MASL NAR 150g,90570288,K PLUS,0.15 kg,ko,,10.6,1.59,1.99,1.99,3850334413437,HRANA
PILEĆI BATAK-ZABATAK cca 1000g,90571194,PERUTNINA PT,1.00 kg,kg,4.79,4.79,,4.79,4.79,3850220116688,HRANA
SET AFR MEN ENERGY GEL250+AS120,90571265,AFRODITA,1.00 ko,ko,7.79,7.79,,7.79,7.79,3831070658221,KOZMETIKA
VODA MINERALNA JANA KIDS SČ 0.33L,90571815,JANA,0.33 l,ko,0.75,2.27,,0.75,0.75,3858890876970,PIĆE
ZP BIOREPAIR FAST SENSITIVE 75ml,90572452,BIOREPAIR,0.08 l,ko,4.35,58,,4.35,4.35,8017331068441,KOZMETIKA
ROLL ON GARNIER MIN HYAL CARE 50ml,90598195,GARNIER,0.05 l,ko,,73.8,3.69,4.59,4.99,3600542399326,KOZMETIKA
SLAD GELATISSIMO TRIPLE CHOCO 900ml,90599254,GELATISSIMO,0.90 l,ko,3.99,4.43,,3.99,3.99,3850334009586,HRANA
ČAJ KAMILICA 22g TEEKANNE,90623520,TEEKANNE,0.02 kg,ko,1.59,72.27,,1.59,1.59,5901086400119,HRANA
ROŠTILJ KOBASICA S TOPLJ SIR 300g RAW-ŠTILJ,90623815,RAW ŠTILJ,0.30 kg,ko,3.39,11.3,,2.49,3.39,3850334017925,HRANA
CARSKA MJEŠAVINA 400g LEDO,90668464,LEDO,0.40 kg,ko,2.29,5.73,,1.85,2.29,3850116053318,HRANA
BROKULA 400g LEDO,90668485,LEDO,0.40 kg,ko,2.49,6.23,,2.49,2.49,3850116053103,HRANA
ŠUNKA U OVITKU SLJEME 350g,90668733,PIK,0.35 kg,ko,3.07,8.77,,3.07,3.07,3850139522754,HRANA
BOMBONI HARIBO PICO BALLA 85g,90669718,HARIBO,0.09 kg,ko,1.59,18.71,,1.19,1.59,8426617119928,HRANA
TAB FINISH ALL IN ONE REG 86 TAB,90673725,FINISH ADW,86.06 ko,ko,10.99,0.13,,10.99,10.99,5949152131253,SREDSTVA ZA ČIŠĆENJE
SAPUN LUMPI BOROVNICA 500ML,90674656,LUMPI,0.50 l,ko,1.89,3.78,,1.89,1.89,3838900823965,KOZMETIKA
STAKLO VIOLETA FLORAL 750 ML,90675543,VIOLETA,0.75 l,ko,2.19,2.92,,2.19,2.19,3870128033405,SREDSTVA ZA ČIŠĆENJE
PAPRIKA SLATKO-LJUTA PEPA  400/140g,90698540,PEPPADEW,0.14 kg,ko,3.59,25.64,,3.59,3.59,6007788005450,HRANA
LOSION TIJ BIOBAZA SILKY COMF 250ml,90704033,BIOBAZA,0.25 l,ko,,11.96,2.99,3.99,3.99,3856020905675,KOZMETIKA
NEG PIĆE CAPPY PINK LEMONADE 0.4L,90706211,CAPPY,0.40 l,ko,1.19,2.98,,1.19,1.19,5449000056245,PIĆE
TIJESTO PENNE 500g BRAGAGNOLO,90706279,BRAGAGNOLO,0.50 kg,ko,1.99,3.98,,1.99,1.99,8004350003843,HRANA
KAŠA ZOB CHIA/KOKOS/JAG 65gROW SPIRIT,90707909,ROW SPIRIT,0.07 kg,ko,1.19,18.31,,1.19,1.19,3859894094155,HRANA
ČIPS LAY'S OVEN BAKED GRIL VEGE 110g,90720107,PEPSICO,0.11 kg,ko,2.59,23.55,,2.59,2.59,5900259127679,HRANA
KOBASICA SRIJEMSKA 300g GAVRILOVIĆ,90725252,GAVRILOVIĆ,0.30 kg,ko,6.39,21.3,,5.99,6.39,3858892725689,HRANA
SALAMA ZIMSKA 300g GAVRILOVIĆ,90725256,GAVRILOVIĆ,0.30 kg,ko,9.29,30.97,,7.99,9.29,3858892725719,HRANA
VODKA ST.NICOLAUS 0.7L,90730935,ST NICOLAUS,0.75 l,ko,8.99,11.99,,8.99,8.99,8586000131880,PIĆE
SALATA LOVAČKA 350g TOMAŠEC,90731468,OPG TOMAŠEC,0.35 kg,ko,5.39,15.4,,5.39,5.39,3850334073914,HRANA
PILEĆI STRIPES OD FILE PRSIJU 350g PP,90732054,MEĐIMURSKO PILE,0.35 kg,ko,4.49,12.83,,4.99,4.99,3850220408424,HRANA
PAŠTETA KOKOŠJA GOLD 95g PODRAVKA,90732394,PODRAVKA,0.10 kg,ko,1.29,13.58,,0.89,1.29,3856020263720,HRANA
DET PERSIL UNIVERSAL 32TAB,90744968,PERSIL,32.00 ko,ko,10.49,0.33,,10.49,10.49,9000101800135,SREDSTVA ZA ČIŠĆENJE
PASTA ZA KOSU TAFT TEXTURE 100 ml,90749855,TAFT,0.10 l,ko,,47.9,4.79,4.79,5.99,9000101723762,KOZMETIKA
BLAZINICE DJ SEPTONA 90/1,90765158,SEPTONA,90.01 ko,ko,3.59,0.04,,3.59,3.59,5201410908220,TOALETNE POTREPŠTINE
VINO CHARDONNAY FRANKOVIĆ 0.75 L,90784877,FRANKOVIĆ,0.75 l,ko,14.29,19.05,,14.29,14.29,3857500010346,PIĆE
VINO MALVAZIJA FRANKOVIĆ 0.75 L,90784878,FRANKOVIĆ,0.75 l,ko,13.19,17.59,,13.19,13.19,3857500010308,PIĆE
DN UL VIOLETA AIR FIT KANTARION 20/1,90795544,VIOLETA,20.00 ko,ko,,0.06,1.19,1.19,1.59,3870128007024,TOALETNE POTREPŠTINE
BOJA COLOR NAT 4.5 MAHOGANY,90800421,GARNIER COL NATURALS,1.00 ko,ko,,3.69,3.69,4.99,4.99,3600542617246,KOZMETIKA
PIRE VOĆNI JAB MANG MARAK 200 g BB,90875499,BOOM BOX,0.20 kg,ko,1.99,9.95,,1.49,1.99,3856027801987,HRANA
CIDER SOMERSBY MAL LIM 0.33 L NB,90884975,SOMERSBY,0.33 l,ko,1.65,5,,1.65,1.65,3858887585632,PIĆE
ŠAMPON SYOSS SUHI VOL 200 ml,90885512,SYOSS,0.20 l,ko,6.49,32.45,,6.49,6.49,9000100695848,KOZMETIKA
ULJE OGX ARGAN 100 ml,90885646,OGX,0.10 l,ko,,66.9,6.69,8.45,8.45,3574661563336,KOZMETIKA
BRIJAČ VENUS SIMPLY3+ H+4/1,90885675,VENUS,5.00 ko,ko,,0.7,3.49,5.05,5.05,8700216878333,KOZMETIKA
REG OGX BRAZ KER 385 ml,90885692,OGX,0.39 l,ko,,17.38,6.69,8.45,8.45,0022796976024,KOZMETIKA
ROLL ON MELEM SPACEMAN 50 ml,90886071,MELEM,0.05 l,ko,3.99,79.8,,3.19,3.99,3856007912412,KOZMETIKA
SLAD PISTACCHIO BIS 4X50 g,90886260,SAMMONTANA,1.00 ko,ko,5.99,5.99,,5.99,5.99,8005840021095,HRANA
MIN VODA MIVELA BLAGO GAZ 1.5 L PET,90886985,MIVELA,1.50 l,ko,1.99,1.33,,1.99,1.99,8600599002960,PIĆE
MLIJEKO AMB SOLAIRE BRO SPF30 150 ml,90887187,GARNIER AMBRE SOLAIR,0.15 l,ko,,79.87,11.98,15.99,15.99,3600542602082,KOZMETIKA
MARM BIOBAZA ORAH 140 ml,90887245,BIOBAZA,0.14 l,ko,,74.86,10.48,13.99,13.99,3856020909819,KOZMETIKA
DESERT CORNY BIG ZERO ČOKOLADA 40 g,90887294,SCHWARTAU,0.04 kg,ko,1.19,29.75,,1.19,1.19,4011800001551,HRANA
DESERT KIT KAT HAZELNUT 41.50 g NEST,90887410,KIT KAT,0.04 kg,ko,1.35,32.53,,0.99,1.35,8445291308725,HRANA
GAVELINO ODR OD PILEĆEG FILEA 400 g,90890587,CEKIN,0.40 kg,ko,6.49,16.23,,5.15,6.49,3850159112874,HRANA
SALATA PUTER KOMAD,01403009,,0.20 kg,ko,1.09,5.45,,0.99,0.99,3850334240033,HRANA
KOMPOT VIŠNJA BK 340g PODRAVKA,01471987,PODRAVKA,0.34 kg,ko,3.19,9.38,,3.19,3.19,3850104223518,HRANA
AJVAR K PLUS BLAGI 350g,01480416,K PLUS,0.35 kg,ko,1.89,5.4,,1.89,1.89,3850334117540,HRANA
HREN 345g STAKLO PODRAVKA,01492033,PODRAVKA,0.35 kg,ko,2.69,7.8,,2.69,2.69,3850104209451,HRANA
KOST VK ZA PSE PRIRODNA KOŽA,01642081,VITAKRAFT,0.13 kg,ko,2.95,23.6,,2.95,2.95,4008239582713,PROIZVODI ZA KUĆANSTVO
SIR TVRDI OVČJI PAŠKI VAC PAŠKA SIRANA,02055395,PAŠKA SIRANA,1.00 kg,kg,49.99,49.99,,49.99,49.99,3859889426145,HRANA
ŠKARPUNADA I SVJ FIORITAL,02191907,FIORITAL,1.00 kg,kg,10.99,10.99,,6.59,10.99,,HRANA
HLAP MEDITERANSKI SVJ FIORITAL,02195350,,1.00 kg,kg,69.99,69.99,,41.97,69.99,,HRANA
ORADA LLL SVJ CROMARIS,02197672,CROMARIS,1.00 kg,kg,14.39,14.39,,8.63,14.39,3859891926688,HRANA
MUZGAVAC CRNI SVJ CENTAURUS,02197765,,1.00 kg,kg,3.89,3.89,,2.33,3.89,,HRANA
SALPA I SVJ MEDUZA,02198764,MEDUZA,1.00 kg,kg,6.99,6.99,,4.19,6.99,,HRANA
UMAK BECHAMEL 200g DUKAT,02331188,BRZO&FINO,0.20 kg,ko,2.09,10.45,,2.09,2.09,3850354017455,HRANA
ŠTRUKLI SA SVJ SIR/BUĆ SL 600g SMRZ,02373895,LATICA,0.60 kg,ko,4.91,8.18,,4.91,4.91,3850261359792,HRANA
JUN BUT BK I KAT ,02412081,PIK VRBOVEC,1.00 kg,kg,12.59,12.59,,11.59,12.59,3850139281491,HRANA
JUN JEZIK ,02480022,PIK VRBOVEC,1.00 kg,kg,7.09,7.09,,7.09,7.09,3850139443554,HRANA
JAJA SVJEŽA K PLUS M 10/1,02510689,K PLUS,10.00 ko,ko,2.45,0.25,,1.79,2.39,3850334262387,HRANA
VINO SANGRIA DI LUNA 1L ČOKA,03017802,VIN ČOKA,1.00 l,ko,4.49,4.49,,4.49,4.49,8600102938144,PIĆE
VINO TGA ZA JUG 0.75L KV,03020172,TIKVEŠ,0.75 l,ko,5.29,7.05,,5.29,5.29,5310008007129,PIĆE
VINO ZLATAN PLAVAC BARR 0.75L VRH,03020227,ZLATAN OTOK,0.75 l,ko,19.55,26.07,,19.55,19.55,3859888437074,PIĆE
VINO CHARDONNAY RESERVA 0.75L MONTES,03021577,MONTES,0.75 l,ko,9.25,12.33,,9.25,9.25,7804303271159,PIĆE
VODKA GREY GOOSE 0.7L 40% ,03080380,GREY GOOSE,0.70 l,ko,58.05,82.93,,58.05,58.05,5010677850100,PIĆE
OCAT JABUČNI 1L ZVIJEZDA,03120033,ZVIJEZDA,1.00 l,ko,,1.43,1.43,1.79,1.79,3858882210911,HRANA
SOK 100% JABUKA CAPPY 0.33L,03141292,CAPPY,0.33 l,ko,1.19,3.61,,1.19,1.19,50112234,PIĆE
SOK 100% JABUKA HAPPY DAY  1L,03141924,HAPPY DAY,1.00 l,ko,2.29,2.29,,2.19,2.19,90087011,PIĆE
TIJESTO REZAN USK MRK JAJ 400g MAROD,04050899,MARODI,0.40 kg,ko,2.69,6.73,,2.69,2.69,3859888666214,HRANA
TIJESTO KRPICE MALE JAJ 400g MARODI,04057534,MARODI,0.40 kg,ko,2.59,6.48,,1.79,2.59,3859888666030,HRANA
KIKIRIKI VREĆ 500g FRANCK,04070147,CHIO,0.50 kg,ko,4.85,9.7,,4.85,4.85,3856021302237,HRANA
KAVA LAVAZZA GRAN AROMA BAR 1kg,04070282,LAVAZZA,1.00 kg,ko,41.99,41.99,,41.99,41.99,8000070024816,HRANA
KAVA JUBIL VAC 2X250g FRANCK,04070332,JUBILARNA,0.50 kg,ko,10.19,20.38,,10.19,10.19,3858881080072,HRANA
CAPP ANAMARIA ČOK 200g VR,04072023,ANAMARIA,0.20 kg,ko,2.49,12.45,,2.19,2.49,3858881770676,HRANA
ČAJ ŠUMSKO VOĆE AO 50g PODRAVKA,04090268,PODRAVKA,0.05 kg,ko,2.06,41.2,,2.06,2.06,3850104425110,HRANA
ČAJ SIR WINSTON GREEN TEA 35g,04093591,SIR WINSTON,0.04 kg,ko,2.39,68.29,,2.39,2.39,5901086052226,HRANA
BOSILJAK MRVLJENI 9g VREĆ  KOTANYI,04100130,KOTANYI,0.01 kg,ko,0.99,110,,0.99,0.99,9001414018002,HRANA
RUŽMARIN CIJELI 24g VREĆ KOTANY,04100171,KOTANYI,0.02 kg,ko,0.99,41.25,,0.99,0.99,9001414018088,HRANA
KURKUMA 50g BOČ KOTANY,04100643,KOTANYI,0.05 kg,ko,3.19,63.8,,3.19,3.19,9001414040171,HRANA
ŠUNKA U OVITKU SLJEME PIK VRBOVEC,02036480,SLJEME,1.00 kg,kg,8.79,8.79,,7.49,7.39,3850139230178,HRANA
ŠUNKA U OVITKU PODRAVKA,02039152,PODRAVKA,1.00 kg,kg,7.79,7.79,,7,7.79,3850104038518,HRANA
EXTRA PILEĆA KOBASICA 500g PERUTNINA,02048403,PERUTNINA PT,0.50 kg,ko,1.99,3.98,,1.99,1.99,3850220150583,HRANA
MLIJ NAM DUKATELA ORIGINAL 70 G,02100610,DUKATELA,0.07 kg,ko,0.79,11.29,,0.79,0.79,3850354015055,HRANA
TUNJ SALATA KUKUR 2X160g BOWL RIO MA,02198510,RIO MARE,0.32 kg,ko,8.99,28.09,,4.29,8.99,8004030352513,HRANA
PRIPRAVAK ZA ŠLAG HALTA 1000ml,02324116,HALTA,1.00 l,ko,3.71,3.71,,3.71,3.71,8004172000310,HRANA
JOGURT SENSIA VAN/ŽITAR 190g,02334661,SENSIA,0.19 kg,ko,1.69,8.89,,1.69,1.69,3850354006152,HRANA
MLIJEKO TRAJNO KOZJE 2.8% 1L S ČEPOM,02340206,Z BREGOV,1.00 l,ko,2.39,2.39,,2.39,2.39,3850108026108,HRANA
SLAD QUATTRO HAPPINESS 1650ml,02351152,QUATTRO,1.65 l,ko,7.49,4.54,,4.99,7.49,3850116036083,HRANA
SIRNI NAMAZ NATURA 150g ZDENKA,02398989,ZDENKA,0.15 kg,ko,2.29,15.27,,2.29,2.29,3858888596941,HRANA
SVINJETINA GULAŠ KOCKE M PAK PIK,02402203,PIK VRBOVEC,1.00 kg,kg,6.59,6.59,,4.61,6.59,3850139000979,HRANA
TEL LOPATICA BK ,02410039,PIK VRBOVEC,1.00 kg,kg,15.49,15.49,,15.49,15.49,3850139403480,HRANA
RUM CAPTAIN MORGAN SP GOLD 0.7L 35%,03080042,CAPTAIN MORG,0.70 l,ko,19.89,28.41,,19.89,19.89,5000299223017,PIĆE
NEGAZ PIĆE JUICY FRUITS NAR NEK 1.5L,03145074,JUICY FRUITS,1.50 l,ko,1.69,1.13,,1.39,1.69,3858890975123,PIĆE
MIN VODA RADENSKA 1.5L GAZ PET,03180101,RADENSKA,1.50 l,ko,,0.57,0.85,0.85,0.99,3830000620864,PIĆE
BRAŠNO T-1100 1kg PODRAVKA,04030073,PODRAVKA,1.00 kg,ko,1.29,1.29,,1.29,1.29,3850104063183,HRANA
TIJESTO LJILJANI 500g KLARA M,04050517,KLARA M,0.50 kg,ko,3.59,7.18,,2.51,3.59,3859888499102,HRANA
RIŽA BASMATI 500g SCOTTI,04060052,RISO SCOTTI,0.50 kg,ko,4.99,9.98,,4.99,4.99,8001860260315,HRANA
KAVA LEDENA NES XPRESS WHITE 250ml,04071194,NESCAFE,0.25 l,ko,2.05,8.2,,1.79,2.05,8445290618498,HRANA
KAVA ILLY U ZRNU 250g ,04073974,ILLY,0.25 kg,ko,9.99,39.96,,9.99,9.99,8003753900520,HRANA
CIMET MLJEVENI 10g ŠAFRAM,04100689,ŠAFRAM,0.01 kg,ko,0.4,40,,0.4,0.4,3859888163300,HRANA
MUŠKATNI ORAŠČIĆ CIJ 13g KOTANY,04100694,KOTANYI,0.01 kg,ko,2.25,173.08,,2.05,2.25,9001414015384,HRANA
ŠLAG PJENA MLIJEKO 36g PODRAVKA,04183279,DOLCELA,0.04 kg,ko,1.1,30.56,,0.85,0.85,3850104216763,HRANA
ČOKOLADA S RIŽOM  200G KANDIT,04210456,RIKI,0.20 kg,ko,3.79,18.95,,3.79,3.79,3858881040458,HRANA
KEKS DIGESTIVE TAMNA ČOK 200g DUPIN,04280051,MCVITIE'S,0.20 kg,ko,2.65,13.25,,2.65,2.65,5000396033335,HRANA
AROMA MALINA 15ML AROMAR,04360047,AROMAR,0.02 l,ko,1.59,106,,1.59,1.59,3859888333048,HRANA
SUPER MOČO VILEDA RESE  4352,05354997,VILEDA,1.00 ko,ko,9.29,9.29,,9.29,9.29,4023103072213,PROIZVODI ZA KUĆANSTVO
SAPUN TEK PALM NOURISH 300ml 2906,06510034,PALMOLIVE,0.30 l,ko,,7.3,2.19,3.19,3.19,8003520012906,KOZMETIKA
GEL TUŠ PALM BLACK ORCHID 250ml,06521571,PALMOLIVE,0.25 l,ko,2.99,11.96,,1.49,2.99,8714789732947,KOZMETIKA
KREMA NIVEA SOFT 100ML 0590,06590201,NIVEA,0.10 l,ko,,45.9,4.59,4.69,6.29,4005808760435,KOZMETIKA
AJAX CRYSTAL TRIGGER 750ml,08030504,AJAX,0.75 l,ko,2.59,3.45,,2.59,2.59,8718951048522,SREDSTVA ZA ČIŠĆENJE
WC NET MOUNT FRESH 750ML 6707,08035337,WC NET,0.75 l,ko,3.45,4.6,,1.59,3.45,8004050036707,SREDSTVA ZA ČIŠĆENJE
MR MUSCOLO ZA KUP 500ML 0390,08035415,MR MUSCOLO,0.50 l,ko,4.09,8.18,,4.09,4.09,5000204141702,SREDSTVA ZA ČIŠĆENJE
MARAM SKUP BOJE DR BECKMANN 24KOM,08140722,BECKMANN,24.00 ko,ko,4.49,0.19,,3.14,4.49,4008455500614,SREDSTVA ZA ČIŠĆENJE
SAPUN PALM OS ALOE&OLIVE 90g,90031239,PALMOLIVE,0.09 kg,ko,1.39,15.44,,1.39,1.39,8693495033985,KOZMETIKA
ŠUNKA NAREZAK 150g GAVRILOVIĆ,90051568,GAVRILOVIĆ,0.15 kg,ko,2.49,16.58,,2.49,2.49,3858881227927,HRANA
KRUH KUK MIJ CIJELI PAK 500g MLINAR,90056495,MLINAR,0.50 kg,ko,,4.18,2.09,2.39,2.39,3858881122086,HRANA
BOJA ZA KOLAČ CRVENA 10g DR.OETKER,90060231,DR OETKER,0.01 kg,ko,1.59,159,,1.59,1.59,5907707059520,HRANA
MUFFINS LAVA 350g DOLCELA,90064162,DOLCELA,0.35 kg,ko,3.59,10.26,,2.99,3.59,3850104264108,HRANA
ČOKOL KANDI TUTTI FRUTTI 80g,90069870,KANDIT,0.08 kg,ko,1.85,23.13,,1.85,1.85,3858881046610,HRANA
KREMA NIVEA Q10 ENERGY 50ml,90082492,NIVEA,0.05 l,ko,,254.4,12.72,18.19,18.19,9005800227320,KOZMETIKA
VINO OD KUPINE INCANTO 0.75L,90145279,INCANTO,0.75 l,ko,14.95,19.93,,14.95,14.95,3858891170282,PIĆE
SIR K PLUS GAUDA 300 g,90148329,K PLUS,0.30 kg,ko,3.29,10.97,,2.79,2.79,3850334406293,HRANA
TJESTENINA WOK NOODLES 250G YOUWOK,90156737,YOUWOK,0.25 kg,ko,2.65,10.6,,2.65,2.65,8717228380334,HRANA
LJUTENICA BAKINA TAJNA 300G,90158047,BAKINA TAJNA,0.30 kg,ko,5.49,18.3,,5.49,5.49,8606011035349,HRANA
TP FLORA SOFT 3SL 16/1 KAM,90899957,FLORA,16.00 ko,ko,1.99,0.12,,1.99,1.99,3858892751374,TOALETNE POTREPŠTINE
PANCETA CCA 350g VAC PIK VRBOVEC,02012716,PIK,1.00 kg,kg,21.99,21.99,,21.99,21.99,3850139030266,HRANA
TIROLSKA KOB PIK VRBOVEC,02032322,PIK VRBOVEC,1.00 kg,kg,,7.49,7.49,7.49,9.99,3850139170054,HRANA
PARIZER PIKO S POVR 400g PIK VRBOVEC,02044263,PIKO,0.40 kg,ko,3.99,9.98,,3.19,3.99,3850139191141,HRANA
PIKO PARIZER PIK VRBOVEC,02044282,PIKO,1.00 kg,kg,8.99,8.99,,6.99,8.99,3850139190632,HRANA
PAGAR 800/1000 SVJ FIORITAL,02195390,,1.00 kg,kg,24.99,24.99,,14.98,24.99,93856024301131,HRANA
VINO FRANKOVKA DIKA 0.75L,03020060,DIKA,0.75 l,ko,6.35,8.47,,6.35,6.35,3859888852037,PIĆE
PIVO OŽUJSKO 0.5L LIM ZAG PIV,03130006,OŽUJSKO,0.50 l,ko,,2.58,1.29,1.29,1.49,3850131400609,PIĆE
BOMBON GUM TROPIC 80 g SOUR PATCH,90835027,SOUR PATCH,0.18 kg,ko,1.09,6.06,,0.79,1.09,7622202207310,HRANA
ČOKOLADA PRAH 100 g KRAŠ,90839939,KRAŠ,0.10 kg,ko,2.89,28.9,,2.31,2.89,3850102006670,HRANA
BADEL DOMAĆI 0.1 L,90850927,BADEL 1862,0.10 l,ko,1.69,16.9,,1.69,1.69,3850112145147,PIĆE
ČAJ BRUSNICA KUT 20/1 52 g FRANCK,90851191,FRANCK,0.05 kg,ko,2.49,47.88,,2.49,2.49,3850291055428,HRANA
ČAJ PLANINSKI KUT 20/1 35 g FRANCK,90851194,FRANCK,0.04 kg,ko,2.49,71.14,,2.49,2.49,3850291055527,HRANA
USKRSNI KOLAČ COLOMBA CHOCOL 750 g,90869996,PALUANI,0.75 kg,ko,4,5.33,,4,5,8002540003635,HRANA
STALAK PALOMA USKRS 2025,90885077,PALOMA,1.00 ko,ko,467.16,467.16,,467.16,467.16,3838952036269,PROIZVODI ZA KUĆANSTVO
NEG PIĆE FRUCTAL FIRST LIME MAN 0.5L,90889980,FRUCTAL,0.50 l,ko,1.39,2.78,,1.39,1.39,3838945043427,PIĆE
SV SLAB I LEĐA SK CCA 600G K PLUS,90890216,K PLUS,1.00 kg,kg,6.19,6.19,,4.33,6.19,3850139286311,HRANA
DESERT MLIJEČNI VINDINO 4X125 g VIND,90890484,VINDINO,0.50 kg,ko,2.99,5.98,,2.99,2.99,3850108040425,HRANA
NAPITAK KOK RIŽA BIO ACTIVE ZONE 1 l,90895345,ACTIVE ZONE,1.00 l,ko,1.69,1.69,,1.69,1.69,3850334433039,HRANA
REPA KISELA REZANA 500g,01400968,KORA,0.50 kg,ko,2.09,4.18,,2.09,2.09,3850334296917,HRANA
PRSA PIL DIMLJ MAXI DIMCEK VINDIJA,02019100,CEKIN,1.00 kg,kg,10.99,10.99,,10.99,10.99,3850159120350,HRANA
PIVO STAROPRAMEN 0.5L PB,03130491,STAROPRAMEN,0.50 l,ko,1.29,2.58,,1.29,1.29,3850131001790,PIĆE
DVOPEK GRANETTI INTEGRAL 280g AWT,04016471,MULINO BIANCO,0.28 kg,ko,2.79,9.96,,2.79,2.79,8076809527033,HRANA
VAFL NAPOLITANKA 840g KRAŠ,04151586,KRAŠ,0.84 kg,ko,4.99,5.94,,3.95,4.99,3850102326150,HRANA
SODA BIKARBONA 40g KUT FRANCK,04181242,FRANCK,0.04 kg,ko,0.89,22.25,,0.89,0.89,3858881081048,HRANA
BOMBON DEKSTROZA NARANČA 39g NATUREL,04280394,NATUREL,0.04 kg,ko,0.75,19.23,,0.75,0.75,5999038501847,HRANA
KREMA DOVE 150ml MAXI,06590549,DOVE,0.15 l,ko,4.49,29.93,,4.49,4.49,8717163476789,KOZMETIKA
HIG UL ALWAYS ULT NOĆNI DUO 14/1,06600063,ALWAYS P&G,14.00 ko,ko,3.45,0.25,,2.29,2.29,4015400032328,TOALETNE POTREPŠTINE
ODČEP ODVODA SANITAR TORP 1L,08030438,SANITAR,1.00 l,ko,4.05,4.05,,2.89,3.59,3850111501128,SREDSTVA ZA ČIŠĆENJE
SOM SVJ PP ORAHOVICA,90032337,PP ORAHOVICA,1.00 kg,kg,8.39,8.39,,5.03,8.39,3858889830266,HRANA
BOJA COL SENSAT 6.0,90032863,GARNIER COL SENSATION,1.00 ko,ko,,3.99,3.99,4.99,5.29,3600541136045,KOZMETIKA
KAPARI U OCTU NONA 160g,90038371,NONA,0.09 kg,ko,4.59,51,,4.59,4.59,3859892174644,HRANA
PILING NEUTROG GREJP PINK 150ML,90039048,NEUTROGENA,0.15 l,ko,6,40,,6,6,3574661498430,KOZMETIKA
CVJETAČA KOM,90043126,,0.63 kg,ko,1.99,3.18,,1.99,1.99,3850334311863,HRANA
ŠUNKA NAREZAK LIM 150g PODRAVKA,90052800,PODRAVKA,0.15 kg,ko,1.99,13.25,,1.99,1.99,3858886467731,HRANA
UKRASNI CVJETIĆI 3g DR.OETKER,90060246,DR OETKER,0.00 kg,ko,2.69,896.67,,2.69,2.69,5907707054839,HRANA
MARAMICE VL K PLUS DAX PARK&LAM 15/1,90064089,DAX,15.00 ko,ko,1.99,0.13,,1.25,1.99,3850334520104,SREDSTVA ZA ČIŠĆENJE
ZP ELMEX SENSITIVE 75ML,90075275,ELMEX,0.08 l,ko,,47.87,3.59,3.59,4.79,8718951470613,KOZMETIKA
CIKLA KUHANA 500 grama,90077035,,0.50 kg,ko,1.59,3.18,,1.59,1.59,8413567021050,HRANA
JOGURT NARANČA CIMET 150g DUKATOS,90092409,DUKATOS,0.15 kg,ko,0.99,6.6,,0.89,0.99,3850354010883,HRANA
GLJIVA MIX 300 grama,90093473,KORA,0.30 kg,ko,2.29,7.63,,2.29,2.29,3850334393142,HRANA
ŠTRUDLA VIŠNJA-SIR 240g,90123645,,0.24 kg,ko,3.29,13.72,,3.29,3.29,3859891673117,HRANA
SAPUN TEK DAISY ALOE VERA 1L,90140399,DAISY,1.00 l,ko,1.15,1.15,,0.99,1.15,3850334406231,KOZMETIKA
SIPA 500/1000 OČIŠĆENA,90157520,,1.00 kg,kg,10.79,10.79,,6.47,10.79,,HRANA
GEL ZA TUŠ PALM KIDS 750ML,90167402,PALMOLIVE,0.75 ko,ko,,6.25,4.69,6.49,6.49,8693495042857,KOZMETIKA
BISKVIT JAFFA CHOCO  155G,90181045,JAFFA,0.16 kg,ko,1.29,8.32,,1.03,1.29,8600114005360,HRANA
KREKER INTEGRALNI 385g MISURA,90182817,MISURA,0.39 kg,ko,3.58,9.3,,3.58,3.58,8002590042745,HRANA
KRUMPIR ZA KUHANJE 2.5 kg,90201914,KORA,2.50 kg,ko,2.79,1.12,,1.99,2.79,3850334151476,HRANA
KVASAC SUHI 125G DIGO,90204700,DIGO,0.13 kg,ko,2.09,16.72,,2.09,2.09,3859889940849,HRANA
ROLL ON NIVEA PROTECT&CARE 50ml,90213344,NIVEA,0.05 l,ko,,83.8,4.19,4.19,4.19,42289005,KOZMETIKA
CIDER SOMERSBY BOROVNICA 0.5L LIM,90214697,SOMERSBY,0.50 l,ko,1.79,3.58,,1.49,1.79,3858887584161,PIĆE
CHAMPAGNE DOM PERIGNON  GIFT BOX  0.75 L,90215456,DOM PERIGNON,0.75 l,ko,314.39,419.19,,313.05,313.05,3185370789636,PIĆE
ČOKOL MERCI BADEMI I LJEŠNJAK 100G,90229167,MERCI,0.10 kg,ko,2.79,27.9,,2.79,2.79,4014400914252,HRANA
ČOKOL MILKA CARAMEL PEANUT  276G,90251402,MILKA,0.28 kg,ko,6.79,24.6,,3.99,3.99,7622210612267,HRANA
LOPATICA SMEĆE GUMA DAX,90276265,DAX,1.00 ko,ko,1.19,1.19,,1.19,1.19,3850334599766,PROIZVODI ZA KUĆANSTVO
PECIVO GOLOSINI S ČOKOLADOM 200G RUGGERI,90278049,LA CROISSANTERIE,0.20 kg,ko,1.94,9.7,,1.94,1.94,8001618991898,HRANA
DESERT KINDER JOY 20GX3KOM,90289916,FERRERO,0.06 kg,ko,3.99,66.5,,3.99,3.99,8000500028124,HRANA
PJENUŠAC PERLA ROSE 0.75L,90297970,LAGUNA,0.75 l,ko,12.99,17.32,,12.99,12.99,3858881194373,PIĆE
FILET TUNE KONZUM,90298406,MEDUZA,1.00 kg,kg,18.19,18.19,,10.91,18.19,,HRANA
DAGNJE SVJ KONZUM,90298478,MEDUZA,1.00 kg,kg,2.49,2.49,,1.49,2.49,,HRANA
KREMA NIVEA PROT BORA 55+ DAN 50ml,90299082,NIVEA,0.05 l,ko,,143.8,7.19,10.29,10.29,9005800371313,KOZMETIKA
PRIPRAVAK ZA ŠLAG HOPLA 200ml,90303681,HOPLA,0.20 l,ko,1.13,5.65,,1.13,1.13,8000005048504,HRANA
CALIFORNIA ROLL DELUX 226G GRUPO OHA,90183993,AS SUSHI,0.23 kg,ko,7.02,31.06,,7.02,7.02,604580001756,HRANA
ZAČIN GRILL CLASSIC 30g VEGETA NATUR,90185721,VEGETA NATUR,0.03 kg,ko,1.19,39.67,,0.79,1.19,3850104277207,HRANA
MASLINE ZELENE S PAP 350g/190g PODR,90187761,PODRAVKA,0.19 kg,ko,3.69,19.42,,2.95,3.69,3850104279317,HRANA
ISTARSKI ŽLOMPRT 1/2 VP PISINIUM,90203102,PISINIUM,1.00 kg,kg,26.99,26.99,,26.99,26.99,,HRANA
VINO CRNO PLAVAC 1L PUTNIKOVIĆ,90236008,PUTNIKOVIĆ,1.00 l,ko,4.89,4.89,,4.89,4.89,3859889291071,PIĆE
ROL BAKLAVA 500G SUNDAY,90251630,,0.50 kg,ko,4.64,9.28,,4.64,4.64,5319990443984,HRANA
PIVO BEZ GL 0.33l ESTRELLA DAMM,90258815,ESTRELLA DAMM,0.33 l,ko,2.25,6.82,,1.91,2.25,8410793262936,PIĆE
SHEBA LOSOS U UMAKU VR 85g,90260756,SHEBA,0.09 kg,ko,0.99,11.64,,0.79,0.79,4770608257279,PROIZVODI ZA KUĆANSTVO
SALVETE NATUR PREMIUM BIJELE 33X33 3SL 30/1,90261030,NATUR,30.00 ko,ko,0.89,0.03,,0.89,0.89,3838900953631,PROIZVODI ZA KUĆANSTVO
ŠUNKA PUREĆA STANCIJA VAK GAVRILOVIĆ,90264181,GAVRILOVIĆ,1.00 kg,kg,13.99,13.99,,10.99,13.99,3859892502942,HRANA
BAT/ZAB/LEĐA K PLUS,90270066,K PLUS,1.00 kg,kg,2.89,2.89,,2.45,2.89,3850159118043,HRANA
KRPA POD PAMUK DAX 1/1,90289988,DAX,1.00 ko,ko,0.8,0.8,,0.56,0.8,3850334608024,PROIZVODI ZA KUĆANSTVO
PIVO KARLOVAČKO 0.0% 0.5L POV,90295806,KARLOVAČKO,0.50 l,ko,1.19,2.38,,1.19,1.19,3850103901196,PIĆE
CIPAL SVJEŽI KONZUM,90298442,,1.00 kg,kg,4.79,4.79,,2.87,4.79,,HRANA
ŠAMPON BOTANIC THERAPY RICINUS 400ml,90311683,BOTANIC THERAPY,0.40 l,ko,,8.48,3.39,4.59,4.59,3600542114400,KOZMETIKA
LOSION PIZ BUIN TAN & PROTECT SPF30 150ml,90319987,PIZ BUIN,0.15 l,ko,16.59,110.6,,16.59,16.59,3574661184272,KOZMETIKA
PIVO CRAFTER'S HOPPER SESSION IPA 0.5L,90331605,CRAFTER S,0.50 l,ko,2.35,4.7,,2.35,2.35,3859893368004,PIĆE
DESERT KINDER MAXI 21g X 2 kom,90331991,FERRERO,0.04 kg,ko,0.99,23.57,,0.99,0.99,4008400224022,HRANA
SIPA 300/500  ODMR UV MEDUZA,90356693,MEDUZA,1.00 kg,kg,11.19,11.19,,6.71,11.19,,HRANA
HARINGA FILET MEDUZA,90356700,MEDUZA,1.00 kg,kg,11.39,11.39,,6.83,11.39,,HRANA
GRDOBINA 2-4 kg MEDUZA,90356751,MEDUZA,1.00 kg,kg,11.29,11.29,,6.77,11.29,,HRANA
KOVAČ SV UV 1500-2000 MEDUZA,90356776,MEDUZA,1.00 kg,kg,27.19,27.19,,16.3,27.19,,HRANA
SLAD GELATISSIMO MINI VAN BAD 8X55ml,90360456,GELATISSIMO,0.44 l,ko,4.29,9.75,,3.29,4.29,3838900844816,HRANA
MLIJEKO OLEA DJ F30 SPRAY 200ml,90360513,OLEA,0.20 l,ko,7.99,39.95,,7.99,7.99,3850334153876,KOZMETIKA
AVOKADO 700 grama,90360580,,0.70 kg,ko,2.39,3.41,,2.29,2.29,8436008522190,HRANA
SUHO ULJE OLIVAL MRKVA 100ml,90360684,OLIVAL,0.10 l,ko,,67.8,6.78,8.49,8.49,3858892691779,KOZMETIKA
GEL TUŠ NIVEA HAWAII FLOER & OIL 500ml,90361797,NIVEA,0.50 l,ko,6.29,12.58,,6.29,6.29,9005800307510,KOZMETIKA
KAVA DOLCE GUSTO ESPRESS INT 16/1 112g,90362604,DOLCE GUSTO,0.11 kg,ko,6.49,57.95,,5.29,6.49,7613036867436,HRANA
PJENUŠAC FREIXENET ICE CUVEE  0.75L,90364130,FREIXENET,0.75 l,ko,11.99,15.99,,11.99,11.99,8410036805807,PIĆE
KRPA SPUŽVA VILEDA 8+2,90364710,VILEDA,10.00 ko,ko,8.89,0.89,,6.22,8.89,3838447000195,PROIZVODI ZA KUĆANSTVO
DEO BOROT SPR ACT CITR 150ml,90365950,BOROTALCO,0.15 l,ko,,13.27,1.99,1.99,3.99,8002410043587,KOZMETIKA
SOK 100% JABUKA 1L ČEP,90366067,VINDI,1.00 l,ko,1.99,1.99,,1.99,1.99,3850108076776,PIĆE
GEL NIVEA MEN DEFINING 150ml,90377424,NIVEA,0.15 l,ko,,30.27,4.54,6.49,6.49,9005800318325,KOZMETIKA
BOMBON KAR KIKI PUNIOZA JAGODA 90g,90377727,KIKI,0.09 kg,ko,1.29,14.33,,0.97,1.29,3850102005918,HRANA
ZAČIN ZA GRAH 84g ALEVA,90380160,ALEVA,0.08 kg,ko,1.19,14.17,,1.19,1.19,8600947042266,HRANA
OCAT BALZAMSKI 5 GR 0.25L SPECIAL MOMENTS,90382088,SPECIAL MOMENTS,0.25 l,ko,7.99,31.96,,7.99,7.99,3850334196057,HRANA
VANISH PINK LIQUID 500ML,90392031,VANISH,0.50 l,ko,4.79,9.58,,3.83,4.79,5997321747729,SREDSTVA ZA ČIŠĆENJE
KEKS BELVITA LJEŠNJAK MED 225g,90400381,BELVITA,0.23 kg,ko,2.69,11.96,,2.02,2.69,7622210899255,HRANA
PROTEIN 1ST WHEY STRAWBERRY 454g,90400585,POLLEO,0.45 kg,ko,21.99,48.44,,21.99,21.99,3858892293935,HRANA
KEKS FINESSE  ZLATNI KOLUTIĆI 400g,90400935,FINESSE,0.40 kg,ko,1.79,4.48,,1.39,1.79,3850334152732,HRANA
REZANCI S JAJIMA ZA JUHU 400g MLIN PUKANIC,90404117,MLIN PUKANIĆ,0.40 kg,ko,2.25,5.63,,2.25,2.25,3859892888305,HRANA
BUČINO ULJE HLADNO PREŠANO 0.25L. OPG CESAREC,90404578,OPG CESAREC,0.25 l,ko,13.79,55.16,,11.99,13.79,3859893456329,HRANA
COCKTAIL GORBAT RTD SEXON 0.33L,90404605,GORBATSCHOW,0.33 l,ko,2.99,9.06,,2.99,2.99,4003310017474,PIĆE
SHEBA DELIKATESSE PILETINA 85g,90405324,SHEBA,0.09 kg,ko,0.99,11.65,,0.79,0.79,4770608247409,PROIZVODI ZA KUĆANSTVO
CEDEVITA FRESH LIMETA 0.34L,90405344,CEDEVITA,0.34 l,ko,1.15,3.38,,1.05,1.15,3850322013403,PIĆE
CIMET MLJEVENI 180g (400ml) KOTANYI,90405963,KOTANYI,0.18 kg,ko,6.49,36.06,,5.59,6.49,9001414073735,HRANA
SIRUP FRUTTI LIMUN LIMETA 1L,90407071,FRUTTI,1.00 l,ko,1.55,1.55,,1.55,1.55,3850334134370,PIĆE
SLAD HAAGEN DAZS VANILIJA 460ml,90408233,HAAGEN DAZS,0.46 l,ko,7.49,16.28,,7.49,7.49,3415581101836,HRANA
JOGURT PROT SKYR BOURB VAN 200g VIND,90408493,Z BREGOV,0.20 kg,ko,1.29,6.45,,1.29,1.29,3850108032635,HRANA
REGENERATOR SYOSS KERATIN 440ml,90424952,SYOSS,0.44 l,ko,,10.2,4.49,4.49,4.49,9000101278217,KOZMETIKA
VINO MALVAZIJA KOPER 0.75l,90425170,VINA KOPER,0.75 l,ko,9.59,12.79,,9.59,9.59,3830000700122,PIĆE
DŽEM EXTRA ŠIPAK 700g DIDA BOŽO,90442801,DIDA BOŽA,0.70 kg,ko,5.71,8.16,,3.99,5.71,3859893011443,HRANA
LISTOVI ZA PITE I SAVIJ 500g LAURA,90453454,LAURA,0.50 kg,ko,2.15,4.3,,2.15,2.15,3859893592065,HRANA
ZOB PLOČ ČOK PRELJ&NARANČA 100g MB,90391688,MA BAKER,0.10 kg,ko,1.79,17.9,,1.79,1.79,5034444101738,HRANA
KIKIRIKI VREĆ 250g FRANCK,90396642,CHIO,0.25 kg,ko,2.69,10.76,,2.39,2.69,3856021302190,HRANA
ŠTAPIĆI HRUSTY KIKIRIKI 200G,90401871,HRUSTY,0.20 kg,ko,0.99,4.95,,0.99,0.99,3850334055248,HRANA
PIVO ISTARSKO MUŠKAT 0.33l NB,90403686,ISTARSKO,0.33 l,ko,1.45,4.39,,1.45,1.45,3850172202637,PIĆE
SIR I VRHNJE 450g PRESIDENT,90428367,PRESIDENT,0.45 kg,ko,3.19,7.09,,3.19,3.19,3850355006656,HRANA
HOBOTNICA JADRANSKA ODMRZ ŽUVELA,90428410,MEDUZA,1.00 kg,kg,16.79,16.79,,10.07,16.79,,HRANA
ŠPEK DOMAĆI VAKUM KUDELIĆ,90432843,KUDELIĆ,1.00 kg,kg,15.99,15.99,,15.99,15.99,,HRANA
KAVA LEDENA STARBUCKS MOCHA 250ML,90437989,STARBUCKS,0.25 l,ko,2.85,11.4,,2.85,2.85,5711953136115,HRANA
DET ČARLI KAMILICA 900ml,90468640,ČARLI,0.90 l,ko,2.69,2.99,,2.55,2.55,3850111304156,SREDSTVA ZA ČIŠĆENJE
DEO AXE DARK TEMPT XXL 250ml,90477883,AXE,0.25 l,ko,6.49,25.96,,6.49,6.49,8720181047749,KOZMETIKA
ŠAMP GENERA KOPRIVA I EUKAL.500ml,90478235,GENERA,0.50 l,ko,2.29,4.58,,2.29,2.29,8003693401101,KOZMETIKA
NAPITAK HIDRA UP 0.5l,90484570,HIDRA,0.50 l,ko,1.25,2.5,,1.25,1.25,3850131005651,PIĆE
PIZZA LEDO MARGHERITA 300g,90485045,LEDO,0.30 kg,ko,3.99,13.3,,3.99,3.99,3850116038186,HRANA
VAFL MANNER SNACK MINIS LJEŠ/MLIJ 300g,90486240,MANNER,0.30 kg,ko,3.99,13.3,,2.99,2.99,9000331607702,HRANA
KIKIRIKI HRUSTY PAPRIKA SUHO PRŽ 150g,90493301,HRUSTY,0.15 kg,ko,1.19,7.93,,1.19,1.19,3838900988046,HRANA
MUESLI GRANOLA BOOM BOX ČOKOL 300g,90493482,BOOM BOX,0.30 kg,ko,3.99,13.3,,3.99,3.99,3858890477344,HRANA
NAPITAK ZOB KOKOS EKO 1L BOOM BOX,90493636,BOOM BOX,1.00 l,ko,3.29,3.29,,2.29,3.29,3858890476958,HRANA
KAVA MUST NAPOLI NS 10/1 50g,90494636,MUST,0.05 kg,ko,3.15,63,,3.15,3.15,8056370761043,HRANA
ULJE MASLINOVO ED BUŽA 0.25L KONFIN,90498731,KONFIN,0.25 l,ko,9.95,39.8,,7.96,9.95,3859893661037,HRANA
MIJEŠANO MLJEVENO MESO 1 KG (MA),90563125,PIK VRBOVEC,1.00 kg,ko,5.04,5.04,,3.53,5.04,3850139522495,HRANA
BOJA EXCELL 7 UNIV BLOND,90598229,LOREAL EXCELLANCE,1.00 ko,ko,,7.49,7.49,9.49,9.99,3600523998203,KOZMETIKA
FILET LOSOSA SVJ TRIM A MOWI,90598280,MOWI,1.00 kg,kg,19.99,19.99,,8.39,19.99,,HRANA
JOGURT DUKATOS SELECTION VANILIJA 150g,90602722,DUKATOS,0.15 kg,ko,1.09,7.27,,0.89,1.09,3850354016984,HRANA
PIVO PAULANER HP WEISS 0.5L LIM,90602745,PAULANER,0.50 l,ko,1.79,3.58,,1.49,1.79,4004866362605,PIĆE
TORTILLA TUNA 230g MLINAR,90623162,MLINAR,0.23 kg,ko,4.69,20.4,,4.69,4.69,3858889897153,HRANA
CIPAL SVJ TOTAL FISH,90623591,TOTAL FISH,1.00 kg,kg,5.29,5.29,,3.17,5.29,,HRANA
PROTEIN PRO WHEY STRAWBERRY CREAM 908g,90623641,POLLEO,0.91 kg,ko,28.99,31.93,,28.99,28.99,3856026800905,HRANA
KITTY SM PIL/PURET 400G,90642935,KITTY,0.40 kg,ko,0.95,2.38,,0.79,0.95,3850334010872,PROIZVODI ZA KUĆANSTVO
BUDDY MP JANJETINA 1250G,90648751,BUDDY,1.25 kg,ko,1.89,1.51,,1.49,1.89,3850334018113,PROIZVODI ZA KUĆANSTVO
SALV PALOMA BOŽIĆ SOB 33x33 20/1,90668658,PALOMA,20.00 ko,ko,2.29,0.11,,2.29,2.29,3838952033848,PROIZVODI ZA KUĆANSTVO
VINO PICCINI PINOCCHIO 0.75L,90669327,PICCINI,0.75 l,ko,8.69,11.59,,8.69,8.69,8002793021196,PIĆE
PJENUŠAC DJ. ROBBY BUBBLE BRESKVA 0.75L,90669470,ROBBY BUBBLE,0.75 l,ko,3.65,4.87,,3.65,3.65,8595004610130,PIĆE
ČIPS TORTILLA CHIO CHILLI 110g,90669564,CHIO,0.11 kg,ko,1.99,18.09,,1.99,1.99,4001242106358,HRANA
SIR PIAVE ZRELI 180g,90672987,AGRIFORM,0.18 kg,ko,0.5,2.78,,0.5,1,8003518104507,HRANA
DESERT KNOPPERS PEANUT BAR 40g,90673140,KNOPPERS,0.04 kg,ko,0.85,21.25,,0.85,0.85,40144467,HRANA
KIKIRIKI HRUSTY U TIJESTU PAPRIKA 150g,90674535,HRUSTY,0.15 kg,ko,1.29,8.6,,1.29,1.29,3850334035400,HRANA
POLLEO SHAKER GAINZ BE WITH YOU 0.6L,90678294,POLLEO,0.60 l,ko,3.49,5.82,,3.49,3.49,3856026804811,HRANA
MARGARIN MARGO NOVA 225g ZVIJEZDA,90703044,MARGO,0.23 kg,ko,1.19,5.29,,1.19,1.19,3856015327284,HRANA
KRUH PRIMORSKI 500g PAK MLINAR,90703613,MLINAR,0.50 kg,ko,2.09,4.18,,2.09,2.09,3858889899973,HRANA
DET ARIEL OXI 2.75kg=50PR,90705877,ARIEL,2.75 kg,ko,15,5.45,,15,15,8006540940662,SREDSTVA ZA ČIŠĆENJE
KUS KUS PILETINA I POVRĆE CHEF 250g,90707756,EUROCHEF,0.25 kg,ko,4.99,19.96,,4.99,4.99,8013554112114,HRANA
SENDVIČ PAGNOTTO SFIZIOSO 160g,90707987,IL PAGNOTTO,0.16 kg,ko,3.79,23.69,,3.79,3.79,8056459023956,HRANA
PUDING RIŽA ČOKOLADA EKO 2X130g BRIDGE,90713273,THE BRIDGE,0.26 kg,ko,2.99,11.5,,2.99,2.99,8019428009085,HRANA
MICELARNA OTOPINA OLEA 400ml,90402866,OLEA,0.40 l,ko,2.65,6.63,,2.65,2.65,3850334129932,KOZMETIKA
SLAD LEDO M4 KONTIKI 280ml,90406704,LEDO,0.28 l,ko,3.99,14.26,,2.99,3.99,3850116066394,HRANA
PIVO BENEDIKTINER HELL 0.5l LIM,90407702,BENEDIKTINER,0.50 l,ko,1.79,3.58,,1.79,1.79,4052197002455,PIĆE
LIKER OD MALINA 0.5L GROŠEK,90408754,GROŠEK,0.50 kg,ko,10.69,21.38,,10.69,10.69,3859893708022,PIĆE
ŠAMPON FRUCT HAIR F ALOE 350ml,90410172,GARNIER FRUCTIS,0.35 l,ko,,10.83,3.79,5.49,5.49,3600542289986,KOZMETIKA
PAŠTETA TUNA 100 g,90427982,GAVRILOVIĆ,0.10 kg,ko,1.85,18.5,,1.85,1.85,3858890207620,HRANA
DET FROSCH ALOE VERA 750ml,90428349,FROSCH,0.75 l,ko,2.29,3.05,,1.6,2.29,4009175165213,SREDSTVA ZA ČIŠĆENJE
KAVA LEDENA HELL DOU ESPRESSO 250ml,90494827,HELL ENERGY,0.25 l,ko,1.45,5.8,,1.45,1.45,5999860497646,HRANA
VINO TO GO ROSE 0.187L PET,90495044,WINE TO GO,0.19 l,ko,2.39,12.78,,2.39,2.39,3859893101960,PIĆE
NEKTAR MOJ DAN MULTIVITAMIN 2L,90513363,MOJ DAN,2.00 l,ko,1.79,0.9,,1.39,1.39,3850334411914,PIĆE
DEO AXE SUNSET FRESH 150 ml,90885191,AXE,0.15 l,ko,,22.93,3.44,4.59,4.59,8720181590863,KOZMETIKA
ŠAMPON SYOSS PROTIV PRHUTI 750 ml,90885526,SYOSS,0.75 l,ko,10.99,14.65,,10.99,10.99,9000101743616,KOZMETIKA
LOSION INTIMNI MELEM 200 ml,90886091,MELEM,0.20 l,ko,4.49,22.45,,3.59,4.49,3856007912917,KOZMETIKA
GRAH CRNI 2X100/2X65 g BONDUELLE,90886144,BONDUELLE,0.13 kg,ko,1.49,11.46,,1.49,1.49,3083681068191,HRANA
OM LENOR PT GOLD ORCHID 987 ml,90886174,LENOR,0.99 l,ko,,3.54,3.49,4.79,6.39,8700216724296,SREDSTVA ZA ČIŠĆENJE
DET DASH LAVANDA 44TAB,90886352,DASH,44.01 ko,ko,25.99,0.59,,25.99,25.99,8700216792509,SREDSTVA ZA ČIŠĆENJE
 KROKETI ZA PEĆNICU 750 g LEDO,90886704,LEDO,0.75 kg,ko,4.49,5.99,,4.49,4.49,3850116067711,HRANA
POVRTNA BAZA ZA JUHU 500 grama,90886969,KORA,0.50 kg,ko,1.29,2.58,,1.29,1.29,3856028689980,HRANA
TUNA SALATA GARDEN 170 g DELAMARIS,90889713,DELAMARIS,0.17 kg,ko,4.29,25.24,,4.29,4.29,3838929620002,HRANA
CHUCK EYE STEAK 235 g SKIN,90894957,DILMAR,0.24 kg,ko,5.99,25.49,,3.14,5.99,3859893373831,HRANA
VREĆE ZA SMEĆE BIO GREEN NATURE 20 l,90895282,ALUFIX,10.00 ko,ko,1.69,0.17,,1.69,1.69,4823071662085,PROIZVODI ZA KUĆANSTVO
BRESKVA,01410068,,1.00 kg,kg,4.19,4.19,,2.79,2.79,3858885876251,HRANA
JABUKA GALA,01411591,,1.00 kg,kg,1.49,1.49,,1.49,1.49,3850334386069,HRANA
AJVAR BLAGI 690g PODRAVKA,01480137,PODRAVKA,0.69 kg,ko,,4.04,2.79,2.79,3.69,3850104051012,HRANA
AJVAR BLAGI 350g PODRAVKA,01480632,PODRAVKA,0.35 kg,ko,2.49,7.11,,1.95,1.95,3850104051029,HRANA
UMAK PESTO SUŠENE RAJČ 190g SACLA,01490566,SACLA,0.19 kg,ko,3.59,18.89,,3.59,3.59,8001060001855,HRANA
UMAK RAJČICA ŠAMPINJONI 410g,01491262,PODRAVKA,0.41 kg,ko,3.19,7.78,,3.19,3.19,3850104222344,HRANA
SOJINE KLICE 330g YOUWOK,01551630,YOUWOK,0.33 kg,ko,2.39,7.24,,2.39,2.39,8717228380099,HRANA
RAJČICA POLPA 400g MUTTI,01570909,MUTTI,0.40 kg,ko,1.79,4.48,,1.79,1.79,80042556,HRANA
MASLINE ZELENE OTKOŠ 165g ZVIJEZDA,01580214,ZVIJEZDA,0.17 kg,ko,3.19,19.33,,3.19,3.19,3858882213769,HRANA
TARTUFATA 80g ZIGANTE,01600100,ZIGANTE,0.08 kg,ko,10.62,132.75,,10.62,10.62,3859889179201,HRANA
POSLASTICA SP BONAS PIL FIL 80g VITA,01642198,VITAKRAFT,0.08 kg,ko,3.35,41.88,,3.35,3.35,4008239585783,PROIZVODI ZA KUĆANSTVO
GRAH S HAMBURGEROM 400g PODRAVKA,02166105,PODRAVKA,0.40 kg,ko,3.69,9.23,,2.92,3.69,3850104035746,HRANA
PATARAČA II SVJ MEDUZA,02195284,,1.00 kg,kg,5.09,5.09,,3.05,5.09,,HRANA
HLAP ŽIVI,02195425,,1.00 kg,kg,66.89,66.89,,40.11,66.89,,HRANA
ŠARUN SVJ  FIORITAL,02197508,,1.00 kg,kg,3.25,3.25,,1.95,3.25,93856024301391,HRANA
PAS OGULJENI SVJ CENTAURUS,02197752,,1.00 kg,kg,9.09,9.09,,5.45,9.09,3856023601376,HRANA
BRANCIN SVJ 1000-2000 FIORITAL,02199484,,1.00 kg,kg,23.99,23.99,,14.38,23.99,,HRANA
KESTEN DESERT PREMIUM 140g ČAŠICA LEDO,02351421,LEDO,0.14 kg,ko,2.49,17.79,,2.49,2.49,3850116887937,HRANA
PLJESKAVICA /HAMBURGER SVJ KONZUM,02403734,KONZUM,1.00 kg,ko,7.37,7.37,,5.16,7.37,,HRANA
SV MOZAK ,02480030,PIK VRBOVEC,1.00 kg,kg,3.25,3.25,,3.25,3.25,3850139280197,HRANA
PROSECCO VILLA SANDI 0.75L,03021797,VILLA SANDI,0.75 l,ko,12.15,16.2,,12.15,12.15,8017494837014,PIĆE
VINO DINGAČ 0.75L VRH PZ I VIN DING,03023748,PZ I VIN DINGAČ,0.75 l,ko,20.99,27.99,,20.99,20.99,3859888108011,PIĆE
VINO PLAVAC 0.75L KV PZ I VIN DINGAČ,03023751,PZ I VIN DINGAČ,0.75 l,ko,6.79,9.05,,6.79,6.79,3859888108042,PIĆE
GIN GORDONS DRY 0.7L,03070780,GORDON'S,0.70 l,ko,21.99,31.41,,21.05,21.05,5000289925440,PIĆE
VISKI JIM BEAM BOURBON 0.7l,03080174,JIM BEAM,0.70 l,ko,20.05,28.64,,13.49,20.05,080686000389,PIĆE
VODKA FINLANDIA 0.7L,03081740,FINLANDIA,0.70 l,ko,15.75,22.5,,15.75,15.75,6412709021776,PIĆE
NEG PIĆE COCKT MAND NAR 1L,03140705,VINDI,1.00 l,ko,1.19,1.19,,1.19,1.19,3850108076004,PIĆE
NEKTAR  NARANČA BRAVO 2L,03141290,BRAVO,2.00 l,ko,3.99,2,,2.95,3.69,9008700145268,PIĆE
BRAŠNO NAMJ DIZ TIJESTA 1kg BELJE,04031815,BELJE,1.00 kg,ko,1.3,1.3,,1.3,1.3,3850257015671,HRANA
TIJESTO K PLUS SPIRALI TRIC 57 500g,04057607,K PLUS,0.50 kg,ko,1.29,2.58,,1.29,1.29,,HRANA
RIŽA BASMATI 500g GALLO,04060070,RISO GALLO,0.50 kg,ko,3.59,7.18,,2.87,3.59,8001420002744,HRANA
KAVA ILLY MLJEVENA 250g LIM ,04071058,ILLY,0.25 kg,ko,9.99,39.96,,9.99,9.99,8003753900438,HRANA
ORIGANO 5g ŠAFRAM,04100238,ŠAFRAM,0.01 kg,ko,0.46,92,,0.46,0.46,3859888163140,HRANA
SOL MORSKA SITNA 1kg KUT SOLANA,04110310,SOLANA PAG,1.00 kg,ko,0.89,0.89,,0.89,0.89,3859888155114,HRANA
ŠEĆER SMEĐI DEMERARA 500g ENCIAN,04120260,ENCIAN,0.50 kg,ko,2.85,5.7,,2.85,2.85,3859889425742,HRANA
KREKER SLANI PAVESI 250g,04141305,BARILLA,0.25 kg,ko,3.09,12.36,,3.09,3.09,8013355998542,HRANA
MINESTRA MAHUN ŽITAR EC MIX 500g,04160955,EUROCOMPANY,0.50 kg,ko,1.99,3.98,,1.99,1.99,3872084000941,HRANA
KVASAC SUHI 500g DIGO,04181020,DIGO,0.50 kg,ko,7.09,14.18,,7.09,7.09,3859889940108,HRANA
TAMPONI OB SUPER 16/1,06501865,OB,16.00 ko,ko,3.89,0.24,,3.89,3.89,3574660089332,TOALETNE POTREPŠTINE
SAPUN TEK DOVE 250ml    7000,06510041,DOVE,0.25 l,ko,3.49,13.96,,3.49,3.49,4000388177000,KOZMETIKA
BOJA PALETTE ICC C9     7234,06541426,PALETTE ICC,1.00 ko,ko,,3.49,3.49,3.49,3.49,3838824197197,KOZMETIKA
BOJA COMPLETE COL RM55 MAH 7909,06549309,ANNYER,1.00 ko,ko,3.99,3.99,,3.99,3.99,3850177007909,KOZMETIKA
SRED ZA DRV POVRŠ AJAX 1L,08030237,AJAX,1.00 l,ko,3.69,3.69,,1.85,3.69,8714789866444,SREDSTVA ZA ČIŠĆENJE
BISON ODSTRANJIVAČ PLIJESNI 500ML,08030786,BISON,0.50 l,ko,7.99,15.98,,7.99,7.99,8710439174419,SREDSTVA ZA ČIŠĆENJE
NEKTAR VINDI DISNEY JAGODA 0.2 L,90826114,VINDI,0.20 l,ko,0.75,3.75,,0.75,0.75,3850108075496,PIĆE
MUESLI KOKOS HRSK BIO 400 g NUTRIGLOD,90826451,NUTRIGOLD,0.40 kg,ko,4.29,10.73,,4.29,4.29,3858891973364,HRANA
ZOB PLOČICA BAN/ČOKO 100g FLAP JACK,90829866,FLAP JACK,0.10 kg,ko,1.59,15.9,,1.59,1.59,5999884751410,HRANA
ORADELA ŽUVELA,90834686,ŽUVELA,1.00 kg,kg,8.99,8.99,,5.39,8.99,,HRANA
MLIJEČNI NAPITAK VAN 500 ml ZOTT,90879811,ZOTT,1.00 ko,ko,4.99,4.99,,4.99,4.99,4014500521114,HRANA
ČOKO PETIT BEURRE USKRS 75G KANDIT,90884754,KANDIT,0.08 kg,ko,0.7,9.33,,0.7,1,3856024806008,HRANA
CIDER SOMERSBY MALINA 0.5 L LIM,90884978,SOMERSBY,0.50 l,ko,1.79,3.58,,1.49,1.79,3858887585618,PIĆE
SERUM NIVEA LUMINOUS360 SK GL 15 ml,90885410,NIVEA,0.02 l,ko,9.99,666,,9.99,9.99,9005800390055,KOZMETIKA
REG SCHAUMA LONG HAIR 250 ml,90885545,SCHAUMA,0.25 l,ko,,11.96,2.99,4.19,4.19,9000101750256,KOZMETIKA
DET ARIEL COLOR 30TAB,90886215,ARIEL,30.00 ko,ko,17.99,0.6,,11.49,17.99,8700216766173,SREDSTVA ZA ČIŠĆENJE
SLADOLED B&J BROOKIES & CREAM 465 ml,90886514,UNILEVER,0.47 l,ko,8.79,18.9,,7.29,8.79,8711327666481,HRANA
FLIPS CLIPSY MAX PILETINA 70 g,90887006,PEPSICO,0.07 kg,ko,,21.57,1.51,1.89,1.89,8606033741594,HRANA
KOKICE CARAMEL COLA 170 g BOOMZA,90887158,BOOMZA,0.17 kg,ko,2.49,14.65,,2.49,2.49,4820196730934,HRANA
KOKICE MASLAC 100  g BOBI,90887301,BOBI,0.10 kg,ko,1.29,12.9,,1.29,1.29,3858891591223,HRANA
DESERT KIT KAT WHITE 41.50 g NESTLE,90887403,KIT KAT,0.04 kg,ko,1.35,32.53,,0.99,1.35,8445290549266,HRANA
ČOKOLADA MILKA NOISETTE 190 g,90889946,MILKA,0.19 kg,ko,4.49,23.63,,4.49,4.49,7622202305733,HRANA
KRUMP ŠTAP POMSTICKS KISELO VRH 85 g,90890160,LORENZ,0.09 kg,ko,1.99,23.41,,1.99,1.99,4018077821691,HRANA
ŠTRUKLI SA SIROM 400 g ZP,90890449,ZLATO POLJE,0.40 kg,ko,2.79,6.98,,2.79,2.79,3838700369274,HRANA
PAPRIKA DIMLJENA SLATKA 50 g KOTANYI,90890545,KOTANYI,0.05 kg,ko,1.99,39.8,,1.99,1.99,9001414704981,HRANA
NAPITAK MONSTER THROTTLE ZERO 0.5 L,90890653,MONSTER,0.50 l,ko,1.95,3.9,,1.95,1.95,5060896629490,PIĆE
SET MELEM KIKI LJUBIČASTI,90895160,MELEM,1.00 ko,ko,9.49,9.49,,9.49,9.49,3856007912962,KOZMETIKA
VREĆICE LED SUMMER MIX 480kom ALUFIX,90899830,ALUFIX,480.77 ko,ko,1.79,0,,1.79,1.79,5949509002977,PROIZVODI ZA KUĆANSTVO
VINO GRAŠEVINA JERUZALEM ORMOŽ 1 L,90900093,JERUZALEM,1.00 l,ko,6.29,6.29,,6.29,6.29,3830078702981,PIĆE
MANGO KOM,01410076,,0.25 kg,ko,,3.16,0.79,1.29,1.29,3850334181947,HRANA
DŽEM ŠUMSKO VOĆE 370g BONNE MAMAN,01462523,BONNE MAMAN,0.37 kg,ko,5.69,15.38,,5.69,5.69,3608580705123,HRANA
JUHA OKUS GOV S TIJ 5x80g INDOMIE,01491315,INDOMIE,0.40 kg,ko,,3.98,1.59,1.59,2.25,8606108584132,HRANA
UMAK SALSA DIP LJUTI 315g LA FIEST,01495132,LA FIESTA,0.32 kg,ko,3.15,10,,3.15,3.15,5412514935122,HRANA
KUKURUZ ŠEĆERAC GOLD 140g BONDUELLE,01551598,BONDUELLE,0.14 kg,ko,1.29,9.21,,0.9,1.29,3083680074094,HRANA
MASLINE ZELENE 370g MARINA,01580646,MARINA,0.20 kg,ko,5.29,26.45,,5.29,5.29,3859888295278,HRANA
WINTERA K PLUS 650g MA,02024514,K PLUS,0.65 kg,ko,9.15,14.08,,7.19,9.15,3850139030389,HRANA
ŠUNKA PUREĆA DE LUX VINDIJA,02034435,VINDON,1.00 kg,kg,18.99,18.99,,14.99,18.99,3850159128417,HRANA
TUNJ MASL ULJE 2X104g RIO MARE,02196765,RIO MARE,0.21 kg,ko,8.79,42.26,,8.79,8.79,8004030381681,HRANA
SARDINA U BILJ ULJ S LIM AQ 75.6G,02198475,ADRIATIC QUEEN,0.08 kg,ko,1.89,25,,1.89,1.89,3850160102666,HRANA
MAJONEZA LAGANA PVC 95g   ZVIJEZDA,02200075,ZVIJEZDA,0.10 kg,ko,1.09,11.47,,0.85,0.85,3858882210324,HRANA
PJENUŠAC ZLATA RADG PENINA 0.75L,03035011,PENINA,0.75 l,ko,16.55,22.07,,16.55,16.55,3830000341035,PIĆE
PIVO HEINEKEN 0.33L LIM,03040407,HEINEKEN,0.33 l,ko,1.35,4.09,,1.35,1.35,3850103902391,PIĆE
VODKA ABSOLUT BLUE 0.7L 40%,03063431,ABSOLUT,0.70 l,ko,17.55,25.07,,17.55,17.55,7312040553150,PIĆE
MIN VODA DONAT MG 1L GAZ PET,03180050,DONAT,1.00 l,ko,2.19,2.19,,2.19,2.19,3838600024945,PIĆE
TJESTENINA KARBONARA 160g PODRAVKA,04051335,TALIANETTE,0.16 kg,ko,2.49,15.56,,1.59,2.49,3850104230943,HRANA
MED CVJETNI HR PVC 20g PODRAVKA,04130063,PODRAVKA,0.02 kg,ko,0.35,17.5,,0.35,0.35,38500213,HRANA
KEKS PETIT BEURRE 200g KRAŠ,04141826,KRAŠ,0.20 kg,ko,1.59,7.95,,1.27,1.59,3850102311163,HRANA
MEDENO SRCE 150g PUNJENO PIONIR,04146051,PIONIR,0.15 kg,ko,1.99,13.27,,1.99,1.99,8602300236022,HRANA
JUHA FRANCUSKA 64g PODRAVKA,04162698,PODRAVKA,0.06 kg,ko,1.39,21.72,,1.39,1.39,3850104003219,HRANA
GUSSNEL 200g PODRAVKA,04183415,DOLCELA,0.20 kg,ko,1.59,7.95,,1.59,1.59,3850104219467,HRANA
KAKAO PRAH 100g KANDIT,04210919,KANDIT,0.10 kg,ko,3.09,30.9,,3.09,3.09,3858881044012,HRANA
ČOKOL LINDT EXC DARK ORANGE 100g,04211364,LINDT,0.10 kg,ko,4.29,42.9,,4.29,4.29,3046920028370,HRANA
DESERT CORNY BIG ČOKOL/KEKS 50g,04221451,SCHWARTAU,0.05 kg,ko,1.19,23.8,,1.19,1.19,4011800572518,HRANA
VAFL NAPOL LJEŠNJ BEZ GL 125g SCHAR,04280006,DR SCHAR,0.13 kg,ko,,22.32,2.79,3.49,3.49,8008698001929,HRANA
ČOKOL MILKA JAGODA JOG 100g,04331005,MILKA,0.10 kg,ko,2.49,24.9,,1.39,2.49,7622200007332,HRANA
PRALINE MOZART KUGLE POKL KUT 132g,04420113,MANNER,0.13 kg,ko,4.09,30.98,,3.07,4.09,9001508084968,HRANA
VREĆE ZA SMEĆE/VEZ LDPE 53X64 40L 12/1,05520588,OPTIPLAST,12.00 ko,ko,2.29,0.19,,2.29,2.29,3859891367818,PROIZVODI ZA KUĆANSTVO
FOLIJA PRIJANJAJUĆA 60mx29cm ALUFIX,05612526,ALUFIX,60.02 m,ko,3.99,0.07,,3.99,3.99,5949509001314,PROIZVODI ZA KUĆANSTVO
BLAZINICE NIVEA VIS 80/1,06500021,NIVEA,80.00 ko,ko,,0.03,2.09,2.99,2.99,9005800046334,TOALETNE POTREPŠTINE
DRESSING ČEŠNJAK 250ml ZVIJEZDA,90799844,ZVIJEZDA,0.25 kg,ko,2.49,9.96,,2.49,2.49,3856015330673,HRANA
DR BECK PLOČA NEHRĐ ČELIK 250 ml,90800509,BECKMANN,1.00 ko,ko,3.99,3.99,,2.79,3.99,4008455600512,SREDSTVA ZA ČIŠĆENJE
JUHA GOV NOODLES XXL 10X70g INDOMIE,90810780,INDOMIE,0.70 kg,ko,2.89,4.13,,0.5,0.5,8606108584644,HRANA
SKUŠA S POVRĆEM XXL 3X125g IZOLA,90810795,DELAMARIS,0.38 kg,ko,4.99,13.31,,4.99,4.99,3838929567864,HRANA
JEČMENA TRAVA PRAH BIO 200 g NUTRIGOLD,90825136,NUTRIGOLD,0.20 kg,ko,7.59,37.95,,7.59,7.59,3858891970844,HRANA
KOLAČ SACHER 140 g SPECIAL MOMENTS,90830412,SPECIAL MOMENTS,0.14 kg,ko,2.99,21.36,,2.39,2.99,3850334431004,HRANA
KRUMPIR BABY ZA MIKROV I PEČE 500 g,90854836,PRIMEALE FRANCE,0.50 kg,ko,1.99,3.98,,1.99,1.99,3856028689737,HRANA
DET VESH WHITE POWER 3 kg=40PR,90854984,VESH,3.00 kg,ko,11.85,3.95,,11.85,11.85,3870128037021,SREDSTVA ZA ČIŠĆENJE
FELIX MM PILETINA 80 g,90864958,FELIX,0.08 kg,ko,0.79,9.88,,0.65,0.79,8445291102156,PROIZVODI ZA KUĆANSTVO
VINO TRAMINAC VRH KUTJEVO 0.75 L,90874705,KUTJEVO,0.75 l,ko,10.99,14.65,,10.99,10.99,3850156001041,PIĆE
SOK 100% JAGODA JUICY 1 L,90889913,JUICY,1.00 l,ko,2.79,2.79,,2.55,2.79,3858890977332,PIĆE
ULJE MASL EX DJ 1 L BRACHIA I PRIJAT,90890016,BRACHIA,1.00 l,ko,16.99,16.99,,16.99,16.99,3859891526512,HRANA
NAMAZ LINO LADA MILK 2.5 kg,90895363,LINO LADA,2.50 kg,ko,14.99,6,,14.99,14.99,3856020216566,HRANA
ČAJ DUO DETOX I 7 BILJA 100G AGRISTA,90904722,AGRISTAR,0.10 kg,ko,4.99,49.9,,4.99,4.99,3858886501183,HRANA
HAMBURGER K PLUS VAC,02019869,K PLUS,1.00 kg,kg,6.99,6.99,,6.99,6.99,3850139285437,HRANA
KRVAVICA VAC SLJEME PIK VRBOVEC,02038124,SLJEME,1.00 kg,kg,4.99,4.99,,4.99,4.99,3850139330199,HRANA
TUNJ MASLINOVO ULJE 2X52G RIO MARE,02191132,RIO MARE,0.10 kg,ko,5.09,48.94,,5.09,5.09,8004030100213,HRANA
JAJA SVJEŽA M 10/1 GALA,02510556,GALA,10.00 ko,ko,2.45,0.25,,2.45,2.45,3859888246300,HRANA
BRAŠNO GLATKO T-550 1kg ČAKOVEČKI,04034294,ČAK MLINOVI,1.00 kg,ko,0.8,0.8,,0.8,0.8,3858884172569,HRANA
JUHA MINESTRONE 60g PODRAVKA,04161229,PODRAVKA,0.06 kg,ko,1.39,23.17,,1.39,1.39,3850104244674,HRANA
RUKAVICE VILEDA KUĆ SENS LEICH SRED,05570012,VILEDA,1.00 ko,ko,3.99,3.99,,2.79,3.99,8001940003320,PROIZVODI ZA KUĆANSTVO
ŠAMPON SCHAUMA KIDS DEČ 250ml,06600150,SCHAUMA,0.25 l,ko,2,8,,2,2,3838824167664,KOZMETIKA
ODSTRANJ MRLJA DR BECKM 200ml,08035964,BECKMANN,0.20 l,ko,3.65,18.25,,2.55,3.65,4008455342313,SREDSTVA ZA ČIŠĆENJE
VODICA LISTERINE COOL 95ML,90031341,LISTERINE,0.10 l,ko,1.89,19.9,,1.89,1.89,3574660458879,KOZMETIKA
ČOKOLADA CONFETTINO 100g KANDI,90047106,KANDIT,0.10 kg,ko,1.85,18.5,,1.85,1.85,3858881046801,HRANA
FRISKIES SM STERILE 1.5kg,90051690,FRISKIES,1.50 kg,ko,6.69,4.46,,6.69,6.69,7613287147141,PROIZVODI ZA KUĆANSTVO
KEKS LEIBNIZ MINI S MASLACEM 100g,90055424,BAHLSEN,0.10 kg,ko,1.85,18.5,,1.85,1.85,5901414204662,HRANA
PUDING CHOCO-LOCO 4X125g VINDIJA,90059143,FINO MI JE,0.50 kg,ko,1.85,3.7,,1.69,1.85,3850108040500,HRANA
KREKER TUC PAPRIKA 100g,90063061,TUC,0.10 kg,ko,1.15,11.5,,0.79,1.15,5410041435900,HRANA
FRISKIES SP BALANCE PIL 2.4kg,90068407,FRISKIES,2.40 kg,ko,8.39,3.5,,5.99,5.99,7613034232168,PROIZVODI ZA KUĆANSTVO
KOKOT III SVJ LIBURNIJA,90078320,,1.00 kg,kg,2.59,2.59,,1.55,2.59,,HRANA
LIKER OD VIŠNJE 0.7L ZVEČEVO,90085662,ZVEČEVO,0.70 l,ko,9.99,14.27,,9.99,9.99,3858894171569,PIĆE
DESERT M&M KIKIRIKI 90g,90088899,MARS,0.09 kg,ko,2.25,25,,2.25,2.25,5900951247897,HRANA
PAŠTETA TUNA ADRIA MARE 95g,90096725,ADRIA MARE,0.10 kg,ko,1.39,14.63,,1.39,1.39,3850334395924,HRANA
SRDELA SLANA U  DJ.M.ULJU TRENT 370g,90114659,TRENTON,0.24 kg,ko,8.79,36.17,,8.79,8.79,3859888906358,HRANA
WHISKAS DREAMIES LOSOS 60G,90139349,WHISKAS,0.06 kg,ko,1.79,29.83,,1.45,1.79,5998749130933,PROIZVODI ZA KUĆANSTVO
RAJČICA PASIRANA 600g 3 PACK  PODR,90155235,PODRAVKA,0.60 kg,ko,1.99,3.32,,1.99,1.99,3850104238260,HRANA
SOK 100% ANANAS 1L,90157056,VINDI,1.00 l,ko,2.59,2.59,,2.59,2.59,3850108075380,PIĆE
SEITAN DIMLJ EKO 200G ANNAPURNA,90186764,ANNAPURNA,0.20 kg,ko,3.58,17.9,,3.58,3.58,3859890343448,HRANA
PAŠTETA KOK SLAVONSKA ARGETA 95G,90268336,ARGETA,0.10 kg,ko,1.39,14.64,,1.19,1.39,3838471031394,HRANA
ČETKA HIGIJENSKA DAX,90276250,DAX,1.00 ko,ko,0.8,0.8,,0.8,0.8,3850334599582,PROIZVODI ZA KUĆANSTVO
METLA VANJSKA DRŠKA DAX,90276280,DAX,1.00 ko,ko,3.32,3.32,,3.32,3.32,3850334599940,PROIZVODI ZA KUĆANSTVO
SV BUT BK MHF,90283094,,1.00 kg,kg,,4.79,4.79,3.99,3.99,3850139281484,HRANA
KRPA MAGIČNA MIKROFIBRA DAX 2/1,90289986,DAX,2.00 ko,ko,2.39,1.2,,1.67,2.39,3850334608055,PROIZVODI ZA KUĆANSTVO
ČETKICE ZA ZUBE DENTORAL PREM MED,90290512,DENTORAL,1.00 ko,ko,,1.19,1.19,1.59,1.59,3850334608192,KOZMETIKA
LIZALICE MONSTER 300g 50/1,90298496,FLORESTAL,0.30 kg,ko,3.09,10.3,,3.09,3.09,7896321010001,HRANA
VINO CRNO CECCHI CHIANTI RISERVA 0.75L,90301635,CECCHI,0.75 l,ko,10,13.33,,10,10,8006030002429,PIĆE
BRAŠNO PIR PUN 1kg KARLA,90302741,KARLA,1.00 kg,ko,2.39,2.39,,2.39,2.39,3858881506015,HRANA
VINO CRNO TUSSOCK JUMPER ZINFANDEL 0.75L,90302873,TUSSOCK JUMPER,0.75 l,ko,13.05,17.4,,13.05,13.05,3760204540203,PIĆE
PRIPRAVAK ZA ŠLAG HOPLA 500ml,90303677,HOPLA,0.50 l,ko,2.39,4.78,,2.39,2.39,8000005045169,HRANA
VINO MERLOT BIB 3L VINA LAGUNA,90311411,LAGUNA,3.00 l,ko,13.49,4.5,,13.49,13.49,3858881191877,PIĆE
SV MARINIRANA REBRA PIKANT RAWSTILJ,90317230,RAW ŠTILJ,1.00 kg,kg,8.05,8.05,,4.89,8.05,3850139442182,HRANA
SMJESA ZA PALAČINKE ČOK 210g DR OETKER,90730889,DR OETKER,0.21 kg,ko,2.79,13.29,,2.79,2.79,5997381373104,HRANA
BOMBON JUICY DROP DIPPERZ 96g BAZOOKA,90731749,BAZOOKA,0.10 kg,ko,3.99,41.56,,3.99,3.99,5011053025891,HRANA
KOBASICA GRANIČARSKA 600g,90732098,GAVRILOVIĆ,0.60 kg,ko,11.99,19.98,,11.99,11.99,3858892725795,HRANA
PAHULJ LUMPI COCOA CRUN MANJE ŠEĆ 250g,90732664,LUMPI,0.25 kg,ko,1.06,4.24,,1.06,1.06,3850334011350,HRANA
MONTE SNACK LJEŠNJAK 29g,90733493,MONTE,0.03 kg,ko,0.5,17.24,,0.5,0.5,4014500520391,HRANA
SLAD QUATTRO LINO LADA 1500 ml,90764757,QUATTRO,1.50 l,ko,7.49,4.99,,4.99,7.49,3850116064239,HRANA
LIKER PELINKOVAC ANTIQUE 1 l,90764799,BADEL 1862,1.00 l,ko,22.05,22.05,,22.05,22.05,3850112111838,PIĆE
LOSION NIVEA BABY 200ml,90764824,NIVEA,0.20 l,ko,,23.9,4.78,5.99,5.99,9005800369181,KOZMETIKA
BRESAOLA 70g NAR,90770664,CASA MODENA,0.07 kg,ko,3.49,49.86,,3.49,3.49,8004225108734,HRANA
ŠAMPON HERBAL ESSENCES ARGAN 350 ml,90771281,HERBAL ESSENCES,0.35 l,ko,6.19,17.69,,6.19,6.19,8700216211345,KOZMETIKA
GEL TUŠ L'ANGELICA PURE DETOX 500 ml,90774663,L ANGELICA,0.50 l,ko,3.25,6.5,,1.99,3.25,8017331096703,KOZMETIKA
PATRONE WILKIN Ž INT COMPLETE 4/1,90774674,WILKINSON,1.00 ko,ko,,9.57,9.57,13.69,13.69,4027800006465,KOZMETIKA
GRAH CRVENI 400/240 g GUSTO SANO,90774848,GUSTO SANO,0.24 kg,ko,1.19,4.96,,1.19,1.19,8057733190029,HRANA
KAŠA PROT CHOCO COCONUT PROSERIES 60 g,90789658,PROSERIES,0.06 kg,ko,1.49,24.83,,1.49,1.49,3856026808321,HRANA
RIŽA DUGO ZRNO K PLUS 2kg,90810363,K PLUS,2.00 kg,ko,3.69,1.85,,3.69,3.69,3850334113061,HRANA
LEDOLETTA SIR ŠPINAT 800 g LEDO,90825010,LEDO,0.80 kg,ko,,4.99,3.99,4.99,4.99,3850116067582,HRANA
BUREK SA KRUMPIROM 400 g BUJRUM,90830104,BUJRUM,0.40 kg,ko,4.99,12.48,,4.99,4.99,3870218001109,HRANA
ZP ELMEX SENSITIVE 2*75 ml,90885340,ELMEX,0.15 l,ko,,46.6,6.99,8.49,8.49,8714789985060,KOZMETIKA
PRALINE MOZART VREĆICA 264 g,90887236,MANNER,0.26 kg,ko,4.99,18.9,,3.74,4.99,9001508084609,HRANA
SUŠENA GOVEDINA ANDRO NAR 90g,90770694,ANDRO,0.08 kg,ko,3.49,43.63,,3.49,3.49,3858892822715,HRANA
VRUĆA ČOKOLADA BIJELA 16g STEVIQ,90794786,STEVIQ,0.02 kg,ko,1.29,80.63,,1.29,1.29,3858893680390,HRANA
SIR TVRDI DIMLJENI LIVANJSKI VAC,90794981,MLJEKARA LIV,1.00 kg,kg,23.69,23.69,,23.69,23.69,3877000339808,HRANA
OM VIOLETA SWEET MIRACLE 2.7 L,90795554,VIOLETA,2.70 l,ko,7.65,2.83,,7.65,7.65,3870128036956,SREDSTVA ZA ČIŠĆENJE
COCKT RTD OLD PILOT'S GIN&TON 0.25 L,90800763,OLD PILOT S,0.25 l,ko,3.19,12.76,,3.19,3.19,3859894018342,PIĆE
KOMPOT MANGO KOM GARDEN GOOD 250g/425g,90810017,GARDEN GOOD,0.25 kg,ko,1.49,5.96,,1.49,1.49,3850334420961,HRANA
NAMAZ BRUSK CRNA MASL 100g AGROMONTE,90814797,AGROMONTE,0.10 kg,ko,3.99,39.9,,3.39,3.99,8032817244546,HRANA
 PROSECCO BAROCCO DOC 0.75 L,90824778,BAROCCO,0.75 l,ko,11.05,14.73,,11.05,11.05,8008863027587,PIĆE
KEKS LOVITA PUNJ KAKAO KREM 127g ROSHEN,90824793,ROSHEN,0.13 kg,ko,1.55,12.2,,1.55,1.55,4823077641367,HRANA
ČAJ THE GREATEST SIPS 20/1 34g ETS,90824979,ENGLISH TEA SHOP,0.03 kg,ko,4.99,146.76,,4.99,4.99,0680275060154,HRANA
PROTEIN KONOPLJE BIO 250 g NUTRIGOLD,90825078,NUTRIGOLD,0.25 kg,ko,5.09,20.36,,5.09,5.09,3858891971216,HRANA
LENOR MIRISNE PERLICE SC OF ARIEL 510 g,90825954,LENOR,0.51 kg,ko,8,15.69,,8,8,8006540755358,SREDSTVA ZA ČIŠĆENJE
MARAMICE ZA UPIJANJE BOJA 52/1 K2R,90826181,K2R,22.00 ko,ko,6.99,0.32,,6.99,6.99,9000101821963,SREDSTVA ZA ČIŠĆENJE
MEKINJE ZOBENE BIO 500 g NUTRIGOLD,90826423,NUTRIGOLD,0.50 kg,ko,1.99,3.98,,1.99,1.99,3858894432844,HRANA
KOLAČ ALMOND TART 160 g SPECIAL MOMENTS,90830434,SPECIAL MOMENTS,0.16 kg,ko,2.99,18.69,,2.39,2.99,3850334430922,HRANA
LOSION BIOBAZA FROSTED 200 ml,90839840,BIOBAZA,0.20 l,ko,,13.65,2.73,3.65,3.65,3856020915759,KOZMETIKA
JABUKA CRVENA 6 KOM,90850153,,0.90 ko,ko,1.49,1.66,,1.49,1.49,3856028689645,HRANA
BANANA ČIPS FP EUROCOMPANY99 200G,90850371,PERFECT DAY,0.20 kg,ko,2.29,11.45,,1.72,2.29,3872084016065,HRANA
TARTUFATA 80 g SPECIAL MOMENTS,90850703,SPECIAL MOMENTS,0.08 kg,ko,7.99,99.88,,6.99,7.99,3850334428714,HRANA
SMOKVA SUHA PREMIUM PERFE DAY 400 g,90854847,PERFECT DAY,0.40 kg,ko,6.29,15.73,,6.29,6.29,3872084015907,HRANA
MUESLI VITALIS KLASIK 500g DR OETKER,90864660,VITALIS,0.50 kg,ko,3.99,7.98,,3.99,3.99,8594001216918,HRANA
ČAJ MARAKUJA/NARANČA 40 g AGRISTAR,90874732,AGRISTAR,0.04 kg,ko,3.19,79.75,,3.19,3.19,3858886507024,HRANA
VOĆNI NAMAZ SM JAGODA PJENUŠAC 230 g,90880062,SPECIAL MOMENTS,0.23 kg,ko,2.99,13,,2.99,2.99,3850334437273,HRANA
SERUM REVIT 3 PEPTIDA 30 ml,90885227,LOREAL,0.03 l,ko,22.99,766.33,,22.99,22.99,3600524197711,KOZMETIKA
OM LENOR PT LOTUS DIAMOND 1.239 L,90886184,LENOR,1.24 l,ko,7.39,5.96,,7.39,7.39,8700216723756,SREDSTVA ZA ČIŠĆENJE
PANCETA DALMATINSKA NAR 80 g MAP,90886666,VOŠTANE,0.08 kg,ko,2.99,37.38,,2.99,2.99,3858889495113,HRANA
PUREĆA PRSA DIMLJ S&F PERUTNINA,90886740,SLIM&FIT,1.00 kg,kg,15.99,15.99,,15.99,15.99,3850220428927,HRANA
NEKTAR C NARANČA TO 0.2 L,90890110,TO,1.00 ko,ko,0.49,0.49,,0.49,0.49,3858890976755,PIĆE
UMAK BEŠAMEL 250 ml THOMY,90890353,THOMY,0.25 l,ko,2.75,11,,2.75,2.75,40056296,HRANA
ŠUNKA DIMLJ SK ZA KUHANJE VP,90894911,MEDVEN,1.00 kg,kg,8.69,8.69,,6.99,8.69,,HRANA
AJAX ULTRA LEMON 1 L,90895409,AJAX,1.00 l,ko,3.69,3.69,,3.69,3.69,8718951730045,SREDSTVA ZA ČIŠĆENJE
KUKURUZ ŠEĆERAC PODRAVKA 280g,01490142,PODRAVKA,0.28 kg,ko,1.59,5.68,,1.59,1.59,3850104063435,HRANA
KUKURUZ KLIPČIĆ 190ML MIKADO,01550400,MIKADO,0.19 l,ko,1,5.26,,1,1,4007415006906,HRANA
JASTOG ŽIVI,90096939,,1.00 kg,kg,87.79,87.79,,52.64,87.79,,HRANA
KAVA BARCAFFE ESPRESSO MLJ 250g    ,90111152,BARCAFFE,0.25 kg,ko,6.49,25.96,,6.49,6.49,3838975531765,HRANA
KONAC ZUBNI OB PRO EXP CL 25m,90146981,ORAL B,25.00 m,ko,,0.13,3.15,4.25,4.25,8700216365604,KOZMETIKA
ČAJ MENTA&LIMUN AHMAD 20X2g,90147010,AHMAD,0.04 kg,ko,2.65,66.25,,2.65,2.65,054881000024,HRANA
PIVO ZLATNI MEDVJED 0.5L CYRKON,90150816,MEDVEDGRAD,0.50 l,ko,2.05,4.1,,1.49,2.05,3857500003256,PIĆE
PODL ZA PRESVLAČENJE VIOLETA 10/1,90153456,VIOLETA,10.00 ko,ko,4.65,0.47,,4.65,4.65,3870128006485,TOALETNE POTREPŠTINE
TP NATUR PREMIUM 160L 4SL 10/1,90184664,NATUR,10.00 ko,ko,4.19,0.42,,4.19,4.19,3850334614643,TOALETNE POTREPŠTINE
ČAJ ROOIBOS I CIMET 20X1.5G AHMAD,90201996,AHMAD,0.03 kg,ko,2.65,88.33,,2.65,2.65,054881000017,HRANA
ČAJ KADULJA EKO 40g DARVITALIS,90203119,DARVITALIS,0.04 kg,ko,3.95,98.75,,3.95,3.95,3858890830309,HRANA
KAŠA ZOB JAB CIM 65g DOBRA,90231267,DOBRA,0.07 kg,ko,0.99,15.23,,0.99,0.99,8595054904326,HRANA
VINO POŠIP 0.75L ZLATAN OTOK,90235873,ZLATAN OTOK,0.75 l,ko,14.25,19,,14.25,14.25,3859888437531,PIĆE
KREMA LOREAL DE AGE SPEC 65+ NOĆ 50ML,90282093,LOREAL,0.05 l,ko,9.99,199.8,,9.39,9.99,3600523408979,KOZMETIKA
COCKTAIL CUBA LIBRE 0.33l nb,90291840,A LE COQ,0.33 l,ko,1.65,5,,1.15,1.55,4740098002956,PIĆE
VINO POSTUP SKARAMUČA 0.75l,90295620,SKARAMUČA,0.75 l,ko,14.19,18.92,,14.19,14.19,3859888214347,PIĆE
KAVA ANAMARIA 400g,90307566,ANAMARIA,0.40 kg,ko,6.29,15.73,,6.29,6.29,3858881775275,HRANA
VINO GRAŠEVINA 3L BIB VINA BELJE,90311351,BELJE,3.00 l,ko,14.99,5,,14.99,14.99,3850257019457,PIĆE
VINO ROSE KV 0.75L VINA LAGUNA,90311384,LAGUNA,0.75 l,ko,6.25,8.33,,5.35,5.35,3858881190221,PIĆE
KULEN 80g NAR PODRAVKA,90316888,PODRAVKA,0.08 kg,ko,1.95,24.38,,1.95,1.95,3856020213244,HRANA
HRANA PSI VON BARF CLASS 10X250g,90320208,VON BARF,2.50 kg,ko,20.49,8.2,,16.38,20.49,3859893426018,PROIZVODI ZA KUĆANSTVO
TUNJ SALATA MEXICANA 160g EVA,90320980,EVA,0.16 kg,ko,4.29,26.81,,1.99,4.29,3856020218126,HRANA
KREKER RIŽA LAN SUNC 100g NATUREL,90325999,NATUREL,0.10 kg,ko,1.89,18.9,,1.89,1.89,8606012163157,HRANA
BOMBON SPAGHETTI JAGODA 80g BEBETO,90343015,BEBETO,0.08 kg,ko,0.99,12.38,,0.93,0.93,8690146679516,HRANA
ČOKOLADA RIBANA BIJELA 100g RUF,90360058,RUF,0.10 kg,ko,3,30,,2.47,3.09,4002809024399,HRANA
NAMAZ KIKIRIKI MASLAC KOMADI K PLUS 350g,90362815,K PLUS,0.35 kg,ko,2.99,8.54,,2.99,2.99,3850334153937,HRANA
OSLIĆ BEZ GLAVE OCEAN 1kg,90385602,OCEAN,1.00 kg,ko,4.99,4.99,,3.69,3.69,3850334388001,HRANA
MEDALJONI OD PIL/PUR MESA 430g,90389403,AIA,0.43 kg,ko,,6.16,2.65,2.65,2.65,8008110016395,HRANA
UMAK SRIRACHA CHILLI 380ml GO-TAN,90403328,GO-TAN,0.30 l,ko,5.29,17.63,,5.29,5.29,8710605030372,HRANA
UMAK RICOTTA MINUTE 400g,90406509,MINUTE,0.40 kg,ko,2.29,5.73,,1.79,2.29,3850334130396,HRANA
PIĆE GAZ  COCA COLA 12PACK 0.15L,90407074,COCA COLA,1.80 l,ko,6.85,3.81,,6.85,6.85,5449000034229,PIĆE
PIĆE NEGAZ CAPPY MINT LEM 1.25L PET,90407747,CAPPY,1.25 l,ko,1.99,1.59,,1.69,1.99,5000112653793,PIĆE
MED LIVADSKI 450g ŽUPANJA,90412089,KUĆA MEDA,0.45 kg,ko,8.76,19.47,,8.76,8.76,3859893780066,HRANA
MUFFIN MRAMORNI 325g DR OETKER,90412524,DR OETKER,0.33 kg,ko,3.79,11.66,,3.79,3.79,5997381365352,HRANA
ČETKICA ELMEX KIDS ( 3-6),90424573,ELMEX,1.00 ko,ko,3.49,3.49,,3.49,3.49,7610108043552,KOZMETIKA
PIĆE ALKOH HOLIDAY CREAM 0.7L,90424685,HOLIDAY CREAM,0.70 l,ko,8.29,11.84,,8.29,8.29,4009887221702,PIĆE
NATUREL IMMUNO 3-PROTECT 50g (10 X 5g),90468562,NATUREL,0.05 kg,ko,4.29,85.8,,4.29,4.29,3858889365058,HRANA
SAPUN TEK GENERA ANTIBAK 1L,08151629,GENERA,1.00 l,ko,2.79,2.79,,2.79,2.79,8003693401002,KOZMETIKA
PIL KRILA U PIKANTNOJ MARINADI 450g VINDIJA,90038821,CEKIN,0.45 kg,ko,4.49,9.98,,3.99,4.49,3850159150227,HRANA
BUĐOLA 1/2 VAK PIK,90052687,PIK VRBOVEC,1.00 kg,kg,26.99,26.99,,26.99,26.99,3850139050431,HRANA
STICK OLDSP WOLF 50ml,90057481,OLD SPICE,0.05 l,ko,,74.8,3.74,4.99,4.99,8700216162173,KOZMETIKA
KEKS BABY LINO 140g,90084045,LINO,0.14 kg,ko,1.89,13.5,,1.89,1.89,3850104269219,HRANA
POSL KEKS SENDVIĆ PSI 500g HOBBY DOG,90090430,HOBBY,0.50 kg,ko,3.59,7.18,,3.59,3.59,3838964270248,PROIZVODI ZA KUĆANSTVO
TJESTENINA SPAGHETTI MARODI 400g,90104245,MARODI,0.40 kg,ko,1.89,4.73,,1.89,1.9,3859888666399,HRANA
KH-7 SREDSTVO ZA UKLANJANJE MRLJA 750ML,90138798,KH-7,0.75 l,ko,5.45,7.27,,4.29,5.45,8420822115799,SREDSTVA ZA ČIŠĆENJE
TABASCO HABANERO 60ML MC ILH,90141465,TABASCO,0.06 l,ko,5.71,95.17,,5.71,5.71,011210006508,HRANA
KEKS MILKA CHOCO COW 120g,90166762,MILKA,0.12 kg,ko,2.25,18.75,,1.57,2.25,7622300864057,HRANA
LIKER BOROVNICA 21 % 0.70 L,90181002,ZVEČEVO,0.70 l,ko,9.99,14.27,,9.99,9.99,3858894170821,PIĆE
VINO POŠIP-RUKATAC CUVEE ARTE CLASSICA 0.75L MADIRAZZA,90218519,MADIRAZZA,0.75 l,ko,12.59,16.79,,12.59,12.59,3859889833066,PIĆE
MUFFIN ČOKOLADA BEZ GL 65g SCHAR,90270262,DR SCHAR,0.07 kg,ko,,22,1.43,1.79,1.79,8008698015988,HRANA
SIR ZRNATI SA VLASCEM 200G PRESIDENT,90281708,PRESIDENT,0.20 kg,ko,2.29,11.45,,2.29,2.29,3850355005307,HRANA
NAMAZ HUMMUS SJEM BUNDE 200g RIBELLA,90290999,RIBELLA,0.20 kg,ko,2.25,11.25,,1.99,2.25,8606011898869,HRANA
VINO CABERNET SAUVIGNON KVALITETNO 2015,90308592,ĐAKOVAČKA BISKUPIJA,0.75 l,ko,7.95,10.6,,7.95,7.95,3859888310315,PIĆE
KOKOSOVA VODA 0.32L LIM,90330549,COCONAUT WATER,0.32 l,ko,2.25,7.03,,2.25,2.25,8936020052533,PIĆE
PROSERIES ENERGY GEL 40g LEMON-LIME,90344469,POLLEO,0.04 kg,ko,1.99,49.75,,1.99,1.99,3859893008795,PIĆE
OM VIOLETA CARING DREAM 1.5L,90699073,VIOLETA,1.50 l,ko,4.55,3.03,,2.99,4.55,3870128034808,SREDSTVA ZA ČIŠĆENJE
PIVO STAROPRAMEN 4PACK SLK LIM 0.33L,90699179,STAROPRAMEN,1.32 l,ko,4.05,3.07,,4.05,4.05,3850131006030,PIĆE
KRUH PRIMORSKI 500g MLINAR,90703612,MLINAR,0.50 kg,ko,1.99,3.98,,1.99,1.99,3858889899966,HRANA
SLAD MONTE KORNET 4x120ml,90703708,MONTE,0.48 l,ko,6.99,14.54,,6.99,6.99,4014500519821,HRANA
DEO BOROTALCO M AMBER 150ml,90703905,BOROTALCO,0.15 l,ko,,13.27,1.99,1.99,3.99,8002410044539,KOZMETIKA
SERUM DELIA VITAMIN C 30ml,90703826,DELIA,0.03 l,ko,6.35,211.67,,6.35,6.35,5906750801636,KOZMETIKA
BABY MRKVA GARDEN GOOD 750g,90704019,GARDEN GOOD,0.75 kg,ko,1.99,2.65,,1.99,1.99,3838900844212,HRANA
PIRE VOĆ JAB BAN BIO100g FRULLA,90705139,FRULLA,0.10 kg,ko,1.19,11.9,,0.89,1.19,8024985003988,HRANA
TRAKE VEET DEPIL NOGE 20/1,90705159,VEET,20.00 ko,ko,,0.31,6.29,8.19,8.19,5997321774732,KOZMETIKA
KROASAN SUNNY MIDI VANIL 50gX5KOM,90705769,SUNNY,0.25 kg,ko,1.89,7.56,,1.89,1.89,3850334043207,HRANA
DET ARIEL REVITA BLACK 1.7L=34PR,90705902,ARIEL,1.70 l,ko,10,5.88,,10,10,8006540878897,SREDSTVA ZA ČIŠĆENJE
ONE SP MINI JUNIOR PIL RIŽA 800g,90707416,ONE,0.80 kg,ko,5.49,6.86,,5.49,5.49,7613287640079,PROIZVODI ZA KUĆANSTVO
KAVA ESPR CREMOSO ZRNO 500g BARCAFFE,90707707,BARCAFFE,0.50 kg,ko,11.99,23.98,,11.99,11.99,3838471042703,HRANA
POSEBNA PILEĆA EXTRA 1200g  XXL,90712712,PP,1.20 kg,ko,3.05,2.54,,2.65,2.65,3850220408134,HRANA
FLIPS ČOKO/NARANČA STOBI 60g VITAMINKA,90715169,CHOCO STOBI,0.06 kg,ko,1.29,21.5,,1.29,1.29,5310005028820,HRANA
TUNA CIJELA RZ KOMIŽA,90725613,RZ KOMIŽA,1.00 kg,kg,26.99,26.99,,12.71,21.19,,HRANA
VAFL ROLLS LJEŠNJAK 140g ROSHEN,90725736,ROSHEN,0.14 kg,ko,1.55,11.07,,1.55,1.55,4823077633058,HRANA
BOM GUM YUMMI GUMMI GALAXY LIFE 70g,90729977,ROSHEN,0.07 kg,ko,0.89,12.71,,0.89,0.89,4823077636356,HRANA
KEKS CUSTARD BG BŠ 115g SCHAR,90730119,DR SCHAR,0.12 kg,ko,,31.22,3.59,4.49,4.49,8008698040867,HRANA
SAPUN TEK NICE MED MLIJEKO 1L REFIL,90730476,NICE,1.00 l,ko,,1.09,1.09,1.49,1.49,8606107036434,KOZMETIKA
RAJČICA PASIRANA 360g TOMAŠEC,90731308,OPG TOMAŠEC,0.36 kg,ko,2.89,8.03,,2.89,2.89,3850334073839,HRANA
TJEST RIGATI NAR BATAT 400g PEREC,90731598,OPG PEREC,0.40 kg,ko,,6.23,2.49,2.99,2.99,3859894123213,HRANA
KEKS BISCOFF 124g LOTUS,90731947,LOTUS,0.12 kg,ko,1.69,13.63,,1.69,1.69,5410126006339,HRANA
MJEŠAVINA RUSTIKALNA 400g BONDUELLE,90732257,BONDUELLE,0.40 kg,ko,2.99,7.48,,2.99,2.99,3083681139327,HRANA
FELIX PARTY MIX MIXED GRILL 60g,90733361,FELIX,0.06 kg,ko,1.59,26.5,,1.19,1.59,3858890176957,PROIZVODI ZA KUĆANSTVO
VOLI VOLI SP PIL I GOV 3kg,90733579,VOLI VOLI,3.00 kg,ko,6.39,2.13,,3.99,6.39,3859893822520,PROIZVODI ZA KUĆANSTVO
VOĆNI PRUTIĆI NATURE ADD JAGODA 35g,90733595,NATURE ADDICTS,1.00 ko,ko,1.65,1.65,,1.65,1.65,3609200008969,HRANA
GEL TUŠ OLEA MEDITERAN SMILJE 250ml,90735092,OLEA,0.25 l,ko,,6.36,1.59,1.99,1.99,3850334099334,KOZMETIKA
KREMA TIJ OLEA MEDITER LAVAN 250ml,90735107,OLEA,0.25 l,ko,,9.56,2.39,2.99,2.99,3850334100030,KOZMETIKA
ČAJ WOMENS BALANCE 30.6g YOGI TEA,90744649,YOGI TEA,0.03 kg,ko,3.69,120.59,,3.69,3.69,4012824401631,HRANA
DET PERSIL UNIVERSAL 26TAB,90744911,PERSIL,26.00 ko,ko,,0.38,9.99,9.99,9.99,9000101599466,SREDSTVA ZA ČIŠĆENJE
DET PERSIL COLOR 26TAB,90744941,PERSIL,26.00 ko,ko,,0.38,9.99,9.99,9.99,9000101800043,SREDSTVA ZA ČIŠĆENJE
AJVAR BLAGI 560g DOORA,90745390,DOORA,0.56 kg,ko,3.32,5.93,,3.32,3.32,3858894541621,HRANA
VREĆICA TREGER VELIKA KONZUM,90745991,K PLUS,1.00 ko,ko,0.2,0.2,,0.2,0.2,3850334098498,PROIZVODI ZA KUĆANSTVO
GEL TAFT POWER INVISIBLE 150 ml,90749869,TAFT,0.15 l,ko,,29.27,4.39,4.39,5.49,9000100876452,KOZMETIKA
PAHULJICE SUPER OAT  375 g NATUREL,90750385,NATUREL,0.38 kg,ko,,8.75,3.28,3.99,3.99,3858889366741,HRANA
ŠPEK PODRAVSKI 350g PODRAVKA,90754732,PODRAVKA,0.35 kg,ko,5.59,15.97,,5.59,5.59,3856020272760,HRANA
SLAD CINQUE STELLE PISTACIJA 4x90 ml,90759867,SAMMONTANA,0.24 l,ko,5.99,24.98,,5.99,5.99,8005840020777,HRANA
GEL TUŠ NIVEA BABY BED TIME 200ml,90764805,NIVEA,0.20 l,ko,,21.9,4.38,5.49,5.49,9005800369174,KOZMETIKA
HIPP BIO ŽK ŽITARICE 22g,90764879,HIPP,1.00 ko,ko,0.89,0.89,,0.89,0.89,9062300138235,HRANA
FLASTERI C&C KIDS 15/1 SEPTONA,90769937,SEPTONA,15.00 ko,ko,1.35,0.09,,1.35,1.35,5201410003093,TOALETNE POTREPŠTINE
JOGURT BEZ LAKT NAT 180g FREE ZONE,90770072,FREE ZONE,0.18 kg,ko,0.45,2.5,,0.45,0.45,3838900830215,HRANA
OCAT JABUČNI 0.25L DUE VITTORIE,90770079,DUE VITTORIE,0.25 l,ko,4.99,19.96,,4.99,4.99,8022734111885,HRANA
PIZZA MINI ŠUNKA SIR 270 g BUITONI,90770122,BUITONI,0.27 kg,ko,4.49,16.61,,4.49,4.49,8445290581129,HRANA
PIZZA MINI SLANINA 270 g BUITONI,90770132,BUITONI,0.27 kg,ko,4.49,16.61,,4.49,4.49,8445290581389,HRANA
UMAK 4 VRSTE SIRA 42 g FANT,90770341,FANT,0.04 kg,ko,1.19,28.33,,1.19,1.19,3856020269432,HRANA
RIŽA ZA DOMAĆA JELA 800 g SCOTTI,90770764,RISO SCOTTI,0.80 kg,ko,2.99,3.74,,2.99,2.99,8001860184253,HRANA
INDIJSKI ORAŠČIĆ PRŽENI SLANI 70 g MOGYI,90771050,MOGYI,0.07 kg,ko,2.45,35,,1.84,2.45,5997347542766,HRANA
DET WEISSER RIESE UNIV 4.95 kg=90PR,90774735,WEISSER RIESE,4.95 kg,ko,18.99,3.84,,18.99,18.99,9000101807035,SREDSTVA ZA ČIŠĆENJE
ŠAMPON SYOSS INTENSE PLEX 440 ml,90775209,SYOSS,0.44 l,ko,,10.2,4.49,4.49,4.49,9000101731460,KOZMETIKA
KREMA TIJ NIVEA LUMINOUS 200 ml,90775312,NIVEA,0.20 l,ko,,64.3,12.86,18.39,18.39,5900017090979,KOZMETIKA
KREMA RUKE BIOB BOTANIC GARDEN 50 ml,90775385,BIOBAZA,0.05 l,ko,2.99,59.8,,2.99,2.99,3856020914493,KOZMETIKA
PAPRIKA ZAČ SLATKA DIMLJ 70g SOTINAC,90750980,OPG SOTINAC,0.07 kg,ko,1.79,25.57,,1.79,1.79,3859893718311,HRANA
DŽEM ŠIPAK DOORA 680 g,90754651,DOORA,0.68 kg,ko,5.49,8.07,,5.49,5.49,3858894541744,HRANA
MARINIRANI PILEĆI MINI FILE 400g,90765298,PERUTNINA PT,0.40 kg,ko,5.99,14.98,,4.89,5.99,3850220408806,HRANA
SLAD GELATISSIMO COOL PARTY 10x75 ml,90769680,GELATISSIMO,0.29 l,ko,3.79,13.15,,2.49,3.79,3838900837375,HRANA
PAPAR CRNI ZRNO 50 g VEGETA MAESTRO,90770291,VEGETA MAESTRO,0.05 kg,ko,2.39,47.8,,2.39,2.39,3856020202071,HRANA
PIR 150g/140g D AUCY,90770417,D AUCY,0.14 kg,ko,1.19,8.5,,1.19,1.19,3017800252536,HRANA
KREKER RIŽA INTEG SLANI ACTIVE ZONE 50 g,90775589,ACTIVE ZONE,0.05 kg,ko,0.45,9,,0.35,0.45,3838900838235,HRANA
ŠTRUDLICE PREKRAŠNI MIJEŠ VOĆE 200g,90789858,PREKRAŠNI ŠTRUDLICE,0.20 kg,ko,1.99,9.95,,1.39,1.39,3850102009992,HRANA
VINO PREMIUM SYRAH TOUCH 0.75L,90814773,TOUCH,0.75 l,ko,25.05,33.4,,25.05,25.05,3859893289231,PIĆE
UMAK ARRABBIATA 260g AGROMONTE,90814789,AGROMONTE,0.26 kg,ko,3.99,15.35,,3.39,3.99,8032817245918,HRANA
ČAJ ZELENI 20/1 35g TEEKANNE,90819726,TEEKANNE,0.04 kg,ko,1.99,56.86,,1.99,1.99,5901086000333,HRANA
VINO TRAMINAC PREST ST.JEROME 0.75 L,90824981,ST.JEROME,0.75 l,ko,12.55,16.73,,12.55,12.55,3858893390756,PIĆE
AJVAR GARDEN GOOD BLAGI PREM 550g,90826452,GARDEN GOOD,0.55 kg,ko,6.59,11.98,,4.99,6.59,3850334431707,HRANA
KREKER SALTAS SLANINA 100g,90829677,SALTAS,0.10 kg,ko,0.95,9.5,,0.71,0.95,3856014107573,HRANA
PROTEIN BAR GRENADE OREO MILK 60 g,90839995,GRENADE,0.06 kg,ko,2.99,49.83,,2.99,2.99,5060811383254,HRANA
DEO KREMA BIOB SILKY COMF 35 ml,90850207,BIOBAZA,0.04 l,ko,,105.43,3.69,5.29,5.29,3856020915186,KOZMETIKA
REGEN PANTENE REPAIR&PROTECT 275 ml,90850393,PANTENE,0.28 l,ko,5.99,21.78,,2.99,2.99,8700216422338,KOZMETIKA
ZP AQF INTENSE WHITENING 75 ml,90850465,AQUAFRESH,0.08 l,ko,3.89,51.87,,3.89,3.89,5054563159250,KOZMETIKA
LOSION MELEM VITAMIN 200 ml,90850539,MELEM,0.20 l,ko,5.49,27.45,,4.39,5.49,3856007912207,KOZMETIKA
ŠLJIVA SUHA B/K 200 g NATURA,90850624,NATURA,0.20 kg,ko,2.69,13.45,,1.88,2.69,3859892798505,HRANA
FELIX MM JUHA RIBA 6X48 g,90864723,FELIX,0.29 kg,ko,2.99,10.38,,2.39,2.99,8445291612433,PROIZVODI ZA KUĆANSTVO
KAVA CAFFE CREMA ZRNO 1000 g JULIUS,90874677,JULIUS MEINL,1.00 kg,ko,31.99,31.99,,31.99,31.99,9000403895334,HRANA
DŽEM EXTRA SM MALINA CHILLI 230 g,90880069,SPECIAL MOMENTS,0.23 kg,ko,2.99,13,,2.99,2.99,3850334437297,HRANA
TRETMAN SCHAUMA LONG HAIR 300 ml,90885564,SCHAUMA,0.30 l,ko,,13.3,3.99,4.99,4.99,9000101750393,KOZMETIKA
SIR PROTEIN SLICE 120 g PRESIDENT,90885856,PRESIDENT,0.12 kg,ko,2.99,24.92,,2.99,2.99,3850355008148,HRANA
OM LENOR FA SENSITIVE 700 ml,90886141,LENOR,0.70 l,ko,7.39,10.56,,7.39,7.39,8700216722872,SREDSTVA ZA ČIŠĆENJE
GAZ PIĆE LEMONISH LIMUN 1.25 L,90889859,LEMONISH,1.25 l,ko,2.29,1.83,,2.29,2.29,3838471049023,PIĆE
FILTER ZA KAVU MELITTA 4/40KOM,90719989,MELITA,40.00 ko,ko,2.49,0.06,,2.49,2.49,4006508200016,PROIZVODI ZA KUĆANSTVO
VODKA SMIRNOFF ICE RED CAN 0.25L ,90719992,SMIRNOFF,0.25 l,ko,3.59,14.36,,3.59,3.59,5410316997980,PIĆE
SKUŠA FIL U BILJ ULJU 100g/70g EVA,90726049,EVA,0.07 kg,ko,2.79,39.86,,2.79,2.79,3856020263034,HRANA
ZP SENS PRONAMEL KIDS 50ml 6+GOD,90726062,SENSODYNE,0.05 l,ko,,67.6,3.38,3.99,3.99,5054563219237,KOZMETIKA
SALV PALOMA BOŽIĆ BERRIES 33X33 20/1,90726728,PALOMA,1.00 ko,ko,2.29,2.29,,2.29,2.29,3838952034630,PROIZVODI ZA KUĆANSTVO
KITEKAT MM LOSOS 85g VR,90730441,KITEKAT,0.09 kg,ko,0.75,8.82,,0.75,0.75,5900951307348,PROIZVODI ZA KUĆANSTVO
KOLAČIĆ GO ON PROTEIN ČOKOLADA 50g,90730802,GO ON,0.05 kg,ko,1.99,39.8,,1.99,1.99,5900617039774,HRANA
ČAJ MINT GREEN 15/1 30g ETS,90731639,ENGLISH TEA SHOP,0.03 kg,ko,5.99,199.67,,5.99,5.99,680275059547,HRANA
NAMAZ VOĆ NARANČA 284g DALFOUR,90733271,ST DALFOUR,0.28 kg,ko,4.64,16.34,,4.64,4.64,3492390007429,HRANA
INSTANT NESCAFE GOLD VR REFILL 150g,90733639,NESCAFE,0.15 kg,ko,10.29,68.6,,10.29,10.29,8445290795083,HRANA
SIR ZRNATI ACTIVE ZONE PROTEIN 0.8% MM 150g,90739771,ACTIVE ZONE,0.15 kg,ko,,9.73,1.46,1.46,1.46,3850334411778,HRANA
PRŠUT IBERICO NAREZAK REVISAN 100g,90744769,REVISAN,0.10 kg,ko,11.49,114.9,,11.49,11.49,8436024019117,HRANA
DET PERSIL COLOR 13TAB,90744931,PERSIL,13.00 ko,ko,,0.54,6.99,4.99,9.99,9000101800012,SREDSTVA ZA ČIŠĆENJE
SALV PALOMA BUNNY&FLO 33X33 3SL 20/1,90750541,PALOMA,1.00 ko,ko,1.69,1.69,,1.35,2.29,3838952035323,PROIZVODI ZA KUĆANSTVO
MIX ANAMARIA 2U1 LATTE 10/1 120g,90754674,ANAMARIA,0.12 kg,ko,2.39,19.92,,2.39,2.39,3858881771833,HRANA
SALAMA ZIMSKA ANDRO,90759941,ANDRO,1.00 kg,kg,14.99,14.99,,14.99,14.99,,HRANA
TIJESTO CONCHIGLIONI RIGATI 500 g CECCO,90770148,DE CECCO,0.50 kg,ko,3.89,7.78,,3.89,3.89,8001250121264,HRANA
UMAK SRIRACHA MAYO 215 ml GO-TAN,90770588,GO-TAN,0.22 l,ko,3.35,15.58,,3.35,3.35,8710605030044,HRANA
ŠAMPON H&S APPLE FRESH 800 ml,90771153,HEAD&SHOULDE,0.80 l,ko,12.49,15.61,,12.49,12.49,8700216306782,KOZMETIKA
GEL TUŠ DOVE W DEEPLY NOURISH 225 ml,90775061,DOVE,0.23 l,ko,,14.93,3.36,4.49,4.49,8720181457494,KOZMETIKA
SOK 100% BRESKVA FRUCTAL  0.75 L,90785010,FRUCTAL,0.75 l,ko,2.15,2.87,,2.05,2.15,3838945042680,PIĆE
ŠUNKA KUHANA ALA PREKRIŽJE,90789807,MM,1.00 kg,kg,7.99,7.99,,5,7.99,,HRANA
BOJA COLOR NAT 5.25 OPAL MAHOGA,90800422,GARNIER COL NATURALS,1.00 ko,ko,,3.69,3.69,4.99,4.99,3600542617260,KOZMETIKA
POGAČICA SIR MINUTE 1 kg,90810830,MINUTE,1.00 kg,ko,3.99,3.99,,3.99,3.99,3850334429803,HRANA
NJOKI BG 500 g RUMMO,90825572,RUMMO,0.50 kg,ko,4.89,9.78,,4.89,4.89,8008343801171,HRANA
ČOKOLADA MLINAC 62G KOTANYI,04100889,KOTANYI,0.06 kg,ko,2.92,47.1,,2.92,2.92,9001414004906,HRANA
KEKS PETIT BEURRE 480g KRAŠ,04151117,KRAŠ,0.48 kg,ko,2.99,6.23,,2.39,2.99,3850102311439,HRANA
VAFL NAPOLITANKA NOUGAT 840g KRAŠ,04152518,KRAŠ,0.84 kg,ko,4.99,5.94,,3.95,4.99,3850102326198,HRANA
DESERT KINDER SCHOKO BONS 125g,04227011,FERRERO,0.13 kg,ko,3.29,26.32,,2.63,3.29,5413548280189,HRANA
PEKMEZ ŠLJIVA 240G DIDA BOŽA,04280318,DIDA BOŽA,0.24 kg,ko,3.69,15.37,,2.58,3.69,3859891515110,HRANA
METLA SOB VILEDA 2U1 DUACT DRŠ  5755,05512815,VILEDA,1.00 ko,ko,23.99,23.99,,15.99,23.99,4023103095755,PROIZVODI ZA KUĆANSTVO
VREĆA SMEĆE LD 70L 8/1 VEZ GEA,05520604,GEA,8.00 ko,ko,2.25,0.28,,2.25,2.25,3870075004107,PROIZVODI ZA KUĆANSTVO
SAPUN TEK PALM AQUARIUM 300ml 3040,06510006,PALMOLIVE,0.30 l,ko,,7.3,2.19,3.19,3.19,8003520013040,KOZMETIKA
GEL TUŠ PALM AROMA RELAX 250ml,06520817,PALMOLIVE,0.25 l,ko,2.99,11.96,,1.49,2.99,8718951430334,KOZMETIKA
GEL TUŠ PALM OS OLIVE 250ml,06520985,PALMOLIVE,0.25 l,ko,2.99,11.96,,1.49,2.99,5996175230975,KOZMETIKA
ŠAMPON NIVEA DIAMOND GLOSS 250ML,06521671,NIVEA,0.25 l,ko,4.59,18.36,,4.59,4.59,9005800217147,KOZMETIKA
ČETKICA AQUA CL&FL TVRDA 7751,06530142,AQUAFRESH,1.00 ko,ko,2.59,2.59,,2.59,2.59,5054563932327,KOZMETIKA
LAK SYOSS VOLUME LIFT 300ML,06541076,SYOSS,0.30 l,ko,,15.5,4.65,4.65,4.65,9000100590242,KOZMETIKA
BOJA COMPLETE COL N54 AUBURN 7831,06549337,ANNYER,1.00 ko,ko,3.99,3.99,,3.99,3.99,3850177007831,KOZMETIKA
DEO SPREJ DENIM 150ml BLACK 6040,06551391,DENIM BRAND,0.15 l,ko,,19,2.85,3.59,3.59,8008970004242,KOZMETIKA
DEO REXONA PURE SILV 150ml 2607,06555326,REXONA,0.15 l,ko,4.75,31.67,,3.49,4.75,8712561319171,KOZMETIKA
LOSION NIV SUN DJ F50+ 200ml,06592256,NIVEA,0.20 l,ko,,61.45,12.29,20.49,20.49,4006000075402,KOZMETIKA
KREMA NIVEA 30ML        1015,06599067,NIVEA,0.03 l,ko,,53.33,1.6,1.69,2.29,0000042158486,KOZMETIKA
SAKUPLJAČ VLAGE BISON BAZA 450g,08030785,BISON,0.45 kg,ko,9.49,21.09,,9.49,9.49,8710439279060,SREDSTVA ZA ČIŠĆENJE
VIM CITRO 500g,08030796,VIM,0.50 kg,ko,1.85,3.7,,1.85,1.85,3850105136404,SREDSTVA ZA ČIŠĆENJE
SRED FROSCH UNIVERS LAVANDA 1L,08031228,FROSCH,1.00 l,ko,3.09,3.09,,3.09,3.09,4009175907844,SREDSTVA ZA ČIŠĆENJE
MAJONEZA ČILI 165g ZVIJEZDA,90031344,ZVIJEZDA,0.17 kg,ko,,10.85,1.79,2.39,2.39,3856015304339,HRANA
POSLASTICA DENTAL 3U1 120G VK,90033212,VITAKRAFT,0.12 kg,ko,2.55,21.25,,2.55,2.55,4008239309167,PROIZVODI ZA KUĆANSTVO
PIVO OSJEČKO BLACK RADLER 0.5L PB,90043485,OSJEČKO,0.50 l,ko,1.15,2.3,,1.15,1.15,3858895010003,PIĆE
ZAČIN CHILI JALAP MLIN 24g KOTANYI,90045418,KOTANYI,0.02 kg,ko,3.98,165.83,,3.98,3.98,9001414900598,HRANA
ZP KALODONT MICROGRANULE 75 ml,90051196,KALODONT,0.08 l,ko,1.59,21.2,,1.25,1.59,3850105143044,KOZMETIKA
ČAJ NARANČA CIMET KLINČIĆ PODR 50g,90055406,PODRAVKA,0.05 kg,ko,2.06,41.2,,2.06,2.06,3850104263279,HRANA
VODICA LISTERINE TOTAL CARE 500ml,90056397,LISTERINE,0.50 l,ko,,10.78,5.39,7.25,7.25,3574660415506,KOZMETIKA
TIJESTO MAKARONI JAJ 400g KOLEDA,90060207,KOLEDA,0.40 kg,ko,2.25,5.63,,1.59,2.25,3859888433267,HRANA
BOJA SYOSS OLEO 8-05 BEŽ PLAVA,90065468,SYOSS OLEO,1.00 ko,ko,,6.49,6.49,6.49,7.99,9000100840965,KOZMETIKA
FRISKIES SP BALANCE 500g,90071592,FRISKIES,0.50 kg,ko,2.29,4.58,,1.59,2.29,7613031397006,PROIZVODI ZA KUĆANSTVO
LIKER PELINKOV NARANČA 1L 25% BADEL,90077666,BADEL 1862,1.00 l,ko,16.05,16.05,,16.05,16.05,3850112110930,PIĆE
ČOK DORINA NOISETTE 220g FLOW PACK,90083732,DORINA,0.22 kg,ko,4.49,20.41,,3.49,4.49,3850102501984,HRANA
KREMA LOREAL AGE SPEC 35+ DNE 50ML,90089952,LOREAL,0.05 l,ko,9.99,199.8,,9.39,9.99,3600522550051,KOZMETIKA
KAŠICA HIPP PK MEDITERANSKO POVRĆE 190G,90092970,HIPP,0.19 kg,ko,1.75,9.21,,1.75,1.75,4062300257658,HRANA
KRUH CIABATTINE BEZ GL 200g SCHAR,90106816,DR SCHAR,0.20 kg,ko,,15.55,3.11,3.89,3.89,8008698010259,HRANA
MASLINE ZELENE BEZ KOŠTICA 300g,90135769,POLLI,0.14 kg,ko,3.19,23.63,,3.19,3.19,8001310074288,HRANA
KH-7 SREDSTVO UKLANJANJE KAMENCA 750ML,90138796,KH-7,0.75 l,ko,5.05,6.73,,3.99,5.05,8420822116543,SREDSTVA ZA ČIŠĆENJE
MORTADELA SAN GIORGIO 1/2 VP,90140329,GAVRILOVIĆ,1.00 kg,kg,8.49,8.49,,8.49,8.49,3858881227026,HRANA
NEGAZ PIĆE BRESKVA FRUCTAL CLASS 1L,90142230,FRUCTAL,1.00 l,ko,,1.49,1.49,1.39,1.89,3838945029223,PIĆE
LIKER OD MEDA INCANTO 0.5L,90145419,INCANTO,0.50 l,ko,13.85,27.7,,13.85,13.85,3858891172484,PIĆE
TJESTENINA PŠEN GNIJEZDA GO TAN 250g,90150247,GO-TAN,0.25 kg,ko,2.79,11.16,,2.79,2.79,8710605028492,HRANA
ULOŠCI INKO VIR SPEC NOR 10/1,90152909,VIR,10.00 ko,ko,2.99,0.3,,2.99,2.99,3838985871134,TOALETNE POTREPŠTINE
RAKIJA MIODULA GIFT BOX 0.5L,90154433,MIODULA,0.50 l,ko,26.05,52.1,,26.05,26.05,5907522603069,PIĆE
UMAK PESTO ALLA SICILIANA POLLI 190g,90155340,POLLI,0.19 kg,ko,3.49,18.37,,3.49,3.49,8001310810800,HRANA
KRUPICA PŠENIČNA  ZLATO POLJE  450g,90156721,ZLATO POLJE,0.45 kg,ko,1.59,3.53,,1.59,1.59,3838700540086,HRANA
GRAH SMEĐI ZVIJEZDA 400/240G,90157602,ZVIJEZDA,0.24 kg,ko,1.29,5.37,,1.29,1.29,3856015309648,HRANA
PERMETAL PROTIV KAMENCA 650ml,90161965,PERMETAL,0.65 l,ko,3.45,5.31,,2.76,3.45,3850111753831,SREDSTVA ZA ČIŠĆENJE
BOMBON NEGRO 200g PIONIR,90210735,PIONIR,0.20 kg,ko,2.39,11.95,,2.39,2.39,8602300219681,HRANA
ČETKICA ELMEX JUNIOR,90214928,ELMEX,1.00 ko,ko,,2.99,2.99,3.99,3.99,7610108043583,KOZMETIKA
ZAČIN GRILL PIKAN PEČENJE VR 30g VEGETA NATUR PODRAVKA,90215060,VEGETA NATUR,0.03 kg,ko,1.19,39.67,,0.79,1.19,3850104277238,HRANA
PIVO PAN 0.5L BOCA POV AMB PAN PIVO,03130018,PAN,0.50 l,ko,1.19,2.38,,0.99,1.19,3859888291416,PIĆE
ČAJ ZELENI S LIMUNOM TEEKANNE,03162552,TEEKANNE,0.04 kg,ko,1.99,56.86,,1.99,1.99,5901086000555,HRANA
KRUH RAŽENI 500g MASTER,04010632,MASTERMACHER,0.50 kg,ko,2.49,4.98,,2.49,2.49,4000446001728,HRANA
MUESLI VOĆNI BRUGGEN 1000g,04175013,BRUEGGEN,1.00 kg,ko,5.39,5.39,,5.39,5.39,4008713701999,HRANA
PRELJEV ČOKOLADA 403g NESQUIK,04180811,NESQUIK,0.40 kg,ko,5.19,12.88,,5.19,5.19,9002100023874,HRANA
ČOKOLADA DORINA ZA KUHANJE 300g KR,04212090,DORINA,0.30 kg,ko,5.59,18.63,,4.49,5.59,3850102120697,HRANA
SLADILO NATREN TABL 500KOM,04280257,NATREN,0.03 kg,ko,4.49,140.31,,4.49,4.49,8711000476208,HRANA
ŠAMPON NIVEA ZA MUŠKARCE 250Mml4236,06523538,NIVEA,0.25 l,ko,4.59,18.36,,4.59,4.59,4005808255832,KOZMETIKA
ŠAMPON SYOSS SUHO PRANJE MASNA 200ML,06524356,SYOSS,0.20 l,ko,,22.45,4.49,4.49,4.49,9000100695800,KOZMETIKA
LAK SYOSS MAX HOLD 300ML,06541072,SYOSS,0.30 l,ko,,15.5,4.65,4.65,4.65,9000100589918,KOZMETIKA
PJENA NIVEA MILD 200ML,06560599,NIVEA,0.20 l,ko,5.09,25.45,,3.79,5.09,4005808228980,KOZMETIKA
SOL SOMAT 1.5kg         7293,08010060,SOMAT,1.50 kg,ko,,1.53,2.29,2.29,2.29,9000100147293,SREDSTVA ZA ČIŠĆENJE
DOMESTOS PINE 750ML     9797,08030272,DOMESTOS,0.75 l,ko,2.95,3.93,,1.49,2.95,5996037079797,SREDSTVA ZA ČIŠĆENJE
DRŠKA ZA METLE UNIVERZALNA VILEDA,90029930,VILEDA,1.00 ko,ko,5.19,5.19,,5.19,5.19,4023103071209,PROIZVODI ZA KUĆANSTVO
NAMAZ POV SA MASL 75g NATUREL,90030975,NATUREL,0.08 kg,ko,1.45,19.33,,0.99,1.45,3858887246205,HRANA
LIP BALM MELEM MEN 4.5g,90052169,MELEM,0.01 kg,ko,,708.89,3.19,3.11,3.89,3856007904134,KOZMETIKA
SALVETE VIOLETA 38X38 2SL BIJELE 25/1,90053686,VIOLETA,25.00 ko,ko,1.59,0.06,,1.59,1.59,3870128001169,PROIZVODI ZA KUĆANSTVO
VL MARAMICE VIOLETA SOFT LOSION 72/1,90058715,VIOLETA,72.05 ko,ko,2.15,0.03,,2.15,2.15,3870128000957,TOALETNE POTREPŠTINE
BOJA SYOSS OLEO 4-60 ZLATNO SMEĐA,90059985,SYOSS OLEO,1.00 ko,ko,,6.49,6.49,6.49,7.99,9000100814911,KOZMETIKA
BOJA ZA KOLAČ ŽUTA 10g DR.OETKER,90060238,DR OETKER,0.01 kg,ko,1.59,159,,1.59,1.59,5907707054693,HRANA
ČOKOLADA DORINA MOUSSE ČOKO 95g,90070302,DORINA,0.10 kg,ko,1.99,20.95,,1.45,1.45,3850102500505,HRANA
VODICA MICELARNA GARNIER 400ML,90075474,GARNIER,0.40 l,ko,,12.98,5.19,6.79,6.99,3600541382619,KOZMETIKA
ROLL ON GARNIER PROT5 FR FLOR 50ml,90080880,GARNIER,0.05 l,ko,,73.8,3.69,4.59,4.99,3600542119948,KOZMETIKA
MLIJEKO AMBRE SOL NAKON SUN 400ml,90089854,GARNIER AMBRE SOLAIR,0.40 l,ko,,30.9,12.36,16.49,16.49,3600540305381,KOZMETIKA
SODA BIKARBONA 200g DOLCELA,90091389,DOLCELA,0.20 kg,ko,0.99,4.95,,0.99,0.99,8594004496874,HRANA
FLIPS K PLUS HRUSTY NEUTRAL SLANI 100g,90097230,HRUSTY,0.10 kg,ko,0.59,5.9,,0.59,0.59,3850334011411,HRANA
SV KARE BK U MEDITERANSKOJ MARINADI,90097237,KONZUM,1.00 ko,ko,9.62,9.62,,6.73,9.62,,HRANA
KANTAR SVJ 250-400  MEDUZA,90100206,,1.00 kg,kg,10.59,10.59,,6.35,10.59,,HRANA
ŠTRUDLA OD JABUKE 240g,90123644,,0.24 kg,ko,3.29,13.72,,3.29,3.29,3859891673094,HRANA
POLI 1000g PERUTNINA,90153957,POLI,1.00 kg,ko,8.35,8.35,,8.35,8.35,3838977800449,HRANA
SVINJSKI VRAT U CHILLI MARINADI,90166159,KONZUM,1.00 ko,ko,6.73,6.73,,4.71,6.73,,HRANA
PECIVO HAMBI SEZAM 4/1 340G DON DON,90170349,DON DON,0.34 kg,ko,2.09,6.15,,2.09,2.09,3858885564530,HRANA
KAKAO KRAŠ EXPRESS 400G,90182094,KRAŠ EXPRESS,0.40 kg,ko,4.25,10.63,,4.25,4.25,3850102506996,HRANA
KAVA CREMA MLJEVENA VAK. 250G,90187269,FRANCK CREMA,0.25 kg,ko,5.39,21.56,,5.39,5.39,3858881087644,HRANA
SENF SA ZRNCIMA 200ML MAILLE,90191543,MAILLE,0.21 kg,ko,4.19,19.94,,4.19,4.19,3036810207589,HRANA
SIR POLUTV K PLUS MAASDAM 100G,90219869,K PLUS,0.10 kg,ko,1.65,16.5,,1.19,1.19,3850334577368,HRANA
GRAH SA SLANINOM 400g CARNEX,90220091,CARNEX,0.40 kg,ko,3.69,9.23,,3.69,3.69,8600012700282,HRANA
NAPITAK ZOB 1L BIO ZONE,90225769,BIO ZONE,1.00 l,ko,1.39,1.39,,0.99,1.39,3850334583819,HRANA
GEL TUŠ NIVEA FOR MEN ORIGINAL CARE 500ML,90235109,NIVEA,0.50 l,ko,6.69,13.38,,2.99,6.69,9005800224473,KOZMETIKA
GIN BOTANIST 46% 0.7L,90239093,BOTANIST,0.70 l,ko,41.85,59.79,,41.85,41.85,5055807400596,PIĆE
HIG UL OLEA NIGHT DUO 20/1,90249950,OLEA,20.00 ko,ko,2.16,0.11,,2.16,2.16,3850334579690,TOALETNE POTREPŠTINE
PARTY MIX CROCO 500g,90298492,CROCO,0.50 kg,ko,3.39,6.78,,3.39,3.39,5941194000917,HRANA
IVERAK SVJ MEDUZA,90302698,,1.00 kg,kg,6.99,6.99,,4.19,6.99,,HRANA
SOL MORSKA KRUPNA EKO  600g SOLANA NIN,90312610,SOLANA NIN,0.60 kg,ko,2.39,3.98,,2.39,2.39,3859888595996,HRANA
PROTEIN 1ST WHEY 454g COOKIES & CREAM,90345171,POLLEO,0.45 kg,ko,21.99,48.44,,21.99,21.99,3858892293324,HRANA
GOLUB SVJ MEDUZA,90356757,MEDUZA,1.00 kg,kg,2.99,2.99,,1.79,2.99,,HRANA
KOKOT +3000 MEDUZA,90356774,MEDUZA,1.00 kg,kg,17.56,17.56,,10.53,17.56,,HRANA
PAGAR 300/400 SVJ UV MEDUZA,90356795,MEDUZA,1.00 kg,kg,11.66,11.66,,6.99,11.66,,HRANA
VODA FUNKC JANA VIT REFRESH 1.5L,90373162,JANA,1.50 l,ko,1.79,1.19,,1.59,1.59,3858890874686,PIĆE
PIMENT MLJEV 20g KOTANYI,90377911,KOTANYI,0.02 kg,ko,1.29,64.5,,1.09,1.29,9001414601877,HRANA
LOS ZA TIJ MIXA HYALUROG 400ml,90380318,MIXA,0.40 l,ko,7.49,18.73,,6.99,7.49,3600550958430,KOZMETIKA
ZAČIN ORIG POSIP 10g VEG MEASTRO,90381055,VEGETA MAESTRO,0.01 kg,ko,1.79,179,,1.79,1.79,3856020231170,HRANA
KEKS BELVITA ČOKOLADA 225g,90400379,BELVITA,0.23 kg,ko,2.15,9.56,,1.61,2.15,7622210899316,HRANA
TRAVKA SA 18 VRSTA LJ. BILJA 0.5l NATURA ANTUNOVIC,90404169,NATURA ANTUNOVIC,0.50 l,ko,15.39,30.78,,15.39,15.39,3858890745139,PIĆE
VINO KARIZMA PETRAČ 0.75L,90308774,PETRAČ,0.75 l,ko,18.05,24.07,,18.05,18.05,3859892634070,PIĆE
JUN PODLOPATICA MARTINJAK SK MHF,90308786,,1.00 kg,kg,9.99,9.99,,9.99,9.99,3859893702426,HRANA
PIVO KOZEL PREMIUM LAGER 0.5L PB,90316040,ASAHI,0.50 l,ko,1.25,2.5,,1.25,1.25,8594404005096,PIĆE
GAZ PIĆE COCA COLA ZERO LIMUN 1L,90319362,COCA COLA,1.00 l,ko,1.49,1.49,,1.29,1.49,5449000247988,PIĆE
VODA SMART WATER 1.1L PET,90319368,SMART,1.10 l,ko,1.49,1.35,,1.49,1.49,5449000243089,PIĆE
KAŠ LINO JAB ŠLJIVA S GRISOM 190g,90320546,LINO,0.19 kg,ko,1.59,8.37,,1.59,1.59,3856020211158,HRANA
TUNJ SALATA MEDITERANA 160g EVA,90320974,EVA,0.16 kg,ko,4.29,26.81,,1.99,4.29,3856020217648,HRANA
PERFECT FIT ADULT SENS PURETINA 750g,90335147,PERFECT FIT,0.75 kg,ko,6.19,8.25,,6.19,6.19,5900951307652,PROIZVODI ZA KUĆANSTVO
ČAJ VOĆNI MIX FILT 25/1 62.5g JULIUS M,90339422,JULIUS MEINL,0.06 kg,ko,4.19,67.58,,4.19,4.19,9000403956967,HRANA
FLIPS LUMPI KIKIRIKI 80g,90341589,LUMPI,0.08 kg,ko,0.49,6.13,,0.49,0.49,3850334377647,HRANA
RAJČICA SJECKANA BIO 400g PODRAVKA,90342576,PODRAVKA,0.40 kg,ko,2.49,6.23,,2.49,2.49,3856020222260,HRANA
MLIJEKO OLEA SPF30 200ml,90360478,OLEA,0.20 l,ko,5.99,29.95,,5.99,5.99,3850334153760,KOZMETIKA
VODA NEGAZIRANA CETINA 1.5L,90361024,CETINA,1.50 l,ko,0.83,0.55,,0.83,0.83,3859890129004,PIĆE
MUESLI GRANOLA VOĆE 350g SANTE,90363367,SANTE,0.35 kg,ko,3.89,11.11,,3.89,3.89,5900617002969,HRANA
KAVA PERFETTO CAPPUCC DG 10/1 120g BAR,90363508,BARCAFFE,0.12 kg,ko,3.98,33.17,,3.98,3.98,3838471037778,HRANA
TIJESTO ŠKOLJKE PIR ZP 350g,90363635,ZLATO POLJE,0.35 kg,ko,1.79,5.11,,1.79,1.79,3838700010381,HRANA
KREKER RIŽA CHIA KVINOJA 60g RICE UP,90364923,RICE UP,0.06 kg,ko,1.39,23.17,,1.39,1.39,3800233071016,HRANA
ZP COLGATE MAX WHITE 100ml,90380326,COLGATE,0.10 l,ko,3.39,33.9,,2.15,3.39,8718951312722,KOZMETIKA
VISKI CHIVAS REGAL 15YO  0.7L,90380502,CHIVAS REGAL,0.70 l,ko,57.05,81.5,,57.05,57.05,5000299622292,PIĆE
JOGURT FORTIA NATUR 330g VINDIJA,90382177,FORTIA,0.33 kg,ko,1.39,4.21,,1.18,1.39,3850108032697,HRANA
NEGAZIRANO PIĆE JUMEX ANANAS KOKOS 0.473L,90386030,JUMEX,0.47 l,ko,2.29,4.84,,2.29,2.29,7501013102222,PIĆE
RAVIOLI KOZJI SIR I CRN MASL 250g NAŠE KLASJE,90400515,AURELIA,0.25 kg,ko,2.89,11.56,,2.79,2.89,3859893533143,HRANA
KOLAČ CHOCO ORANGE 77g JAFFA,90403869,JAFFA,0.08 kg,ko,0.99,12.86,,0.79,0.99,8600114009191,HRANA
ŠUNKA ROLANA U MREŽ VAC GAVRILOVIĆ,90405830,GAVRILOVIĆ,1.00 kg,kg,7.39,7.39,,7.39,7.39,3858881224674,HRANA
KAŠA ZOB CHIA/BOROV/RIBIZL 65g DOBRA,90406314,DOBRA,0.07 kg,ko,0.99,15.23,,0.99,0.99,8595054905958,HRANA
SLAD OREO CLASSIC 480ML,90406526,OREO,0.48 l,ko,6.99,14.56,,6.99,6.99,4007993031260,HRANA
MLIJEKO TR 2.8% BOCA 6x1 LIT DUKAT,90406822,DUKAT,6.00 l,ko,6.12,1.02,,5.34,6.12,3850354015529,HRANA
ČAJ DETOX METV/MASL/STOL 20X1.5g NATURA,90407179,NATURAVITA,0.03 kg,ko,2.19,73,,2.19,2.19,3858884092119,HRANA
ŠAMPON FRUCT HAIR F BAN 350ml,90410167,GARNIER FRUCTIS,0.35 l,ko,,10.83,3.79,5.49,5.49,3600542290012,KOZMETIKA
ČIPS SLANI ORIGINAL BG 170g DR SCHAR,90412774,DR SCHAR,0.17 kg,ko,,21.12,3.59,4.49,4.49,8008698031056,HRANA
GEL TUŠ OLDSP WHITE 2x400ml,90425039,OLD SPICE,0.80 l,ko,9.29,11.61,,9.29,9.29,8700216980319,KOZMETIKA
SIRNI NAMAZ S TARTUF PAŠKA SIRANA 200g,90432991,PAŠKA SIRANA,0.20 kg,ko,2.19,10.95,,2.19,2.19,3859892884826,HRANA
FILET BRANCINA 100/140 FIORITAL,90453719,FIORITAL,1.00 kg,kg,16.89,16.89,,10.13,16.89,,HRANA
TEL PODLOPATICA DOMAĆA SK ,90453825,MARTINJAK,1.00 kg,kg,8.63,8.63,,8.63,8.63,,HRANA
ICEBERG RADIČ 220 grama,90468036,KONZUM,0.22 kg,ko,1.39,6.32,,1.39,1.39,3850334240637,HRANA
ČOKOLADA MILKA MALINA 100g,90031146,MILKA,0.10 kg,ko,2.49,24.9,,1.39,2.49,7622300590062,HRANA
BOMBON KARAMELA LJEŠNJAK 100g PIONIR,90031456,PIONIR,0.10 kg,ko,1.69,16.9,,1.69,1.69,8602300207305,HRANA
BADEM I ORAH MIX SEEBERGER 150g,90044158,SEEBERGER,0.15 kg,ko,4.29,28.6,,4.29,4.29,4008258020043,HRANA
MORTADELA S MASLINAMA NAR 150g MA,90062455,PIK VRBOVEC,0.15 kg,ko,2.79,18.6,,2.79,2.79,3850139171099,HRANA
ČOKOL MILKA JAGODA 300g,90082471,MILKA,0.30 kg,ko,5.99,19.97,,3.99,5.99,7622200007769,HRANA
LIKER OD ORAHA 0.7L ZVEČEVO,90085640,ZVEČEVO,0.70 l,ko,9.35,13.36,,9.35,9.35,3858894170586,PIĆE
KOMPOT BRESKVA VALFRUTTA 411g     ,90106458,VALFRUTTA,0.41 kg,ko,2.09,5.08,,2.09,2.09,8001440000072,HRANA
ZP ELMEX JUNIOR 6-12G 75ML,90128939,ELMEX,0.08 l,ko,,49.6,3.72,4.39,4.39,8718951470583,KOZMETIKA
TIJESTO RIGATONI 500g ZARA,90147073,PASTA ZARA,0.50 kg,ko,1.59,3.18,,0.89,1.59,8004350130532,HRANA
SRED SANYTOL VIŠENAMJ ČIŠĆ I DEZ 500ml,90243627,SANYTOL,0.50 l,ko,3.45,6.9,,3.45,3.45,3045200700005,SREDSTVA ZA ČIŠĆENJE
LOSOS GLAVE KONZUM,90246269,,1.00 kg,kg,1.89,1.89,,1.13,1.89,,HRANA
CHOCO BALLS LUMPI 90G,90251722,LUMPI,0.09 kg,ko,0.89,9.89,,0.89,0.89,3850334577726,HRANA
SIR NAM ABC JUNIOR 100g BELJE,90253675,ABC,0.10 kg,ko,1.35,13.5,,1.05,1.05,3856015324238,HRANA
VINO UNO PACK MERLOT VRH 0.75,90311517,BELJE,0.75 l,ko,20.19,26.92,,20.19,20.19,3850257021245,PIĆE
PLOČICA VOĆNA JABUKA CIMET 40g ROOKIES,90320160,ROOKIES,0.04 kg,ko,1.33,33.25,,1.33,1.33,3800232736299,HRANA
MASLAC 250g DEUTSCHE MARKENBUT,90331882,DEUTSCHE MARKENBUTTER,0.25 kg,ko,2.99,11.96,,2.09,2.99,4033854001677,HRANA
PUREĆI FILE OD PRSA 750g,90345139,VINDON,0.75 kg,ko,11.5,15.33,,11.5,11.5,3850339402597,HRANA
ŠARAN ODREZAK PP ORAH,90348912,PP ORAHOVICA,1.00 kg,kg,6.29,6.29,,3.77,6.29,3858889832239,HRANA
PEL VIOLETA JUNIOR 5 GIGA 94/1,90453751,VIOLETA,94.07 ko,ko,19.99,0.21,,19.99,19.99,3870128025530,TOALETNE POTREPŠTINE
MAJONEZA DELIKATES 620g ZVIJEZDA,90472944,ZVIJEZDA,0.62 kg,ko,4.99,8.05,,3.95,4.99,3856015321879,HRANA
TJESTENI U ČAŠI SWEET CHILLY  75g MAGGI,90483136,MAGGI,0.08 kg,ko,,19.87,1.49,1.55,2.09,8445291260054,HRANA
 PUDING BOROVNICA  PREM 40g DOLCELA,90484287,DOLCELA,0.04 kg,ko,0.99,24.75,,0.99,0.99,3856020248000,HRANA
ČAJ LEDENI ŠUMSKO VOĆE YIPPY 0.33L,90484587,YIPPY,0.33 l,ko,1.39,4.21,,1.25,1.25,9008700201032,PIĆE
SLAD GELATISSIMO ČOKO VIŠNJA 1.65l,90485277,GELATISSIMO,1.64 l,ko,4.99,3.04,,3.79,4.99,3838900972830,HRANA
PJENUŠAC HUGO MARACUJA GRACIOSO 0.75L,90486310,HUGO,0.75 l,ko,3.25,4.33,,3.25,3.25,4002391381603,PIĆE
OM VIOLETA SENSITIVE 900ml,90486464,VIOLETA,0.90 l,ko,2.65,2.94,,2.65,2.65,3870128026056,SREDSTVA ZA ČIŠĆENJE
MLIJEKO ZAMJ APTAMIL KIND 1+ 800g,90486546,APTAMIL,0.80 kg,ko,19.99,24.99,,19.99,19.99,4056631003770,HRANA
ULJE U SPR NIV S KAROT SPF6 200ml,90488142,NIVEA,1.00 ko,ko,14.99,14.99,,14.99,14.99,9005800294698,KOZMETIKA
FUSILI AL RAGU NOVARESE 270g,90494868,PASTIFICICO NOVARESE,0.27 kg,ko,2.65,9.81,,2.65,2.65,8006827600067,HRANA
NAPITAK ZOB BADEM 1L O'PLANT,90495019,O PLANT,1.00 l,ko,3.49,3.49,,2.19,3.49,3856020249878,HRANA
SALV PALOMA ELITE BUSH 40x40 2SL 20/1,90498164,PALOMA,20.00 ko,ko,3.95,0.2,,3.95,3.95,3838952028493,PROIZVODI ZA KUĆANSTVO
ULJE MASLINOVO ED EKO 0.25L KONFIN,90498734,KONFIN,0.25 l,ko,11.49,45.96,,9.19,11.49,3859893661051,HRANA
LJEŠNJAK JEZGRA G GOOD SUHO PRŽ 75g,90514164,GARDEN GOOD,0.08 kg,ko,1.5,20,,1.5,1.5,3838900987926,HRANA
DET FAKS LAVANDA SMILJE 1.17kg=18 PR,90518686,FAKS,1.17 kg,ko,7.99,6.83,,7.99,7.99,3850105176585,SREDSTVA ZA ČIŠĆENJE
ŠUNKA SUHA 100g PERAJICA,90514271,SUŠARA PERAJICA,0.10 kg,ko,3.99,39.9,,3.99,3.99,3857500112835,HRANA
PAŠTETA TUNA PIKANT ARGETA 95g,90571092,ARGETA,0.10 kg,ko,1.99,20.95,,1.69,1.99,3838471042291,HRANA
ZP KALODONT WHITE&GO 125ml,90571784,KALODONT,0.13 l,ko,2.49,19.92,,1.74,2.49,3850105178473,KOZMETIKA
UMAK PESTO BOSILJ I CHILLI PAP 195g BARILLA,90572095,BARILLA,0.20 kg,ko,4.89,25.08,,2.99,4.89,8076809578264,HRANA
GEL TUŠ BIOB BOTANIKA WILD 250ml,90599313,BIOBAZA,0.25 l,ko,,8.96,2.24,2.99,2.99,3856020910372,KOZMETIKA
SIR K PLUS POLUTV RIB MOZZ 250g,90599869,K PLUS,0.25 kg,ko,3.29,13.16,,3.29,3.29,3850334009203,HRANA
ŽV GUMA CHUPA CHUPS TONG PAINT 27.6g,90599966,CHUPA CHUPS,0.20 kg,ko,0.59,2.95,,0.59,0.59,80838920,HRANA
NEG PIĆE TOCO CRVENA NAR AVOK-CIKLA 0.5L,90600155,TOCO,0.50 l,ko,1.05,2.1,,1.05,1.05,3858890879001,PIĆE
PIĆE HARD SELT GRIN LIME 0.5L LIM ,90608071,ZMAJSKA PIVOVARA,0.50 l,ko,2.05,4.1,,2.05,2.05,3859893414428,PIĆE
NAPITAK ZOB 3.5% MASTI NOT MILK 1L ALPRO,90623453,ALPRO,1.00 l,ko,3.89,3.89,,3.89,3.89,5411188134985,HRANA
ISTARSKA PANCETA 200g VP,90647774,PISINIUM,0.20 kg,ko,6.29,31.45,,3.99,5.99,3858884937298,HRANA
PEDIGREE SP MINI PER/POV/RIŽ 500G,90648124,PEDIGREE,0.50 kg,ko,3.19,6.38,,2.39,3.19,5998749143384,PROIZVODI ZA KUĆANSTVO
VINO ROSE MILATIĆ 0.75L,90648719,OPG IVO MILATIĆ,0.75 l,ko,9.05,12.04,,9.05,9.05,3857500048295,PIĆE
TOMI MM JUNIOR 100g,90608026,TOMI,0.10 kg,ko,,6.8,0.68,0.89,0.89,4003024465172,PROIZVODI ZA KUĆANSTVO
ŠAMPON L'ANG ZA ČIŠĆ VLAS 750ml,90669813,L ANGELICA,0.75 l,ko,5.29,7.05,,5.29,5.29,8017331089422,KOZMETIKA
BRIJAČ WILK XTR 3 COCONUT 3+1,90669832,WILKINSON,4.00 ko,ko,,0.91,3.63,5.19,5.19,4027800319626,KOZMETIKA
NAPITAK ISO SPORT AZZURRO NEG. 1.5L ,90672912,ISO SPORT,1.50 l,ko,2.55,1.7,,1.99,2.55,3850108073195,PIĆE
BOMBON NIMM2 GUMENI APPLE BUDDIES 90g,90673150,NIMM2,0.09 kg,ko,1.19,13.22,,1.19,1.19,4014400920710,HRANA
KESTEN ŠTAPIĆI KAKAO 80g SANA,90674899,SANA,0.08 kg,ko,2.29,28.63,,2.29,2.29,3858892322369,HRANA
BIBIGO GYOZA SA PILETINOM I POVRĆEM 600g,90668762,BIBIGO,0.60 kg,ko,11.94,19.9,,11.94,11.94,4016337912417,HRANA
KREKER RIŽA SLIM SEZAM SOL BG 100g BEN,90675246,BENLIAN FOOD,0.10 kg,ko,1.49,14.9,,1.49,1.49,8606018701148,HRANA
NEKTAR MOJ DAN JABUKA 1L,90697780,MOJ DAN,1.00 l,ko,1.25,1.25,,1.25,1.25,3850334020949,PIĆE
KRASTAVAC EXCLUSIVE 290g DOORA,90697858,DOORA,0.29 kg,ko,2.65,9.14,,2.65,2.65,3858894541676,HRANA
ROLADA SUNNY KAKAO 200g,90702780,SUNNY,0.20 kg,ko,1.19,5.95,,1.19,1.19,3850334044082,HRANA
DEO DOVE M INVISIBLE DRY FRESH150ml,90703615,DOVE,0.15 l,ko,3,20,,3,3,8720181284922,KOZMETIKA
DEO DOVE W SOFT FEEL 150ml,90703623,DOVE,0.15 l,ko,,26.73,4.01,5.35,5.35,8720181291852,KOZMETIKA
VISKI BALLANTINES 7 YO 0.7L,90703907,BALLANTINES,0.70 l,ko,20.55,29.36,,20.55,20.55,5000299628034,PIĆE
PIRE VOĆ JAB BRES MAN BIO100Gg FRULLA ,90705134,FRULLA,0.10 kg,ko,1.19,11.9,,0.89,1.19,8024985005234,HRANA
STAKLO VIOLETA SYMPHONY 750ml,90705445,VIOLETA,0.75 l,ko,2.19,2.92,,1.59,1.59,3870128033436,SREDSTVA ZA ČIŠĆENJE
BOMBON CEDEVITA VOĆ MIX XXL 60g,90706174,CEDEVITA,0.06 kg,ko,1.69,28.17,,1.69,1.69,3850322016442,HRANA
SARDINA U MASL ULJU 100G/75g EVA,90706339,EVA,0.08 kg,ko,1.99,26.53,,1.99,1.99,3856020262556,HRANA
TROPIC MIX EUROCOMPANY 125G,90706914,EUROCOMPANY,0.13 kg,ko,2.39,19.12,,2.29,2.39,3872084014566,HRANA
PILEĆI CURRY BASMATI RIŽA CHEF 250g,90707867,EUROCHEF,0.25 kg,ko,5.99,23.96,,5.99,5.99,8013554110448,HRANA
PRIPRAVAK ZA ŠLAG SPRAY SWEET CHEF 250g,90713175,SWEET CHEF,0.25 kg,ko,,6.76,1.69,2.19,2.19,3850334112859,HRANA
KREMA ZA KUHANJE ZOB EKO 200ml BRIDGE,90713268,THE BRIDGE,0.20 l,ko,1.79,8.95,,1.79,1.79,8019428005001,HRANA
GRAH GARDEN GOOD TAMNOCRVENI 500g,90514146,GARDEN GOOD,0.50 kg,ko,1.5,3,,1.29,1.5,3838900987872,HRANA
KEKS PETIT 400g,90533206,SLOVA,0.40 kg,ko,1.33,3.33,,0.89,1.33,3850334520265,HRANA
RUKAVICE VILEDA EXTRA SENSATION M,90570121,VILEDA,1.00 ko,ko,3.99,3.99,,2.79,3.99,4023103073937,PROIZVODI ZA KUĆANSTVO
ZAČIN PILETINA 100g VEGETA NATUR,90599384,VEGETA NATUR,0.10 kg,ko,2.19,21.9,,2.19,2.19,3856020251581,HRANA
UMAK  RAJČICA S KOMADIĆIMA TUNE 400g BARILLA,90599585,BARILLA,0.40 kg,ko,4.69,11.73,,2.99,4.69,8076809513418,HRANA
DESERT LION MINI 198g NESTLE,90600206,LION,0.20 kg,ko,4.49,22.68,,4.49,4.49,7613034675842,HRANA
BLISTA NAMJEŠTAJ 750ml,90603100,BLISTA,0.75 l,ko,2.49,3.32,,2.49,2.49,3859890063865,SREDSTVA ZA ČIŠĆENJE
VINO CABERNET SAUV. SMOLNIK 0.75L,90669181,POPOV,0.75 l,ko,7.99,10.65,,7.99,7.99,5319990793232,PIĆE
ONE SM STERIL GOVEDINA 450G,90677811,ONE,0.45 kg,ko,3.99,8.87,,2.69,3.99,8445290073051,PROIZVODI ZA KUĆANSTVO
OM VIOLETA ORIGINAL 1.71L,90699049,VIOLETA,1.71 l,ko,4.55,2.66,,2.99,4.55,3870128034594,SREDSTVA ZA ČIŠĆENJE
INSTANT NES GOLD CREMA ST 95g,90703435,NESCAFE,0.10 kg,ko,7.49,78.84,,7.49,7.49,8445290502353,HRANA
OM LENOR ORCHID 925ml,90703542,LENOR,0.93 l,ko,3,3.24,,3,3,8006540901779,SREDSTVA ZA ČIŠĆENJE
BOJA PALETTE DELUXE 9-11 SV RUŽ,90703651,PALETTE DELU,1.00 ko,ko,,4.79,4.79,4.79,4.79,9000101714739,KOZMETIKA
GEL ANNYER STRONG PINK 100ml,90704485,ANNYER,0.10 l,ko,3.79,37.9,,3.79,3.79,3850177007176,KOZMETIKA
FINISH AIO ULTIMATE PLUS REG 45 TAB,90705979,FINISH ADW,45.01 ko,ko,21.99,0.49,,21.99,21.99,5999109582478,SREDSTVA ZA ČIŠĆENJE
PILEĆI FILE ZABATKA CEKIN 500g,90707054,CEKIN,0.50 kg,ko,,7.98,3.99,3.99,4.19,3850159112843,HRANA
TOMI MM STERIL GOVED 85g,90707640,TOMI,0.09 kg,ko,0.89,10.47,,0.89,0.89,4003024157251,PROIZVODI ZA KUĆANSTVO
GOVEĐI GULAŠ S KRUMPIRIMA CHEF 280g,90707871,EUROCHEF,0.28 kg,ko,5.99,21.39,,5.99,5.99,8013554103112,HRANA
KAŠA ZOB RISE&SMILE ŠUM VOĆ 65g,90713218,RISE&SMILE,0.07 kg,ko,0.55,8.46,,0.55,0.55,3850334043436,HRANA
KAŠA ZOB RISE&SMILE ŠUM VOĆ 4/1 260g,90713223,RISE&SMILE,0.26 kg,ko,1.99,7.65,,1.99,1.99,3850334043511,HRANA
KIKIRIKI HRUSTY LIMENKA 185g,90713957,HRUSTY,0.19 kg,ko,1.59,8.59,,1.59,1.59,3850334152411,HRANA
VOLI VOLI SP GOVEDINA 3kg,90733576,VOLI VOLI,3.00 kg,ko,5.49,1.83,,3.99,5.49,3859893822506,PROIZVODI ZA KUĆANSTVO
GRAH S KOBASICOM MINUTE 400g,90735132,MINUTE,0.40 kg,ko,2.69,6.73,,2.69,2.69,3850334070265,HRANA
SARDINA I INĆUN ADRIA MARE 100g/70g,90754837,ADRIA MARE,0.07 kg,ko,1.09,15.57,,1.09,1.09,3850334063458,HRANA
KUPKA NIVEA BABY BLAGA 450ml,90764809,NIVEA,0.45 l,ko,,15.42,6.94,8.69,8.69,9005800369167,KOZMETIKA
SLAD TOBLERONE 480ml,90764931,TOBLERONE,0.30 l,ko,,19.58,5.88,6.99,6.99,4007993032496,HRANA
ŠAMP I KUP SEPTONA BABY LAVAN 500ml,90765167,SEPTONA,0.50 l,ko,4.99,9.98,,4.99,4.99,5201410220063,KOZMETIKA
MC MP GOV PATE 150 g,90774804,MIGLIOR,0.15 kg,ko,1.25,8.33,,1.25,1.25,8007520027267,PROIZVODI ZA KUĆANSTVO
KREMA NIVEA SUN LUM SPF 50+ 40 ml,90784790,NIVEA,0.04 l,ko,16.49,412.25,,16.49,16.49,4006000002514,KOZMETIKA
CHANTECLAIR ODMAŠČ MARSIGLIA 600 ml,90785285,CHANTE CLAIR,0.60 l,ko,3.65,6.08,,3.65,3.65,8015194522933,SREDSTVA ZA ČIŠĆENJE
PAGAR 3000-5000,90794727,ŽUVELA,1.00 kg,kg,36.99,36.99,,22.18,36.99,,HRANA
KREMA OD CRNIH TARTUFA 40 g ZIGANTE,90800758,ZIGANTE,0.09 kg,ko,15.99,177.67,,15.99,15.99,3858891983165,HRANA
VODKA FINLANDIA CUCUMBER MINT 0.7 l,90800781,FINLANDIA,0.70 l,ko,10,14.29,,10,10,5099873020067,PIĆE
INSTANT KAVA GOLD VR 200g ANAMARIA,90809723,ANAMARIA,0.20 kg,ko,7.99,39.95,,7.99,7.99,3858881776098,HRANA
TAPIOKA ŠKROB BIO 500 g NUTRIGOLD,90825142,NUTRIGOLD,0.50 kg,ko,2.29,4.58,,2.29,2.29,3858891970295,HRANA
DET ARIEL AMETHYST 3 L 60 PR,90826029,ARIEL,3.00 l,ko,15,5,,15,15,8700216340489,SREDSTVA ZA ČIŠĆENJE
ČAJ LEDENI ARIZONA MALINA 0.45 L,90826125,ARIZONA,0.45 l,ko,1.35,3,,1.35,1.35,0613008771638,PIĆE
ORAH BRAZILSKI JEZGRA 100 g NATURA,90850572,NATURA,0.10 kg,ko,3.29,32.9,,2.3,3.29,3859893124235,HRANA
REGEN PANTENE COLOR 275 ml,90850689,PANTENE,0.28 l,ko,5.99,21.78,,4.49,4.49,8700216508933,KOZMETIKA
ČOKOLADA FINESSE JAGODA&CHEESC 270 g,90854970,FINESSE,0.27 kg,ko,3.89,14.41,,2.49,3.69,8605028614523,HRANA
KAVA RITUAL RISTR MAXX NS 30/1 168 g,90864657,RITUAL,0.17 kg,ko,6.99,41.61,,6.99,6.99,3850334431363,HRANA
CAPPUCCINO NESCAFE IRISH 8/1 112 g,90869937,NESCAFE,0.11 kg,ko,3.99,35.62,,2.99,2.99,8445291532236,HRANA
RIŽA PER RISOTTO K PLUS  1 kg,90869944,K PLUS,1.00 kg,ko,2.99,2.99,,2.99,2.99,3850334431387,HRANA
NADJEV VIŠNJA SPEC MOM 750 g,90885702,SPECIAL MOMENTS,0.75 kg,ko,4.49,5.99,,4.49,4.49,3850334437587,HRANA
GEL MELEM INTIMA HERBAL 200 ml,90886106,MELEM,0.20 l,ko,4.49,22.45,,3.59,4.49,3856007912771,KOZMETIKA
SLANUTAK 2X80/2X65 g BONDUELLE,90886134,BONDUELLE,0.13 kg,ko,1.49,11.46,,1.49,1.49,3083681068146,HRANA
PILEĆA PRSA FIT&FINA NAR 100 g PODR,90886693,PODRAVKA,1.00 ko,ko,2.19,2.19,,2.19,2.19,3856020279929,HRANA
LOSION NIVEA SUN BRONZE SPF50 200 ml,90887298,NIVEA,0.20 l,ko,,64.65,12.93,18.49,18.49,4005900133199,KOZMETIKA
PATRONE GILLETTE KCG STYLE M 8/1,90729735,GILLETTE,8.00 ko,ko,20,2.5,,20,20,7702018602148,KOZMETIKA
RAJČICA PAS S BOS 690g ROSSOGARGANO,90730163,ROSSOGARGANO,0.69 kg,ko,2.49,3.61,,2.49,2.49,8033837720782,HRANA
DESERT SNICKERS 3 PACK 3X50 g,90731270,MARS,0.15 kg,ko,2.85,19,,2.85,2.85,5000159560061,HRANA
NAMAZ OD LJEŠNJAKA I KAKAA 350g SCOTTI,90733462,RISO SCOTTI,0.35 kg,ko,3.32,9.49,,3.32,3.32,8001860184147,HRANA
CIF CREAM 500ML UN SRED 0739,08034494,CIF,0.50 l,ko,2.49,4.98,,2.49,2.49,8712561552905,SREDSTVA ZA ČIŠĆENJE
KH-7 ODMAŠČIVAĆ 750ML,08035824,KH-7,0.75 l,ko,4.45,5.93,,3.49,4.45,8420822115065,SREDSTVA ZA ČIŠĆENJE
VRHNJE KREM DOMAĆE 25%MM 300g DUKAT,90035986,BRZO&FINO,0.30 kg,ko,1.89,6.3,,1.89,1.89,3850354008729,HRANA
MARGARIN S VANILIJOM 250g,90048439,ZVIJEZDA,0.25 kg,ko,1.05,4.2,,0.89,1.05,3856015305534,HRANA
SIR SVJEZI ZAGREBAČKI MAXI 750g,90055252,PRESIDENT,0.75 kg,ko,5.29,7.04,,5.29,5.29,3850355003679,HRANA
GEL TUŠ AFR JOJOBA OIL 250ml,90059755,AFRODITA,0.25 l,ko,2.99,11.96,,2.99,2.99,3831070650126,KOZMETIKA
SAPUN TEK PALM OLIVE REF 500ml,90070698,PALMOLIVE,0.50 l,ko,,4.38,2.19,3.19,3.19,8003520039545,KOZMETIKA
ZUBATAC 800-1000 g CROMARIS,90079145,,1.00 kg,kg,27.99,27.99,,11.99,27.99,3858893582359,HRANA
ČAJ BILJNI UVIN UROSAL 30g,90082816,PODRAVKA,0.03 kg,ko,1.89,63,,1.89,1.89,3850104268007,HRANA
BOMBON CEDEVITA KIDS PUC JAG 5g,90088884,CEDEVITA,0.01 kg,ko,0.4,80,,0.4,0.4,3850322009444,HRANA
VREĆICA ZAMR LD 2L 25/1 ROYAL,90090471,ROYAL,25.00 ko,ko,1.33,0.05,,1.33,1.33,3858888961008,PROIZVODI ZA KUĆANSTVO
PATARAČA III RZ LIBURNIJA,90097417,,1.00 kg,kg,3.09,3.09,,1.55,3.09,,HRANA
SIRNI NAMAZ KAJMAK K PLUS 250g,90141732,K PLUS,0.25 kg,ko,2.79,11.16,,2.29,2.79,3850334407337,HRANA
VINO SYRAH LA CACCIATORA 0.75L,90147596,LA CACCIATORA,0.75 l,ko,6.95,9.27,,6.95,6.95,8004300018873,PIĆE
BALZAM NIVEA COOL SENS 100ML,90156865,NIVEA,0.10 l,ko,11.89,118.9,,8.89,11.89,9005800244631,KOZMETIKA
JUHA KREM OD BROKULE 57g PODRAVKA,90160138,PODRAVKA,0.06 kg,ko,1.39,24.39,,1.09,1.39,3850104274589,HRANA
BISKVIT JAFFA NARANČA KAKAO 120g KRAŠ,90161666,KRAŠ,0.12 kg,ko,1.39,11.58,,1.09,1.09,3850102505081,HRANA
PAŠTETA PIKETA ČAJNA  95g AL,90166120,PIKETA,0.10 kg,ko,1.19,12.53,,0.79,1.19,3850104277788,HRANA
BISKVIT CHOCO TOPS NARANČA 120g,90183868,TOPS,0.12 kg,ko,0.99,8.25,,0.99,0.99,3870612000777,HRANA
VL MAR LUMPI SOFT LOTION 20/1,90184799,LUMPI,20.00 ko,ko,0.59,0.03,,0.59,0.59,3850334558527,TOALETNE POTREPŠTINE
WHISKAS SM PILET 1.4KG,90212562,WHISKAS,1.40 kg,ko,8.99,6.42,,7.09,7.09,5998749129784,PROIZVODI ZA KUĆANSTVO
DORUČAK MESNI PIKANT 150g GAVRILOVIĆ,90251692,GAVRILOVIĆ,0.15 kg,ko,2.15,14.33,,1.69,2.15,3858890206982,HRANA
INTERDENTAL ČET DENTORAL 32/1,90290507,DENTORAL,32.00 ko,ko,1.35,0.04,,1.35,1.35,3850334609199,KOZMETIKA
DESERT NUTELLA B-READY 132g,90290647,FERRERO,0.13 kg,ko,2.79,21.14,,2.79,2.79,8000500227848,HRANA
ROMB SVJ KONZUM,90298440,,1.00 kg,kg,15.59,15.59,,9.35,15.59,,HRANA
VINO TERRA ROSA 0.75L LAGUNA,90311360,LAGUNA,0.75 l,ko,7.79,10.39,,7.79,7.79,3858881194151,PIĆE
VINO CASTELLO FESTIGIA 0.75L VINA LAGUNA,90311414,LAGUNA,0.75 l,ko,13.99,18.65,,13.99,13.99,3858881191990,PIĆE
CREMA PAŠTETA OD BAKALARA S MASL 100g,90324466,BACCALA DELLA MAMMA,0.10 kg,ko,3.29,32.9,,3.29,3.29,3859890853138,HRANA
ČAJ ĐUMBIR KORIJEN AGRISTAR 50g,90341520,AGRISTAR,0.05 kg,ko,2.59,51.8,,2.59,2.59,3858886502432,HRANA
GEL TUŠ L'ANGELICA KOKOS 500ml,90341640,L ANGELICA,0.50 l,ko,3.25,6.5,,1.99,3.25,8017331081778,KOZMETIKA
ČAŠA POLLEO  0.5L BITI FIT,90344994,POLLEO,1.00 ko,ko,3.99,3.99,,3.99,3.99,3859893008931,HRANA
PROTEIN 1ST WHEY 454g SWISS CHOCOLATE SUPREME,90345169,POLLEO,0.45 kg,ko,21.99,48.44,,21.99,21.99,3858892293300,HRANA
MULTIVITA EFERVETA MAGNEZIJ NARANČA 80g,90346366,MULTIVITA,0.08 kg,ko,2.19,27.38,,2.19,2.19,3858881249240,HRANA
WC NET CRYSTAL BLUE FRESH 750ml,90354329,WC NET,0.75 l,ko,3.45,4.6,,1.59,3.45,8003650011930,SREDSTVA ZA ČIŠĆENJE
OSLIĆ FILET 200/400 MEDUZA,90356697,MEDUZA,1.00 kg,kg,12.99,12.99,,7.79,12.99,,HRANA
ŠAMPON ELSEVE DREAM LONG 400ml,90362108,LOREAL ELSEVE,0.40 l,ko,,11.23,4.49,4.79,5.99,3600523756209,KOZMETIKA
SALAMA MILANO NAR 100g NEGRONI,90362497,NEGRONI,0.10 kg,ko,3.25,32.5,,3.25,3.25,8028257008244,HRANA
VINO CRVENI CUVEE PARALELA 0.75l KRAUTHAKER,90364467,KRAUTHAKER,0.75 kg,ko,6.25,8.33,,6.25,6.25,3859892481124,PIĆE
NAPITAK ZOB BŠ 1L ALPRO,90364637,ALPRO,1.00 l,ko,3.89,3.89,,3.89,3.89,5411188124689,HRANA
HRENOVKE 100g EXTRA PERUTININA,90382220,PERUTNINA,0.10 kg,ko,0.59,5.9,,0.59,0.59,3850220153836,HRANA
PLOČICA MARELICA WOMAN LINE 30g,90385996,WOMAN LINE,1.00 ko,ko,1.19,1.19,,1.19,1.19,8585004500364,HRANA
HOT MIX COCOA 150G FRANCK,90392690,FRANCK,0.15 kg,ko,4.69,31.27,,4.69,4.69,3858881088429,HRANA
KRALJEVSKA MJEŠAVINA 200 grama,90405024,KONZUM,0.20 kg,ko,1.49,7.45,,1.49,1.49,3858893250333,HRANA
SLAD BEN & JERRY COOKIE DOUGH 465ml,90406108,BEN & JERRY'S,0.47 l,ko,8.99,19.33,,8.99,8.99,8711327373105,HRANA
MLIJEKO ZAMJ HIPP 3 COMBIOTIK 600g,90406110,HIPP,0.60 kg,ko,14.69,24.48,,14.69,14.69,4062300398924,HRANA
ČAJ KAMILICA 35g NATURAVITA,90407190,NATURAVITA,0.04 kg,ko,1.69,48.29,,1.69,1.69,3858884092041,HRANA
ROLL ON NIVEA M B&W ULTIM IM 50ml,90407677,NIVEA,0.05 l,ko,,78.2,3.91,4.19,5.59,42397717,KOZMETIKA
SENDVIČ PANE AMORE PRŠUT SIR 140G,90409401,PANE AMORE,0.14 kg,ko,2.79,19.93,,2.79,2.79,8020693230050,HRANA
JUHA RAMEN SVINJETINA 62g AJINOMOTO,90412633,AJINOMOTO,0.06 kg,ko,1.69,27.26,,1.69,1.69,5901384504755,HRANA
TORTA CHEESECAKE LATICA 650g,90423046,LATICA,0.65 kg,ko,6.63,10.21,,6.63,6.63,3850261359716,HRANA
INDIJSKI ORAŠČIĆ PRŽENI 125g VREĆ NUTLINE,90423480,NUTLINE,0.13 kg,ko,3.89,31.12,,3.89,3.89,3800048188657,HRANA
LIKER TERANINO ROSSI 0.5l,90424780,ROSSI,0.50 l,ko,19.55,39.1,,16.99,19.55,3859891585434,PIĆE
PJENUŠAC MIA FRUITY FREIXENET 0.75L,90425182,FREIXENET,0.75 l,ko,8.99,11.99,,8.85,8.85,8410384020051,PIĆE
FLASTER LOLA CLASSIC 20/1,06500274,LOLA,20.00 ko,ko,1.65,0.08,,1.65,1.65,3858881104099,TOALETNE POTREPŠTINE
ZP SENSOD PRONAMEL 75ML,06530852,SENSODYNE,0.08 l,ko,,79.07,5.93,6.99,6.99,5054563211088,KOZMETIKA
REGENER ELSEVE TOT REPAIR 200ml,06541700,LOREAL ELSEVE,0.20 l,ko,,16.45,3.29,3.85,4.39,3600521706473,KOZMETIKA
KREMA NIVEA 100ML PB    7726,06562031,NIVEA,0.10 l,ko,3.99,39.9,,3.99,3.99,9005800313467,KOZMETIKA
PATRONE GILL FUS PROGL POW 4/1,06562168,GILLETTE,4.00 ko,ko,31.39,7.85,,31.39,31.39,7702018085576,KOZMETIKA
BRIJAČ JEDNOK GILL BL II PL HRDC 1/1,06633038,GILLETTE,1.00 ko,ko,0.7,0.7,,0.7,0.7,3014260265885,KOZMETIKA
DOMESTOS ZERO LIME 750ml,08030680,DOMESTOS,0.75 l,ko,3.99,5.32,,3.99,3.99,8717644169490,SREDSTVA ZA ČIŠĆENJE
DŽEM SMOKVA DIDA BOŽA 700g,90042599,DIDA BOŽA,0.70 kg,ko,5.71,8.16,,3.99,5.71,3859891515745,HRANA
JAVOROV SIRUP 250g NIKAS,90091886,,0.25 kg,ko,8.49,33.96,,8.49,8.49,3088542500285,HRANA
PLOČICA ENER VAN BOB VOĆ EKO 50g RAW BITE,90106663,RAW BITE,0.05 kg,ko,2.59,51.8,,2.59,2.59,5712840020074,HRANA
NEGAZ PIĆE CRNI RIBIZL I NAR  FRUCTAL CLASS 1L,90112729,FRUCTAL,1.00 l,ko,,1.49,1.49,1.39,1.89,3838945029247,PIĆE
ŠAMPON H&S MENTHOL 400ml,90114732,HEAD&SHOULDE,0.40 l,ko,6.69,16.73,,3.29,6.69,5011321336094,KOZMETIKA
NAMAZ HUMMUS CLASSIC 250G SANA,90148358,SANA,0.25 kg,ko,3.45,13.8,,3.45,3.45,3859892873011,HRANA
JOGURT LIMUN KOLAČ MED 150g DUKATOS,90167648,DUKATOS,0.15 kg,ko,0.99,6.6,,0.89,0.99,3850354010944,HRANA
PEL VIOLETA AD MAXI 4 7-18kg 60/1,90194025,VIOLETA,59.99 ko,ko,,0.2,11.99,11.99,15.93,3870128010253,TOALETNE POTREPŠTINE
ČAJ ZELENI EKO 40g DARVITALIS,90203222,DARVITALIS,0.04 kg,ko,3.95,98.75,,3.95,3.95,3858890830576,HRANA
DAX ODSTR MRLJA OXI PLUS 500G,90212685,DAX,0.50 kg,ko,2.65,5.3,,2.65,2.65,3850334571519,SREDSTVA ZA ČIŠĆENJE
MARELICA,01410097,,1.00 kg,kg,4.49,4.49,,2.99,2.99,3850334386410,HRANA
AJVAR BLAGI 195g PODRAVKA,01480013,PODRAVKA,0.20 kg,ko,1.85,9.49,,1.85,1.85,3850104022517,HRANA
WHISKAS SM JUNIOR PILETINA 300g,01640994,WHISKAS,0.30 kg,ko,,6.63,1.99,1.99,2.39,5900951014079,PROIZVODI ZA KUĆANSTVO
SV POLOVICA EWG ,02400047,,1.00 kg,kg,5.05,5.05,,5.05,5.05,3850139430981,HRANA
VINO TERAN 0.75L FRANC ARMAN,03020802,FRANC ARMAN,0.75 l,ko,17.05,22.73,,17.05,17.05,3859891697014,PIĆE
VINO MERLOT RESERVA 0.75L MONTES,03021576,MONTES,0.75 l,ko,9.25,12.33,,9.25,9.25,7804303271166,PIĆE
VINO DINGAČ RESERVA 0.75L SKARAMUČA,03025940,SKARAMUČA,0.75 l,ko,23.09,30.79,,23.09,23.09,3859888214316,PIĆE
SOK HIPP VODA I JABUKA 500ML,03141055,HIPP,0.50 l,ko,1.65,3.3,,1.65,1.65,4062300395572,PIĆE
NEG PIĆE MULTI ACE VINDI 0.25L,03142009,VINDI,0.25 l,ko,0.65,2.6,,0.65,0.65,3850108071306,PIĆE
PECIVO LIZIKA 180g KLARA,04010166,KLARA,0.18 kg,ko,0.75,4.17,,0.75,0.75,3858881321076,HRANA
ČAJ KAMILICA AO 20g PODRAVKA,04090151,PODRAVKA,0.02 kg,ko,1.59,79.5,,1.59,1.59,3850104072727,HRANA
ČAJ TREŠNJA FILT 55g OMOT FRANCK,04090286,FRANCK,0.06 kg,ko,2.29,41.64,,2.29,2.29,3858881083790,HRANA
KAŠ INST FRUTOLINO 200g,04174521,LINO,0.20 kg,ko,2.59,12.95,,1.99,1.99,3850104230073,HRANA
ŽV GUMA AIRWAVES CRNI RIBIZL 14g,04201010,WRIGLEY,0.01 kg,ko,0.99,70.71,,0.99,0.99,42070047,HRANA
ŠTAPIĆI RAŽ 25C 25/1 POKUPČANKA,05590106,POKUPČANKA,25.00 ko,ko,1.19,0.05,,1.19,1.19,3858881180161,PROIZVODI ZA KUĆANSTVO
ŠAMPON H&S 400ml OCEAN ENER,06520163,HEAD&SHOULDE,0.40 l,ko,6.69,16.73,,3.29,6.69,5011321336117,KOZMETIKA
GEL TUŠ ZIAJA NARANČA 500ml,06522928,ZIAJA,0.50 l,ko,3.19,6.38,,3.19,3.19,5901887016236,KOZMETIKA
ROLL ON NEUTR BOROTALCO 50ML,08163675,BOROTALCO,0.05 l,ko,,39.8,1.99,1.99,3.99,80453000,KOZMETIKA
MARGARIN KLASIK 60% 250g ZVIJEZDA,90033637,ZVIJEZDA,0.25 kg,ko,0.8,3.2,,0.8,0.8,3856015301901,HRANA
ČOKOLADA KANDI MLIJEČNA 80g,90047116,KANDIT,0.08 kg,ko,1.03,12.88,,1.03,1.03,3858881046689,HRANA
LASAGNE BOLOGNESE MINUTE 1000g,90057933,MINUTE,1.00 kg,ko,5.29,5.29,,3.79,3.79,3850334042941,HRANA
PIŠMOLJ M SVJ LIBURNIJA,90074596,,1.00 kg,kg,3.09,3.09,,1.85,3.09,,HRANA
KAKAO BENQUICK VR 500g,90111356,BENQUICK,0.50 kg,ko,4.09,8.18,,4.09,4.09,3838900033142,HRANA
ULJNI GEL ZA KUP MIXA BABY 400ML,90153374,MIXA,0.40 l,ko,6.49,16.23,,5.99,6.49,3600551155166,KOZMETIKA
BOJA EXCELLENCE 9,90154983,LOREAL EXCELLANCE,1.00 ko,ko,,6.69,6.69,8.59,8.99,3600523724895,KOZMETIKA
ŠAMPINJONI REZANI BONDUELLE 280G,90157685,BONDUELLE,0.17 kg,ko,1.99,11.71,,1.39,1.99,3083681016604,HRANA
JUHA KREM OD ŠPAROGE 55G PODRAVKA,90160146,PODRAVKA,0.06 kg,ko,1.39,25.27,,1.09,1.39,3850104274633,HRANA
DESERT CORNY MILK SAND DAR&WH 40g,90166710,SCHWARTAU,0.04 kg,ko,1.19,29.75,,1.19,1.19,4011800583118,HRANA
HIG UL ALWAYS CLASS NIGHT 8/1,90167396,ALWAYS P&G,8.00 ko,ko,1.85,0.23,,1.49,1.49,4015400260837,TOALETNE POTREPŠTINE
PROSECCO GRANDE VENTO 0.75L,90168836,GRANDE VENTO,0.75 l,ko,10.99,14.65,,8.99,11.05,5949013501027,PIĆE
PAP RUPČIĆI LUMPI 4SL 10/1,90212803,LUMPI,10.00 ko,ko,1.06,0.11,,1.06,1.06,3850334036193,TOALETNE POTREPŠTINE
DEO NIVEA PROTECT&CARE 150ml,90213288,NIVEA,0.15 l,ko,,26.6,3.99,3.99,3.99,9005800262048,KOZMETIKA
CIDER SOMERSBY BOROVNICA 0.33L NB,90214670,SOMERSBY,0.33 l,ko,1.65,5,,1.65,1.65,3858887582556,PIĆE
DESERT KIT KAT 41.5G 4F NESTLE,90222646,KIT KAT,0.04 kg,ko,1.35,32.53,,0.99,1.35,7613035365414,HRANA
MLIJEKO FIT ČOKOLADA 0.5L BOCA DUKAT,90230793,DUKAT,0.50 l,ko,2.29,4.58,,2.29,2.29,3850354007814,HRANA
JOGURT TEK K PLUS 2.8%MM 1.5kg MAXX,90256087,K PLUS,1.50 kg,ko,2.29,1.53,,2.29,2.29,3850334598332,HRANA
VOĆNE KUGL SMOKVA. LJEŠ I KOKOS 144G,90320106,FIT&FIT,0.14 kg,ko,3.79,26.32,,3.79,3.79,828093003834,HRANA
KAŠ INST ČOKOLINO BABY 210g,90320516,LINO,0.21 kg,ko,2.59,12.33,,1.99,1.99,3856020211073,HRANA
TORTILLA  25cm 6/1 370g MEXIFOODS,90324778,MEXIFOODS,0.37 kg,ko,2.65,7.16,,1.89,1.89,8422424100159,HRANA
GRISSINI SEZAM 125g AMOR DI PANE,90325467,AMOR DI PANE,0.13 kg,ko,1.29,10.32,,1.29,1.29,8005803010661,HRANA
NAMAZ VOĆ JAGODA 220g DARBO,90326062,DARBO,0.22 kg,ko,3.29,14.95,,3.29,3.29,9001432035883,HRANA
PERFECT FIT SM PILETINA 750g,90335138,PERFECT FIT,0.75 kg,ko,6.19,8.25,,6.19,6.19,5900951307645,PROIZVODI ZA KUĆANSTVO
ČOKOLADA FINESSE SJEC LJEŠ 80g,90335279,FINESSE,0.08 kg,ko,1.15,14.38,,1.15,1.15,3850334343031,HRANA
PROTEIN PROSERIES COOKIE 85g MILK CHOCOLATE,90344612,POLLEO,0.09 kg,ko,2.99,35.18,,2.99,2.99,3859893008832,HRANA
PROTEIN 1ST WHEY 2.27kg CHOCOLATE,90346375,POLLEO,2.27 kg,ko,69.99,30.83,,69.99,69.99,3858892293423,HRANA
KOZICE 80/100 MEDUZA,90356683,MEDUZA,1.00 kg,kg,9.99,9.99,,5.99,9.99,,HRANA
LIKER MATISS PINA COLADA 0.7L,90360745,FRUCTAL,0.70 l,ko,12.05,17.21,,12.05,12.05,3838945029582,PIĆE
TJESTENINA U ČAŠI CURRY 63g MAGGI,90360829,MAGGI,0.06 kg,ko,,23.65,1.49,1.55,2.09,7613036679992,HRANA
ŠAMPON J&J BABY 500ml,90361020,J&J,0.50 l,ko,7.69,15.38,,7.69,7.69,3574661593197,KOZMETIKA
ŠUNKA NAREZAK PIKANT 150g GAVRILOVIĆ,90362799,GAVRILOVIĆ,0.15 kg,ko,2.39,15.93,,2.39,2.39,3858890207002,HRANA
MUESLI FIT ŽITARICE VOĆE 225g SANTE,90363377,SANTE,0.35 kg,ko,3.19,9.11,,3.19,3.19,5900617030788,HRANA
ZAČIN MEKSIČKA JELA VR 30g VEGETA NATUR,90364138,VEGETA NATUR,0.03 kg,ko,1.19,39.67,,0.79,1.19,3856020229290,HRANA
BOMBON NIMM2 GUMENI HAPPIES 180g,90365238,NIMM2,0.18 kg,ko,1.69,9.39,,1.69,1.69,4014400925784,HRANA
COUS COUS EXPRESS 4X100g,90377987,TIPIAK,0.40 ko,ko,3.85,9.63,,3.85,3.85,3600900020251,HRANA
NEGAZIRANO PIĆE JUMEX MANGO 0.473L,90386028,JUMEX,0.47 l,ko,2.29,4.84,,2.29,2.29,7501013102192,PIĆE
KULENOVA SEKA,90391103,GAVRILOVIĆ,1.00 kg,kg,19.49,19.49,,19.49,19.49,3858890206487,HRANA
ČAJ BAK KAMIL 60g PIRAMID PAMPA-TEA,90408757,PAMPA TEA,0.06 kg,ko,7.69,128.17,,7.69,7.69,3859891239375,HRANA
PUREĆA CLASSIC NAR 100g PIK,90409803,PIK,0.10 kg,ko,2.25,22.5,,1.89,2.25,3850139520316,HRANA
SIR TVRDI KOZJI CAPROD 1/4 KRIŠ VIND,90410422,Z BREGOV,1.00 kg,kg,31.49,31.49,,31.49,31.49,3850108052886,HRANA
KOCKA GOVEĐA RETRO 120g PODRAVKA,90412422,PODRAVKA,0.12 kg,ko,2.09,17.42,,1.39,2.09,3856020245917,HRANA
ŠAMPON SYOSS ANTI DANDR 440ml,90424967,SYOSS,0.44 l,ko,,10.2,4.49,4.49,4.49,9000101277173,KOZMETIKA
PUREĆA PRSA NAR 100g,90427801,AEQUILIBRIUM,0.10 kg,ko,1.46,14.6,,1.46,1.46,8008110258634,HRANA
UMAK SALSA DIP GUACAMOLE 300g LA FIEST,90428078,LA FIESTA,0.30 kg,ko,4.39,14.63,,4.39,4.39,5412514935115,HRANA
DOMINOL PLASTIK 1L,08041197,DOMINOL,1.00 l,ko,7.7,7.7,,7.7,7.7,3850145462006,SREDSTVA ZA ČIŠĆENJE
DESERT LION BIJELI 42g NESTLE,90071125,LION,0.04 kg,ko,1.35,32.14,,0.99,1.35,7613031006267,HRANA
ČOKOL SAMO TI MALINA 100g ZVEČEVO,90080679,SAMO TI,0.10 kg,ko,1.29,12.9,,0.79,1.29,3858888573829,HRANA
PERECI SLANI SALTAS 200G,90082088,SALTAS,0.20 kg,ko,1.59,7.95,,1.19,1.59,3856014114908,HRANA
ODSTRANJIVAČ LAKA OLEA 200ML,90085823,OLEA,0.20 l,ko,1.99,9.95,,1.99,1.99,3850334380340,KOZMETIKA
KREMA LOREAL AGE SPEC 45+ DNE 50ML,90089967,LOREAL,0.05 l,ko,9.99,199.8,,9.39,9.99,3600522550129,KOZMETIKA
PUDER BOROTALCO BOCA 200g,90090819,BOROTALCO,0.20 kg,ko,3.45,17.25,,3.45,3.45,80018742,KOZMETIKA
PECIVO K PLUS SA SJEM 120g DON DON,90096231,K PLUS,0.12 kg,ko,0.79,6.58,,0.65,0.79,3850334405753,HRANA
TOFU DIMLJENI EKO 200g ANNAPURNA,90188678,ANNAPURNA,0.20 kg,ko,2.65,13.25,,2.65,2.65,3859890343295,HRANA
MESO KOZICA LIBURNIJA,90239046,,1.00 kg,kg,18.69,18.69,,11.21,18.69,,HRANA
ADVENTUROS STICKS 120G,90240563,ADVENTUROS,0.12 kg,ko,2.19,18.25,,1.59,2.19,7613035516274,PROIZVODI ZA KUĆANSTVO
ORAH INDIJSKI EC SUHO PRŽ NESLA 125g,90241104,EUROCOMPANY,0.13 kg,ko,3.49,27.92,,2.19,3.49,3872084007957,HRANA
PROIZ BILJ BAZ OKUS MOZZARELLA 250g,90263985,GREEN VIE,0.25 kg,ko,2.52,10.08,,2.52,2.52,5292874000063,HRANA
ŠUNKA K PLUS DIMLJENA 1/2 VAK,90266184,K PLUS,1.00 kg,kg,9.99,9.99,,6.59,9.99,3850139285505,HRANA
VODA SENSATION EUROPA 0.5L,90286676,SENSATION,0.50 l,ko,1.05,2.1,,1.05,1.05,3858890873474,PIĆE
GEL TUŠ OLDSP COOLING 400ml,90298832,OLD SPICE,0.40 l,ko,3,7.5,,3,3,4084500978942,KOZMETIKA
KREMA NIVEA 400ml,90341075,NIVEA,0.40 l,ko,,12.48,4.99,6.79,11.29,4005808158096,KOZMETIKA
FILET PANGASIUSA KONZUM,90349180,KONZUM,1.00 kg,kg,6.99,6.99,,4.19,6.99,,HRANA
MARGARIN LAGANI K PLUS 500g,90360622,K PLUS,0.50 kg,ko,,1.98,0.99,1.19,1.19,3850334268556,HRANA
ULJE ZA KOSU ELSEVE EXTRAORDINARY 50ml,90361785,LOREAL ELSEVE,0.05 l,ko,,89.8,4.49,5.99,5.99,3600523626373,KOZMETIKA
DOMINOL LAMINAT 750ml,90362979,DOMINOL,0.75 l,ko,4.59,6.12,,4.59,4.59,3850145462242,SREDSTVA ZA ČIŠĆENJE
PJENUŠAC FREIXENET C NEVADA 0.20L,90380593,FREIXENET,0.20 l,ko,4.69,23.45,,4.69,4.69,8410036006297,PIĆE
DŽEM JAGODA DIDA BOŽA 690g,90400428,DIDA BOŽA,0.69 kg,ko,5.71,8.28,,3.99,5.71,3859891515998,HRANA
MIC VOD BIOBAZA SENSITIVE 500ml,90402803,BIOBAZA,0.50 l,ko,7.29,14.58,,7.29,7.29,3856020903596,KOZMETIKA
TIJESTO REZA ŠIRO JAJA ŠPIN 400g MARODI,90403017,MARODI,0.40 kg,ko,2.49,6.23,,2.49,2.49,3859888666726,HRANA
VILJAMOVKA 0.75L HARMUND,90404151,HARMUND,0.75 l,ko,20.99,27.99,,18.69,20.99,3859893459092,PIĆE
ONE SM PILETINA PŠENICA 800g,01640569,ONE,0.80 kg,ko,5.69,7.11,,3.99,5.69,7613035467866,PROIZVODI ZA KUĆANSTVO
DARLING SP MESO POVR 3KG,01640595,DARLING,3.00 kg,ko,8.99,3,,5.99,8.99,7613032933760,PROIZVODI ZA KUĆANSTVO
PEDIGREE MULTI BISCROC 200g,01641536,PEDIGREE,0.20 kg,ko,1.79,8.95,,1.45,1.79,9003579302545,PROIZVODI ZA KUĆANSTVO
JEGER SLJEME 600g PIK VRBOVEC,02036560,SLJEME,0.60 kg,ko,4.29,7.15,,4.29,4.29,3850139331134,HRANA
EXTRAWURST 350g KOKA VINDIJA,02048207,CEKIN,0.35 kg,ko,2.15,6.14,,2.15,2.15,3850159120473,HRANA
JAKOBOVE KAPICE POLOVICE,02195320,,1.00 kg,kg,14.99,14.99,,8.39,14.99,93856024300554,HRANA
ARBUN III SVJ MEDUZA,02197587,,1.00 kg,kg,12.99,12.99,,7.79,12.99,,HRANA
ORADA I SVJ PAK KONZUM,02199516,,1.00 kg,kg,10.99,10.99,,6.29,10.49,,HRANA
SIR MEKI MASCARPONE 250g DUKAT,02398988,GALBANI,0.25 kg,ko,3.69,14.76,,3.69,3.69,8606002113469,HRANA
JUN SL I LEĐA SK BB ,02412036,PIK VRBOVEC,1.00 kg,kg,11.49,11.49,,11.49,11.49,3850139523102,HRANA
PILEĆA KRILA PERUTNINA RFZ 5,02430351,PERUTNINA PT,1.00 kg,kg,2.89,2.89,,2.89,2.89,3850220114615,HRANA
VINO PLAVAC MALI 0.75L KV MADIRAZZA,03028638,MADIRAZZA,0.75 l,ko,10.59,14.12,,10.59,10.59,3859889833035,PIĆE
CHAMPAGNE MOET&CHAND BRUT IM 0.75L,03030268,MOET&CHANDON,0.75 l,ko,58.05,77.4,,58.05,58.05,3185370729960,PIĆE
PIVO BAVARIA 0.5L PREMIUM LIM BAVARI,03040039,BAVARIA,0.50 l,ko,1.55,3.1,,1.55,1.55,8600105004013,PIĆE
PIVO BAVARIA 0.25L NEP BOCA,03040040,BAVARIA,0.25 l,ko,1.19,4.76,,1.19,1.19,87316650,PIĆE
COGNAC HENNESSY VS 0.7L 40%,03082423,HENNESSY,0.70 l,ko,38.05,54.36,,29.99,38.05,3245990043317,PIĆE
SURPRISE SOK MULTIVITAMIN 0.30 L+IZNENAĐENJE,03140773,SURPRISE,0.30 l,ko,1.39,4.63,,1.39,1.39,8594023921043,PIĆE
SMJESA ZA KRUH MIX BEZ GL 1kg SCHAR,04030834,DR SCHAR,1.00 kg,ko,6.19,6.19,,6.19,6.19,8008698004845,HRANA
TIJESTO MINI PIPE RIGATE 500g BARILA,04055528,BARILLA,0.50 kg,ko,2.45,4.9,,2.45,2.45,8076809523523,HRANA
KIKIRIKI BEZ ULJA AROM 250g VREĆ FRA,04070234,CHIO,0.25 kg,ko,2.69,10.76,,2.39,2.69,3856021302275,HRANA
ORAH MUŠKATNI MLJEV 18g VR KOTANY,04100137,KOTANYI,0.02 kg,ko,2.29,127.22,,2.09,2.29,9001414015391,HRANA
KEKS SPORT 1kg KRAŠ,04141855,KRAŠ,1.00 kg,ko,4.19,4.19,,4.19,4.19,3850102311507,HRANA
KEKS PLAZMA 150g,04146025,BAMBI,0.15 kg,ko,1.65,11,,1.65,1.65,8600043000016,HRANA
KEKS PIKNIK 920g VR KOESTLIN,04151565,KOESTLIN,0.92 kg,ko,3.99,4.34,,3.99,3.99,3858881091955,HRANA
JUHA KOKOŠ S REZ 18g FINI MINI PODR,04160070,FINI MINI,0.02 kg,ko,0.79,43.89,,0.59,0.79,3850104048296,HRANA
MUESLI CRUNCH NATU CL 350g,04171155,NATUREL,0.35 kg,ko,,7.4,2.59,2.59,3.59,3858887240739,HRANA
BOMBON GUM KIKI COLA 90g KRAŠ,04191609,KIKI,0.09 kg,ko,1.19,13.22,,0.89,1.19,3850102214990,HRANA
BOMBON VOĆNI TVRDI 350g LIKING,04194470,LIKING,0.35 kg,ko,3.09,8.83,,3.09,3.09,8002415500429,HRANA
LINDT LINDOR BALLS CORNET 60% 200g,04250441,LINDT,0.20 kg,ko,9.99,49.95,,6.99,9.99,8003340091273,HRANA
TIJESTO TAGLIAT ŠPINAT LC 500g BARIL,04360187,BARILLA,0.50 kg,ko,3.49,6.98,,3.49,3.49,8076809523721,HRANA
HIG UL LIBRESSE MAXI SUP CLIP 9,06502162,LIBRESSE,9.00 ko,ko,,0.19,1.7,2.25,2.25,7322540591927,TOALETNE POTREPŠTINE
HIG UL ALWAYS ULTRA SENS DUO 16,06506678,ALWAYS P&G,16.00 ko,ko,2,0.13,,2,2,4015400214038,TOALETNE POTREPŠTINE
PJENA ZA KOSU  INTESA STRONG HOLD300 2238,06546783,INTESA,0.30 l,ko,3.49,11.63,,3.49,3.49,8003510002238,KOZMETIKA
PATRONE GILL FUS PROGL MAN 4KOM,06562166,GILLETTE,4.00 ko,ko,25.59,6.4,,25.59,25.59,7702018085514,KOZMETIKA
ČETKICA SIGNAL DJ MINI 5304,06610116,SIGNAL,1.00 ko,ko,3.19,3.19,,2.18,2.18,8718114201641,KOZMETIKA
BRIJAČ WILKINSON CLASSIC + 5 BRITVICA,06630872,WILKINSON,5.00 ko,ko,6.19,1.24,,6.19,6.19,4027800015504,KOZMETIKA
MASLINE ZELENE OTKOŠ OLICOOP 450G,90051681,OLICOOP,0.23 kg,ko,3.99,17.58,,3.99,3.99,8410522004776,HRANA
KREMA LOREAL REVITAL LASER DN 50ML,90056496,LOREAL,0.05 l,ko,20.49,409.8,,19.49,20.49,3600523550661,KOZMETIKA
RIŽA PARBOILED 4X125 g KRESTO    ,90114509,KRESTO,0.50 kg,ko,2.09,4.18,,2.09,2.09,3858882290463,HRANA
NAMAZ HUMMUS ZELENA PAPRIKA 250G SANA,90148362,SANA,0.25 kg,ko,3.45,13.8,,3.45,3.45,3859892873110,HRANA
LIGNJA PATAGONIKA,90157524,,1.00 kg,kg,11.19,11.19,,6.71,11.19,,HRANA
MESNE OKRUGLICE 400G CARNEX,90220102,CARNEX,0.40 kg,ko,3.69,9.23,,3.69,3.69,8600012700329,HRANA
KOMPOT JAGODE 820/320g,01470135,MIKADO,0.32 kg,ko,2.69,8.41,,2.69,2.69,4007415007033,HRANA
TUNJ KOMADI EVA 56G,02190460,EVA,0.06 kg,ko,2.69,48.04,,2.69,2.69,3850104231407,HRANA
SV LOPATICA BK II KAT 4D ,02402350,PIK VRBOVEC,1.00 kg,kg,,3.59,3.59,3.79,3.79,3850139523430,HRANA
SV CARSKO MESO NAR 550g MA PIK VRBOV,02404385,PIK VRBOVEC,0.55 kg,ko,4.39,7.98,,3,4.39,3850139437492,HRANA
LIKER LAVOV POKORNY 1L 32% BADEL 186,03070422,POKORNY,1.00 l,ko,13.05,13.05,,13.05,13.05,3850112110015,PIĆE
LIKER ORAHOVAC 1L MARASKA,03070600,MARASKA,1.00 l,ko,15.05,15.05,,12.03,12.03,3850158406004,PIĆE
BITTER ISTRA 1L,03072129,NIMCO,1.00 l,ko,15.55,15.55,,15.55,15.55,4000152006086,PIĆE
OCAT BALZAMSKI 0.5L PONTI,03120006,PONTI,0.50 l,ko,3.49,6.98,,2.99,3.49,80228486,HRANA
GAZ PIĆE VINDI TONIC WATER 1.5L,03163164,VINDI,1.50 l,ko,1.75,1.17,,1.75,1.75,3850108071559,PIĆE
KRUH ZLATNA KORA 600g KLARA,04015840,KLARA,0.60 kg,ko,2.05,3.42,,2.05,2.05,3858881322370,HRANA
TIJESTO REZANCI JAJ MRKV 400g KOLEDA,04051249,KOLEDA,0.40 kg,ko,2.25,5.63,,1.59,2.25,3859888433076,HRANA
TIJESTO ŠURLICE SVJ JAJA 400g MARODI,04051408,MARODI,0.40 kg,ko,2.59,6.48,,2.59,2.59,3859888666344,HRANA
ZOBENE PAHULJICE 500g SITNE NUMBERS ARE GOOD,90344832,POLLEO,0.50 kg,ko,1.59,3.18,,1.59,1.59,3859893008467,HRANA
PANCETA SLJEME VAK,90352971,SLJEME,1.00 kg,kg,11.9,11.9,,10.99,11.9,3850139050899,HRANA
MLIJEKO BEZ LAKTOZE 2.8% 0.2L VINDIJA,90361910,Z BREGOV,0.20 l,ko,0.59,2.95,,0.59,0.59,3850108023589,HRANA
BOMBON KAR KIKI MALINA 100g,90373354,KIKI,0.10 kg,ko,1.29,12.9,,0.97,1.29,3850102005895,HRANA
DEO OLD SPICE DEEP SEA SPR 150ml,90402674,OLD SPICE,0.15 l,ko,,24.93,3.74,4.99,4.99,8001841282473,KOZMETIKA
STICK OLD SPICE DEEP SEA 50ml,90402679,OLD SPICE,0.05 l,ko,,74.8,3.74,4.99,4.99,8001841283906,KOZMETIKA
TIJESTO ŠIROKI REZANCI S JAJIMA 400g KLARA M,90403366,KLARA M,0.40 kg,ko,3.19,7.98,,3.19,3.19,3859893308185,HRANA
JAJE S BOMBONIMA PEPA PIG 10g,90405286,RELKON,0.01 kg,ko,1.33,133,,1.33,1.33,5200701000063,HRANA
LIKER PELINKOVAC ANTIQUE 0.7L+2 čaše,90405543,BADEL 1862,0.70 l,ko,20.05,28.64,,20.05,20.05,3850112111258,PIĆE
SLAD BEN & JERRY STRAWB CH CK 465ml,90406114,BEN & JERRY'S,0.47 l,ko,8.99,19.33,,8.99,8.99,8711327374126,HRANA
JELO U ČAŠI JAPANSKI CURRY 90g AJINOMOTO,90483154,AJINOMOTO,0.09 kg,ko,1.89,21,,1.89,1.89,5901384504854,HRANA
BOJA GLISS COLOR 5-1,90483421,GLISS,1.00 ko,ko,7.39,7.39,,7.39,7.39,9000101272369,KOZMETIKA
BOJA EXCELLENCE 8.11,90483484,LOREAL EXCELLANCE,1.00 ko,ko,,7.49,7.49,9.49,9.99,3600523939664,KOZMETIKA
UMAK PESTO CHILLI 190g SACLA,90484146,SACLA,0.19 kg,ko,3.29,17.32,,3.29,3.29,8001060017139,HRANA
ČAJ KONOPLJA ZELENI ČAJ 25g BIO CANNONA,90485728,CANNONA,0.03 kg,ko,3.98,159.2,,3.98,3.98,3859893683169,HRANA
SIR TVRDI BOKUN 300g MIH,90486862,SIRANA MIH,0.30 kg,ko,11.99,39.97,,11.99,11.99,3859891700967,HRANA
JEGER IVANEČKI PIKANT 300g IMISIMO,90498762,IMISIMO,0.30 kg,ko,3.69,12.3,,2.99,3.69,3859893866012,HRANA
LIGNJA PATAGONICA KOL I KR OCEAN 400g,90518611,OCEAN,0.40 kg,ko,5.49,13.73,,4.49,5.49,3850334396242,HRANA
NAPITAK BADEM PRŽ 1L DAR,90528252,DAR,1.00 l,ko,2.69,2.69,,2.69,2.69,3850108028010,HRANA
ČETKICA ORAL B PULSAR 3D WHITENING,90572092,ORAL B,1.00 ko,ko,5,5,,5,5,3014260111823,KOZMETIKA
SPECIAL DOG EX. MP SVJ TUNA 150g,90572799,SPECIAL DOG EXCELLENCE,0.15 kg,ko,1.59,10.6,,1.11,1.59,8009470008679,PROIZVODI ZA KUĆANSTVO
GOURMET NATURE'S MM PURETINA 85g,90573108,GOURMET,0.09 kg,ko,1.09,12.82,,0.89,1.09,7613038056036,PROIZVODI ZA KUĆANSTVO
PIVO PAULANER HP GOLD 0.5L LIM,90602742,PAULANER,0.50 l,ko,1.79,3.58,,1.49,1.79,4004866222329,PIĆE
MUESLI GRAN BOOM BOX COCO/ALM/WC 300g,90623117,BOOM BOX,0.30 kg,ko,3.99,13.3,,3.99,3.99,3858890479287,HRANA
JUNEĆI BUT B.K. I KAT LOVRIĆ,90648676,LOVRIĆ,1.00 kg,kg,12.49,12.49,,12.49,12.49,,HRANA
MY PETS MM PERAD 405G,90648699,MY PETS,0.41 kg,ko,0.79,1.95,,0.65,0.79,3850334011237,PROIZVODI ZA KUĆANSTVO
GRISSINI SALTELLI SLANI 100g VALLEDORO,90670045,VALLEDORO,0.10 kg,ko,1.46,14.6,,1.46,1.46,8009280001570,HRANA
GIN PINK GLITER 0.7L GROŠEK,90670477,GROŠEK,0.70 l,ko,33.29,47.56,,33.29,33.29,3859893708121,PIĆE
LIZALICA JUICY DROP POP 26g BAZOOKA,90673676,BAZOOKA,0.03 kg,ko,2.99,115,,2.99,2.99,5011053013591,HRANA
ČOKOLADA TAMNA PROT 80g NO GUILT,90674406,NO GUILT,0.08 kg,ko,4.39,54.88,,4.39,4.39,3856024804271,HRANA
SPIDERMAN GEL 400 ML ,90674629,AIR VAL,0.40 l,ko,4.95,12.38,,4.95,4.95,8411114090382,KOZMETIKA
NAMAZ POVRTNI CHILLI LIMUN 95g ARGETA ,90675222,ARGETA,0.10 kg,ko,1.89,19.89,,1.39,1.89,8606018021833,HRANA
WHISKAS SM JANJETINA 300G,90678138,WHISKAS,0.30 kg,ko,,6.63,1.99,1.99,2.39,5900951305719,PROIZVODI ZA KUĆANSTVO
CAPPUCCINO RITUAL ČOKO VR 200g,90682999,RITUAL,0.20 kg,ko,1.95,9.75,,1.95,1.95,8605002356418,HRANA
SUPER PAWER SM PILETINA 1KG,90698058,SUPER PAWER,1.00 kg,ko,1.69,1.69,,1.69,1.69,3858894140350,PROIZVODI ZA KUĆANSTVO
SIRUP K PLUS NARANČA 1L,90703456,K PLUS,1.00 l,ko,2.55,2.55,,2.55,2.55,3850334044211,PIĆE
PIVO VARIONICA SIESTA S. IPA 0.5L NB,90704195,VARIONICA,0.50 l,ko,2.55,5.1,,2.55,2.55,3859893139505,PIĆE
ČIPS HRUSTY SLANI XCUT 150g,90705105,HRUSTY,0.15 kg,ko,1.15,7.67,,1.15,1.15,3850334044686,HRANA
KROASAN SUNNY MIDI KAKAO ČOK 50g,90705617,SUNNY,0.05 kg,ko,0.49,9.8,,0.49,0.49,3850334043245,HRANA
VODA VITAMIN OSHEE VITAMIN C 0.555L,90705940,OSHEE,0.56 l,ko,1.69,3.05,,1.49,1.49,5908260250027,PIĆE
TIJESTO LUMACONI 500g BRAGAGNOLO,90706284,BRAGAGNOLO,0.50 kg,ko,1.99,3.98,,1.99,1.99,8004350739537,HRANA
JOG ČVRSTI 3.2% M.M. 180G KRAVICA,90713396,KRAVICA KRALJICA,0.18 kg,ko,0.44,2.44,,0.44,0.44,3856015328939,HRANA
NJOKI MINUTE 500g KADICA,90725828,MINUTE,0.50 kg,ko,1.39,2.78,,1.09,1.09,3850334044792,HRANA
PASTA LUK TUBA 190g PODRAVKA,90730906,PODRAVKA,0.19 kg,ko,1.99,10.47,,1.49,1.99,3856020263508,HRANA
KREMA RUKE OLEA MEDIT SMILJE 75ml,90735115,OLEA,0.08 l,ko,,14.27,1.07,1.35,1.35,3850334099860,KOZMETIKA
ŠARUN SVJ PELAGOS,90739808,PELAGOS,1.00 kg,kg,2.59,2.59,,1.55,2.59,,HRANA
ŠAMPON AFR RICINUS 950ml,90744826,AFRODITA,0.95 l,ko,4.79,5.04,,4.79,4.79,3831070661658,KOZMETIKA
ČIPS PAPRIKA RR 150 g SAN CARLO,90754671,SAN CARLO,0.15 kg,ko,2.59,17.27,,2.59,2.59,8003130141119,HRANA
KRUH SA SJEMENKAMA 500g PAK K PLUS,90759784,K PLUS,0.50 kg,ko,,2.5,1.25,1.25,1.79,3850334108326,HRANA
AJVAR DOMAĆI BLAGI 290g DOORA,90765122,DOORA,0.29 kg,ko,5.59,19.28,,5.59,5.59,3858894540488,HRANA
TUNJ SALATA MEXICANA 2X160 g EVA,90765195,EVA,0.32 kg,ko,7.89,24.66,,3.89,7.89,3856020269524,HRANA
TUNJ SALATA SICILY 160 g RIO MARE,90765233,RIO MARE,0.16 kg,ko,4.69,29.31,,2.15,4.69,8004030476004,HRANA
MEKSIČKI MIX 300g/285g D AUCY,90770413,D AUCY,0.29 kg,ko,1.79,6.28,,1.79,1.79,3017800252475,HRANA
SOMAT EXCELLENCE 5IN1 42TAB,90785199,SOMAT,42.02 ko,ko,25.99,0.62,,25.99,25.99,9000101809053,SREDSTVA ZA ČIŠĆENJE
TAB FINISH ALL IN ONE ECO 45TAB,90785225,FINISH ADW,45.01 ko,ko,21.99,0.49,,21.99,21.99,5999109582942,SREDSTVA ZA ČIŠĆENJE
OM ORNEL GLOW 1.6 L,90785346,ORNEL,1.60 l,ko,5.09,3.18,,5.09,5.09,3850105186614,SREDSTVA ZA ČIŠĆENJE
MR MUSCLE ODČEP 500ml,90785383,MR MUSCOLO,0.50 l,ko,4.39,8.78,,4.19,4.19,5000204316155,SREDSTVA ZA ČIŠĆENJE
NAMAZ PROSERIES CASHEW BUTTER 350 g,90789678,POLLEO,0.35 kg,ko,9.99,28.54,,9.99,9.99,3856026808154,HRANA
KAVA DOLCE GUSTO RIST BAR 16/1 104g,90789913,DOLCE GUSTO,0.10 kg,ko,6.49,62.4,,5.29,6.49,8445290869531,HRANA
KULENOVA SEKA THE MEAT,90799908,THE MEAT,1.00 kg,kg,23.99,23.99,,23.99,23.99,,HRANA
DR BECK HLADNJAK MIKROVALNA 250 ml,90800516,BECKMANN,0.25 l,ko,4.29,17.16,,3,4.29,4008455598819,SREDSTVA ZA ČIŠĆENJE
CHANTECLAIR WC AKTIV PJENA 625 ml,90804766,CHANTE CLAIR,0.63 l,ko,3.65,5.84,,3.65,3.65,8015194526238,SREDSTVA ZA ČIŠĆENJE
PERECI LOMLJENI ROŠTILJ 125g ELEPHANT ,90809868,ELEPHANT,0.13 kg,ko,1.89,15.12,,1.59,1.89,5941035012642,HRANA
VINO PREMIUM GRAND CUVEE TOUCH 0.75L,90814771,TOUCH,0.75 l,ko,25.05,33.4,,25.05,25.05,3859893289248,PIĆE
TJESTENINA U VREĆICI TERIYAKI 130g MAGGI,90814893,MAGGI,0.13 kg,ko,3.19,24.54,,2.59,3.19,8585002443304,HRANA
LEDOLETTA ABC SIR 800 g LEDO,90825008,LEDO,0.80 kg,ko,,4.99,3.99,4.99,4.99,3850116067520,HRANA
LEDOLETTA MARELICA 800 g LEDO,90825016,LEDO,0.80 kg,ko,4.99,6.24,,4.49,4.99,3850116067438,HRANA
TORTA DELLA NON 500 g SPECIAL MOMENTS,90825110,SPECIAL MOMENTS,0.50 kg,ko,9.99,19.98,,6.99,9.99,3850334430144,HRANA
SOK FRUVITA VOĆNI JAB VIŠNJA 330 ml,90809899,FRUVITA,0.33 l,ko,1.49,4.51,,1.49,1.49,8606030051382,PIĆE
VINO GRAŠEVINA CARSKO 2 L PET,90814790,CARSKO,2.00 l,ko,5.29,2.65,,3.65,5.29,3859892866822,PIĆE
KOZICA ARGENTINSKA 250 g OCEAN,90825329,OCEAN,0.25 kg,ko,6.99,27.96,,4.99,6.99,3850334098764,HRANA
OCAT BALZAMSKI JABUKA SPE MOME 0.25L,90826124,SPECIAL MOMENTS,0.25 l,ko,3.49,13.96,,3.49,3.49,3850334430106,HRANA
ČOKOLADA MILKA MILKINIS 100g,90829852,MILKA,0.10 kg,ko,2.49,24.9,,1.39,2.49,7622300041496,HRANA
PAŠTETA S PAČJOM I PILEĆOM JETROM,90849793,POLCA,1.00 kg,kg,19.99,19.99,,19.99,19.99,5413546347846,HRANA
BOJA OLIA 7.0 DARK BLOND,90850061,GARNIER OLIA,1.00 ko,ko,7.59,7.59,,7.19,7.59,3600542601924,KOZMETIKA
GEL TUŠ NIVEA MEN DEEP SPORT 500 ml,90850627,NIVEA,1.00 ko,ko,6.29,6.29,,2.99,6.29,9005800379401,KOZMETIKA
KARE DIMLJENI SUŠENI PIK VAK,90851196,PIK,1.00 kg,kg,11.99,11.99,,11.99,12.99,3850139285642,HRANA
KAVA RITUAL ESPR MAXX NS 30/1 168 g,90864656,RITUAL,0.17 kg,ko,6.99,41.61,,6.99,6.99,3850334431349,HRANA
KAVA CREMA CLASSIC NS 10/1 57 g LAV,90869962,LAVAZZA,0.06 kg,ko,5.99,105.09,,5.99,5.99,8000070053472,HRANA
PILEĆI BATAK 8 kg RFZ,90874651,PERUTNINA,1.00 kg,kg,2.69,2.69,,2.59,2.59,93850220114236,HRANA
CROISSANT MILKA VANILIJA 50 g,90874692,MILKA,0.05 kg,ko,,17.8,0.89,1.09,1.09,7622202257223,HRANA
PIRE VOĆNI KRUŠKA ŠLJIVA 200 g BB,90875505,BOOM BOX,0.20 kg,ko,1.99,9.95,,1.49,1.99,3856027802007,HRANA
ČOKOLADNA JAJA MINI SPECIAL M 150 g,90879781,SPECIAL MOMENTS,0.15 kg,ko,1,6.67,,1,1.5,3850334437198,HRANA
ČOKOLADA MILKA LOTUS BISCOFF 90 g,90879898,MILKA,0.09 kg,ko,2.49,27.67,,1.39,2.49,7622202295058,HRANA
BOMBON GUM LEPTIR 125 g BEAUTY SW,90880102,BEAUTY SWEETIES,0.13 kg,ko,2.89,23.12,,2.89,2.89,4260278366116,HRANA
ŠTRUDLA SPECIAL M ČOKO JAGODA  145 g,90880151,SPECIAL MOMENTS,0.15 kg,ko,1.29,8.9,,0.9,1.29,3850334437075,HRANA
KREMA REVIT VIT C DNEVNA 50 ml,90885203,LOREAL,0.05 l,ko,19.99,399.8,,19.99,19.99,3600524169688,KOZMETIKA
KREMA NEUTROGENA C&D B 50 ml,90885910,NEUTROGENA,0.05 l,ko,,118,5.9,7.39,7.39,3574661332581,KOZMETIKA
KUKURUZ ŠEĆ 2X85/2X70 g BONDUELLE,90886129,BONDUELLE,0.14 kg,ko,1.49,10.64,,1.49,1.49,3083681068184,HRANA
GRAH CRVENI 230g PODRAVKA,01550199,PODRAVKA,0.23 kg,ko,1.39,6.04,,1.39,1.39,3850104020759,HRANA
LOSOS FILET S KOŽOM 400g LEDO,02191011,LEDO,0.40 kg,ko,9.99,24.98,,9.99,9.99,3850116765716,HRANA
JUN VRAT SK  ,02412010,PIK VRBOVEC,1.00 kg,kg,6.99,6.99,,6.99,6.99,3850139523119,HRANA
MEDALJONI PIL PANIR 660g SMR VINDIJA,02435514,CEKIN,0.66 kg,ko,7.69,11.65,,6.49,7.69,3850159141461,HRANA
RUM DOMAĆI 0.10L MARASKA,03070097,MARASKA,0.10 l,ko,1.69,16.9,,1.69,1.69,3850158201517,PIĆE
VODKA VIGOR 0.10L BADEL 1862,03070916,VIGOR,0.10 l,ko,1.69,16.9,,1.69,1.69,3850112142283,PIĆE
BACARDI BREEZER ORANGE RTD 0.275L,03075782,BACARDI,0.28 l,ko,3.25,11.82,,3.25,3.25,5010677551311,PIĆE
VISKI LAGAVULIN 16 YO 0.7L,03080517,LAGAVULIN,0.70 l,ko,129.99,185.7,,129.99,129.99,5000281005409,PIĆE
INSTANT KAVA CLASSIC LIM 100g FRANCK,04070424,FRANCK,0.10 kg,ko,4.49,44.9,,4.49,4.49,3850291055213,HRANA
MUESLI VIOLA 6 VRSTA ŽITARICA 1kg,04170369,VIOLA,1.00 kg,ko,7.69,7.69,,7.69,7.69,4000446017101,HRANA
BOMBON GUM KIKI ZMIJICE 100g KRAŠ,04191610,KIKI,0.10 kg,ko,1.19,11.9,,0.89,1.19,3850102216376,HRANA
SPUŽVA GLITZI CRYST 3/1 1031,05354939,VILEDA,3.00 ko,ko,3.99,1.33,,2.39,3.99,3838447000331,PROIZVODI ZA KUĆANSTVO
BOJA PALETTE ICC RI5    0501,06540397,PALETTE ICC,1.00 ko,ko,,3.49,3.49,3.49,3.49,3838824159898,KOZMETIKA
ŠPEK KARE NARESCI 90 g DOBRO,90886816,DOBRO,0.09 kg,ko,2.69,29.89,,2.69,2.69,3850133816606,HRANA
KOŠARICE LONČIĆ 42 g 12/1 CONFILETAS,90887088,CONFILETAS,0.04 kg,ko,5.99,142.62,,4.79,5.99,8427778896192,HRANA
KEKS FINESSE KOLUTI ČOKO KOKOS 300 g,90889890,FINESSE,0.30 kg,ko,2.99,9.97,,2.99,2.99,3850334436931,HRANA
KURKUMA BIO 20 g KOTANYI,90825577,KOTANYI,0.02 kg,ko,1.49,74.5,,1.49,1.49,9001414019115,HRANA
PRŠUT DALMATINSKI 80 g NAR 18 MJ SPECIAL MOMENTS,90825858,SPECIAL MOMENTS,0.08 kg,ko,2.49,31.13,,2.05,2.49,3850334432025,HRANA
DET FAKS 5IN1 COLOR 22TAB,90825952,FAKS,22.00 ko,ko,13.49,0.61,,9.44,13.49,3850105187253,SREDSTVA ZA ČIŠĆENJE
GRANOLA BADEM S KOM ČOK 300 g BETTR,90826077,BETT R,0.30 kg,ko,4.99,16.63,,3.99,4.99,3800233680584,HRANA
SET GILLETTE SENS H3+PJENA 200 ml,90826347,GILLETTE,1.00 ko,ko,8,8,,8,8,8700216592895,KOZMETIKA
LECHAT EX MM ADULT INĆUN GRAŠ 85 g,90834871,LECHAT EXCELLENCE,0.09 kg,ko,,11.53,0.98,0.9,1.29,8009470061896,PROIZVODI ZA KUĆANSTVO
ZP SIGNAL KIDS STRAWBERRY 75 ml,90850534,SIGNAL,0.08 l,ko,3.49,46.53,,2.44,2.44,8720181501821,KOZMETIKA
LAK TAFT HOLDING ME STRONG 250 ml,90850656,TAFT,0.25 l,ko,,19.16,4.79,4.79,5.99,9000101735857,KOZMETIKA
DET PERSIL STAIN REMOVAL 2X34TAB,90854997,PERSIL,67.98 ko,ko,21.99,0.32,,21.99,21.99,9000101824285,SREDSTVA ZA ČIŠĆENJE
TUNJ OCEAN KOMADI ULJE 185 g/130 g,90869925,OCEAN,0.13 kg,ko,1.89,14.54,,1.89,1.89,3850334114990,HRANA
DESERT BISKV KIDSWORLD MILKSNACK 28g,90880184,KIDSWORLD,0.03 kg,ko,0.46,16.43,,0.35,0.46,8595588201373,HRANA
ČETKICA EL ORAL B iO2 BLACK,90885827,ORAL B,1.00 ko,ko,,66.99,66.99,89.99,89.99,8700216614931,KOZMETIKA
MLIJEKO ČOKOLADNO BOOST 0.5 L DUKAT,90885851,DUKAT,0.50 l,ko,1.79,3.58,,1.79,1.79,3850354019060,HRANA
PILING NEUTROGENA C&D 150 ml,90885879,NEUTROGENA,0.15 l,ko,,39.33,5.9,7.39,7.39,3574661332505,KOZMETIKA
BOMBON GUMENI MAGIC CARPETS 90 g,90886028,FINI,0.09 kg,ko,1.39,15.44,,1.39,1.39,8410525121500,HRANA
WHISKAS MM JUNIOR PERAD ŽELE 4X85 g,90886240,WHISKAS,0.34 kg,ko,2.75,8.09,,2.75,2.75,5900951319211,PROIZVODI ZA KUĆANSTVO
DET DASH LAVANDA 30TAB,90886347,DASH,30.00 ko,ko,19.99,0.67,,19.99,19.99,8700216792639,SREDSTVA ZA ČIŠĆENJE
NAPOLITANKE ČOKOLADA 420 g LASTA,90890533,LASTA,0.42 kg,ko,3.39,8.07,,3.39,3.39,3870128039711,HRANA
TORTELLINI SIR 250 g PASTIFICIO,90890602,PASTIFICIO BOLOGNESE,0.25 kg,ko,1.99,7.96,,1.99,1.99,8058951350097,HRANA
SVINJSKO CARSKO MESO MARINIRANO BK V,90894970,DILMAR,1.00 kg,kg,,7.99,7.99,6.29,8.99,,HRANA
OM DUEL SOFT LOTUS 1.6 L,90895394,DUEL,1.60 l,ko,4.99,3.12,,4.99,4.99,8606015846880,SREDSTVA ZA ČIŠĆENJE
AJAX PEACH 1 L,90895406,AJAX,1.00 l,ko,3.69,3.69,,3.69,3.69,8718951710276,SREDSTVA ZA ČIŠĆENJE
DET PERSIL GEL COLOR 2.475 L 55 PR,90895413,PERSIL,2.48 l,ko,20.99,8.48,,20.99,20.99,9000101599176,SREDSTVA ZA ČIŠĆENJE
DET JAR PLAT PLUS LEMON 63 TAB,90895426,JAR ADW,63.01 ko,ko,39.99,0.63,,39.99,39.99,8006540751350,SREDSTVA ZA ČIŠĆENJE
DŽEM JAGODA 340g SCHWAR,01464007,SCHWARTAU,0.34 kg,ko,5.04,14.82,,5.04,5.04,4011800840518,HRANA
ZAČIN MEXICO BURITO 40g VR KOTANYI,01490842,KOTANYI,0.04 kg,ko,1.69,42.25,,1.39,1.69,9001414011546,HRANA
DŽEM OD MARELICE BAKINA TAJNA 375g,01501121,BAKINA TAJNA,0.38 kg,ko,3.99,10.64,,3.99,3.99,8606102785016,HRANA
FEFERON K PLUS LJUTI 300g,01560313,K PLUS,0.30 kg,ko,2.49,8.3,,2.49,2.49,3850334411822,HRANA
MY PETS MP PIL PUR 1250G,01642175,MY PETS,1.25 kg,ko,1.59,1.27,,1.29,1.59,3850334180971,PROIZVODI ZA KUĆANSTVO
ŠUNKA K PLUS ZA PIZZU,02039444,K PLUS,1.00 kg,kg,5.75,5.75,,5.75,5.75,3850139350463,HRANA
SIR TVRDI LIVANJSKI MLJEKARA LIVNO,02051921,MLJEKARA LIV,1.00 kg,kg,23.69,23.69,,15.99,23.69,3870348000010,HRANA
SIR POLUTV EDAMER 45% K PLUS,02053832,K PLUS,1.00 kg,kg,7.96,7.96,,6.97,7.96,3850334136992,HRANA
SIR TVRDI MIJEŠANI 1/4 ŠPIN,02055589,ŠPIN,1.00 kg,kg,27.99,27.99,,21.99,27.99,3858881190009,HRANA
MUZGAVAC CRNI SVJ  MEDUZA,02195287,,1.00 kg,kg,7.79,7.79,,4.67,7.79,,HRANA
PAGAR SVJ 1000-2000 FIORITAL,02195317,,1.00 kg,kg,20.49,20.49,,12.29,20.49,93856024302398,HRANA
BRANCIN LLL SVJ CROMARIS,02197674,CROMARIS,1.00 kg,kg,12.55,12.55,,7.53,12.55,3859891926565,HRANA
TUNJ SALATA GRAH 160g BOWL RIO MARE,02198506,RIO MARE,0.16 kg,ko,4.69,29.31,,2.15,4.69,8004030023017,HRANA
VRHNJE ZA KUHANJE 20% 200g DUKAT,02331186,BRZO&FINO,0.20 kg,ko,1.49,7.45,,1.49,1.49,3850354001232,HRANA
KOKOŠI RASJEK SMRZNUTI VINDIJA,02420387,CEKIN,1.00 kg,kg,3.79,3.79,,3.79,3.79,3850159111396,HRANA
MARINATO GRILL RAŽNJIĆI POD VINDIJA,02431457,CEKIN,1.00 kg,kg,,11.59,11.59,11.59,12.99,3850159150104,HRANA
VINO DINGAČ VRH 0.75L RADOVIĆ,03026639,RADOVIĆ,0.75 l,ko,19.19,25.59,,19.19,19.19,3859889668217,PIĆE
NEKTAR KRUŠKA FRUCTAL 1L,03142815,FRUCTAL,1.00 l,ko,2.39,2.39,,1.72,1.72,3838945509008,PIĆE
NEGAZ PIĆE JUICY FRUITS NAR NEKT 0.5L JAM,03145075,JUICY FRUITS,0.50 l,ko,1.09,2.18,,1.05,1.09,3858890975154,PIĆE
GAZ PIĆE SPRITE 1L PET,03160837,SPRITE,1.00 l,ko,1.49,1.49,,1.29,1.49,5449000335012,PIĆE
TIJESTO CAPELLINI 1 500g ZARA,04050652,PASTA ZARA,0.50 kg,ko,1.09,2.18,,0.89,1.09,8004350130013,HRANA
TIJESTO K PLUS CHIFERI RIG 55 500g,04057603,K PLUS,0.50 kg,ko,1.29,2.58,,1.29,1.29,,HRANA
ZAČIN BILJE ZA SALATU 16g VREĆ KOTAN,04100208,KOTANYI,0.02 kg,ko,1.15,71.88,,0.99,1.15,9001414016022,HRANA
SOL MORSKA KRUPNA 1kg KUTIJA SOLANA,04110024,SOLANA PAG,1.00 kg,ko,0.85,0.85,,0.85,0.85,3859888155107,HRANA
VAFL JADRO 860g,04151052,JADRO,0.86 kg,ko,5.39,6.27,,5.39,5.39,3850102522514,HRANA
BOMBON CONFETTINO TULJAC 30g,04192257,KANDIT,0.03 kg,ko,1.15,38.33,,1.15,1.15,3858881042858,HRANA
KAKAO KRAŠ EXPRESS 200g KRAŠ,04212553,KRAŠ EXPRESS,0.20 kg,ko,2.75,13.75,,2.75,2.75,3850102126903,HRANA
BOMBONJERA GRIOTTE 204g,04250899,GRIOTTE,0.20 kg,ko,7.19,35.25,,5.39,7.19,3850102125821,HRANA
GEL TUŠ MAN MAX SENSITIVE 300ml,90235437,MAN MAX,0.30 l,ko,1.05,3.5,,1.05,1.05,3850334560667,KOZMETIKA
ADVENTUROS NUGGETS 90G,90240559,ADVENTUROS,0.09 kg,ko,2.19,24.33,,1.59,2.19,7613035516311,PROIZVODI ZA KUĆANSTVO
KEKS LILLY VANILIN 220g KRAŠ,90275918,KRAŠ,0.22 kg,ko,1.79,8.14,,1.79,1.79,3850120700055,HRANA
KEKS OREO 110G,90288238,OREO,0.11 kg,ko,1.69,15.36,,1.69,1.69,7622210765932,HRANA
KEKS OREO 176g,90288240,OREO,0.18 kg,ko,,9.03,1.59,1.59,2.19,7622210765338,HRANA
JUN LOPATICA BK MARTINJAK,90295401,,1.00 kg,kg,9.89,9.89,,9.89,9.89,3859893702648,HRANA
LIKER VIŠNJA PAŠKO 0.5L,90298175,PAŠKO LIKERI,0.50 l,ko,12.05,24.1,,12.05,12.05,3859891911400,PIĆE
MASKA PANTENE REPAIR&PROTECT 300ml,90298817,PANTENE,0.30 l,ko,5.99,19.97,,4.49,4.49,8006540608494,KOZMETIKA
DEOSPREJ FA DIVINE MOMENTS 150ml,90298846,FA,0.15 l,ko,3.99,26.6,,2.49,3.99,9000101053111,KOZMETIKA
PUDING ČOKOLADA BG 49g DR OETKER,90301286,DR OETKER,0.05 kg,ko,1.1,22.45,,1.1,1.1,5997381360593,HRANA
KAŠA HELJDINA INSTANT 500 g MLINOTEST,90302682,MLINOTEST,0.50 kg,ko,3.45,6.9,,3.45,3.45,3831001824091,HRANA
GROŽĐICA VEDRINI SUHA 500g,90303755,VEDRINI,0.50 kg,ko,3.29,6.58,,3.29,3.29,3859890630265,HRANA
STUDENTSKI MIX VEDRINI 400g,90303765,VEDRINI,0.40 kg,ko,4.79,11.98,,4.79,4.79,3858889331848,HRANA
POESIE PUREĆA PRSA U UMAKU 85g VITAKR,90307682,VITAKRAFT,0.09 kg,ko,0.85,10,,0.85,0.85,4008239366634,PROIZVODI ZA KUĆANSTVO
PIVO HEINEKEN 4PACK 0.33L,90319519,HEINEKEN,1.32 l,ko,4.45,3.37,,4.45,4.45,3850103901417,PIĆE
SUHO ULJE PIZ BUIN SPF 30 150ml,90319980,PIZ BUIN,0.15 l,ko,15.99,106.6,,15.99,15.99,3574661192857,KOZMETIKA
SUHA PEČENICA 1/2 VAK PIK,90320193,PIK VRBOVEC,1.00 kg,kg,21.99,21.99,,15.49,21.99,3850139030563,HRANA
UMAK ZA MESO CRNI ČEŠNJAK 235 ml CARL KUHNE,90324610,KUHNE,0.24 l,ko,3.99,16.98,,3.99,3.99,40198644,HRANA
ZAČIN PILET TIKKA MASALA 20g VR KOTANYI,90324747,KOTANYI,0.02 kg,ko,1.69,84.5,,1.39,1.69,9001414135495,HRANA
TJESTENINA PILETINA I POVRĆE  CUP 60g SAIKEBON,90325253,SAIKEBON,0.06 kg,ko,,19.83,1.19,1.49,1.49,8000050019429,HRANA
BOLERO CLASSIC JAGODA 9g,90325848,BOLERO,0.01 kg,ko,0.89,98.89,,0.89,0.89,3800048200212,PIĆE
BOLERO CLASSIC CVIJET BAZGE 9g,90325863,BOLERO,0.01 kg,ko,0.89,98.89,,0.89,0.89,3800048223488,PIĆE
ČETKICA CURAPROX 3PACK CS 5460 ULTRA SOFT,90332146,CURAPROX,3.00 ko,ko,13.99,4.66,,13.99,13.99,7612412540604,KOZMETIKA
OSLIĆ JADRANSKI EKSTRA,90356788,MEDUZA,1.00 kg,kg,10.39,10.39,,6.23,10.39,,HRANA
KUP/GEL ZA PRANJE J&J BABY COTT TOUCH 500ml,90361110,J&J,0.50 l,ko,7.99,15.98,,7.99,7.99,3574661427935,KOZMETIKA
KAVA PERFETTO LATTE DG 10/1 160g BAR,90363510,BARCAFFE,0.16 kg,ko,3.98,24.88,,3.98,3.98,3838471037792,HRANA
OCAT VINSKI CRNO VINO  1 L MUSTAČ,90370556,MUSTAČ,1.00 l,ko,1.92,1.92,,1.92,1.92,3859892999063,HRANA
KEKS OREO MLJEVENI 300g,90373123,OREO,0.30 kg,ko,3.29,10.97,,3.29,3.29,7622210748737,HRANA
ZAČIN ZA GOVEĐI GULAŠ 50g ALEVA,90380142,ALEVA,0.05 kg,ko,1.19,23.8,,1.19,1.19,8600947042129,HRANA
ČAJ VOĆNI FRUIT LOVE 45g TEEKANNE,90386074,TEEKANNE,0.05 kg,ko,2.59,57.56,,2.59,2.59,5901086057658,HRANA
SAPUN TEK GENERA MUSC REF 1L,90402844,GENERA,1.00 l,ko,2.59,2.59,,2.59,2.59,8003693401897,KOZMETIKA
DET PUR CHEF LEMON 1.2L,90402970,PUR,1.20 l,ko,4.79,3.99,,4.79,4.79,9000101386295,SREDSTVA ZA ČIŠĆENJE
FANT CHILI CON CARNE 55G PODRAVKA,90403252,FANT,0.06 kg,ko,1.39,25.27,,1.39,1.39,3856020236441,HRANA
TIJESTO PENNE RIGATE N.19  500g AGNESI,90403760,AGNESI,0.50 kg,ko,1,2,,1,1,8001200045299,HRANA
ZAČINSKO BILJE DALMATI 14g VR KOTANY,90405941,KOTANYI,0.01 kg,ko,1.15,82.14,,0.99,1.15,9001414218037,HRANA
PEL PAMPERS AB MAXIPACK S7 44/1,90406912,PAMPERS,44.01 ko,ko,13.2,0.3,,13.2,13.2,8001090949295,TOALETNE POTREPŠTINE
ČEŠNJAK MLJEVENI SPICE CHEF 55g  MLIN,90409993,SPICE CHEF,0.06 kg,ko,1.99,36.18,,1.99,1.99,3850334133908,HRANA
OSLIĆ GLAVA I REP,90410223,KONZUM,1.00 kg,kg,1.09,1.09,,0.65,1.09,,HRANA
KNEDLE S MARELICOM MINUTE 1000g,90425426,MINUTE,1.00 kg,ko,2.99,2.99,,2.51,2.51,3850334234148,HRANA
ULJE ZA KOSU PANTENE ARGAN 100ml     ,90478615,PANTENE,0.10 l,ko,9.29,92.9,,6.89,6.89,8006540124833,KOZMETIKA
ŠAMPON SYOSS MEN POWER 440ml,90478959,SYOSS,0.44 l,ko,,10.2,4.49,4.49,4.49,9000101277395,KOZMETIKA
BOJA EXCELLENCE 3.11 ,90483475,LOREAL EXCELLANCE,1.00 ko,ko,,7.49,7.49,9.49,9.99,3600523939411,KOZMETIKA
ŠAMPON MANEN TAIL 355ml,90484284,MANE N TAIL,0.36 l,ko,8.49,23.92,,8.49,8.49,0071409543214,KOZMETIKA
JUHA BOGATA S CRVENOM KVINOJOM 70g PODRAVKA,90484498,PODRAVKA,0.07 kg,ko,1.49,21.29,,1.09,1.49,3856020247430,HRANA
SIR MEKI KOZJI 400g DIVAN GARDEN,90486887,DIVAN GARDEN,0.40 kg,ko,7.3,18.25,,7.3,7.3,3859893493546,HRANA
PIZZA MARGHERITA 310 g GG,90874905,GUSTAVO GUSTO,0.31 kg,ko,4.49,14.48,,4.49,4.49,4260414154430,HRANA
ČIPS HRUSTY STICKS PAPRIKA 100 g,90887129,HRUSTY,0.10 kg,ko,0.99,9.9,,0.99,0.99,3838900821022,HRANA
SARDINA U BILJNOM ULJU 95/67 g ADRIA,90895243,ADRIA,0.07 kg,ko,0.99,14.78,,0.99,0.99,3856020276256,HRANA
GRAŠAK MRKVA 450g,02361429,PODRAVKA,0.45 kg,ko,1.99,4.42,,1.99,1.99,3858885110102,HRANA
TORTELLINI 4 VRSTE SIRA 250g KLASJE,02373688,AURELIA,0.25 kg,ko,2.89,11.56,,2.79,2.89,3859890561019,HRANA
TEL LOPATICA SK  VAKLM,02414319,,1.00 kg,kg,9.59,9.59,,7.99,9.59,3850139543247,HRANA
VEGETA DOZA 200g PODRAVKA,06063177,VEGETA,0.20 kg,ko,2.39,11.95,,2.39,2.39,3850104255274,HRANA
PUDER DJ BECUTAN 100g   9247,06601504,BECUTAN,0.10 kg,ko,,25.5,2.55,3.19,3.19,5310001139247,KOZMETIKA
GAZ PIĆE THOMAS HENRY TONIC WAT 0.75L,90404607,THOMAS HENRY,0.75 l,ko,5.05,6.73,,3.99,5.05,4251760802526,PIĆE
RAKIJA TRAVA RICA V DEGENIJA 1L,90404785,DEGENIJA,1.00 l,ko,13.85,13.85,,13.85,13.85,3859889693127,PIĆE
ČOKOLADA DORINA NAPOLITANKA 290g,90411107,DORINA,0.29 kg,ko,4.69,16.17,,3.79,4.69,3850102519552,HRANA
ČOKOL LINDT DARK MILD 70% 100g,90425469,LINDT,0.10 kg,ko,4.29,42.9,,4.29,4.29,3046920029780,HRANA
GEL TUŠ NIVEA CREME SOFT 500ML,90231974,NIVEA,0.50 l,ko,6.29,12.58,,6.29,6.29,9005800282503,KOZMETIKA
FRESCOBALDI. REMOLE ROSSO IGT 0.75 L,90261617,FRESCOBALDI,0.75 l,ko,11.05,14.73,,11.05,11.05,8007425200017,PIĆE
ZAČIN BOSILJAK USITNJ VR 5g VEGETA MAESTRO,90282189,VEGETA MAESTRO,0.01 kg,ko,0.89,178,,0.49,0.89,3850104294563,HRANA
ZAČIN KIM ZRNO VR 10g VEGETA MAESTRO,90282295,VEGETA MAESTRO,0.01 kg,ko,0.99,99,,0.99,0.99,3850104294532,HRANA
FILET BAKALARA FIORITAL,90284673,,1.00 kg,kg,12.99,12.99,,7.79,12.99,93856024300219,HRANA
DESERT NUTELLA B-READY 44g,90290649,FERRERO,0.04 kg,ko,1.19,27.05,,1.19,1.19,8000500264850,HRANA
ŽV GUMA AIRWAVES CHERRY MEN 14g,90290694,WRIGLEY,0.01 kg,ko,0.99,70.71,,0.99,0.99,42102120,HRANA
PIVO 5TH ELEMENT ABA 0.5L NB,90298341,5TH ELEMENT,0.50 l,ko,2.15,4.3,,2.15,2.15,3859892222925,PIĆE
ODRESCI SOJA ŽITO ZAM 400g,90299214,ŽITO,0.40 kg,ko,2.69,6.73,,2.69,2.69,3856020261962,HRANA
MESNI NAREZAK GAVRILOVIĆ,90301481,GAVRILOVIĆ,1.00 kg,kg,10.89,10.89,,10.89,10.89,3858881229068,HRANA
Chia sjemenke 400g Eurocompany,90308090,EUROCOMPANY,0.40 kg,ko,2.99,7.48,,2.99,2.99,3872084006929,HRANA
GLINA ZA KOSU TAFT 75ml,90310730,TAFT,0.08 l,ko,,58.53,4.39,4.39,5.49,9000101206012,KOZMETIKA
PIVO NIKŠIĆKO 0.5L LIM,90316058,NIKŠIĆKO PIVO,0.50 l,ko,1.55,3.1,,1.55,1.55,3850131004920,PIĆE
PILEĆI FILE NA ŠTAPIĆU 400g,90320267,PIKNIK,0.40 kg,ko,5.3,13.25,,4.49,5.3,3838977024012,HRANA
KEKS OREO DOUBLE 157g,90321322,OREO,0.16 kg,ko,,10.13,1.59,1.59,2.19,7622210148483,HRANA
ZAČIN SECR OD GREECE 35g KOT VREĆ,90339574,KOTANYI,0.04 kg,ko,1.69,48.29,,1.39,1.69,9001414134610,HRANA
BOMBONI GUMENI DINO REX 100g TROLLI,90344384,TROLLI,0.10 kg,ko,1.65,16.5,,1.65,1.65,4003084319507,HRANA
DESERT KINDER CARDS 128g,90344942,FERRERO,0.13 kg,ko,3.19,24.92,,3.19,3.19,8000500269169,HRANA
KEKS MOTO KAKAO 4/1 192g,90352908,MOTO,0.19 kg,ko,1.79,9.32,,1.49,1.79,3850102522880,HRANA
GEL NIVEA MICEL RUŽA 150ml,90353764,NIVEA,0.15 l,ko,,38.13,5.72,8.19,8.19,9005800304557,KOZMETIKA
ČOKOLADICA PROTEIN WOPPERS 25g CHOCOLATE MILK,90353882,POLLEO,0.03 kg,ko,1.49,59.6,,1.49,1.49,3858892292730,HRANA
ZP SENSOD SENSITIVITY&GUM 75ml,90356842,SENSODYNE,0.08 l,ko,,78,5.85,6.89,6.89,5054563154378,KOZMETIKA
DESERT KINDER SCHOKO BONS WHITE 200g,90361366,FERRERO,0.20 kg,ko,5.29,26.45,,4.23,5.29,8000500289877,HRANA
KAŠA RIŽINA KAKAO 60g SUPERFOODS,90364059,SUPERFOODS BY ENCIAN,0.06 kg,ko,1.55,25.83,,1.55,1.55,3858890103472,HRANA
SRED DAX NAMJEŠTAJ 500ml,90373502,DAX,0.50 l,ko,1.72,3.44,,1.72,1.72,3850334544179,SREDSTVA ZA ČIŠĆENJE
DESERT RIŽA NA MLIJEKU 200g,90382640,ZOTT,0.20 kg,ko,0.86,4.3,,0.69,0.86,4014500516950,HRANA
ČAJ MENTA LIST 80g AGRISTAR,90385855,AGRISTAR,0.08 kg,ko,3.09,38.63,,3.09,3.09,3858886501312,HRANA
SAPUN TEK GENERA NEUTRO REFIL 1L,90391285,GENERA,1.00 l,ko,2.59,2.59,,2.59,2.59,8003693400470,KOZMETIKA
CROISSANT 7DAYS SUPER MAX KAKAO 110g,90401431,CHIPITA,0.11 kg,ko,1.3,11.82,,1.3,1.3,7622201388362,HRANA
ČOKOLADA RIKI RIŽA ORIGINAL 75g,90405269,RIKI,0.08 kg,ko,1.69,22.53,,1.69,1.69,3856024800679,HRANA
PIĆE NEGAZ ALOE V LOTTE NATUR 0.5L,90407096,LOTTE,0.50 l,ko,1.75,3.5,,1.75,1.75,8801056091712,PIĆE
HIG UL VIOLETA AIR FIT NORMAL 20/1,90409470,VIOLETA,20.00 ko,ko,,0.1,1.99,1.99,2.65,3870128023512,TOALETNE POTREPŠTINE
LIST ŽUVELA,90409562,ŽUVELA,1.00 kg,kg,18.19,18.19,,10.91,18.19,,HRANA
REZANCI SITNI 400g LAURA PTO,90412466,LAURA,0.40 kg,ko,2.15,5.38,,2.15,2.15,3859893592041,HRANA
FLIPS CLIPSY MAX KISELO VRHNJE 25g,90424412,PEPSICO,0.03 kg,ko,,25.2,0.63,0.79,0.79,8606014407464,HRANA
NAPITAK BARISTA BADEM 1L ALPRO,90448064,ALPRO,1.00 l,ko,3.89,3.89,,3.89,3.89,5411188129899,HRANA
SALV PALOMA STYLE COCKTAIL 24x24 3SL 20/1,90498181,PALOMA,20.00 ko,ko,1.65,0.08,,1.65,1.65,3838952028776,PROIZVODI ZA KUĆANSTVO
DET MERI MERINO COLOUR 900ml,90568142,MERI MERINO,0.90 l,ko,3.39,3.77,,3.39,3.39,3850111105760,SREDSTVA ZA ČIŠĆENJE
SPUŽVA GREEN LIFE FLEXI FINO 2/1,90570352,FINO,0.40 ko,ko,1.79,4.48,,1.79,1.79,5900536337968,PROIZVODI ZA KUĆANSTVO
LECHAT EX. SM STERILIZED 400g,90572762,LECHAT EXCELLENCE,0.40 kg,ko,3.69,9.23,,2.59,3.69,8009470060097,PROIZVODI ZA KUĆANSTVO
NEG PIĆE TOCO MULTIVITAMIN 1.5L,90600280,TOCO,1.50 l,ko,1.69,1.13,,1.69,1.69,3858890878615,PIĆE
PROTEIN PRO WHEY VANILLA 908g,90623649,POLLEO,0.91 kg,ko,28.99,31.93,,28.99,28.99,3856026800608,HRANA
MY PETS MM RIBA 405G,90648711,MY PETS,0.41 kg,ko,0.79,1.95,,0.65,0.79,3850334011268,PROIZVODI ZA KUĆANSTVO
KITTY MM GOVEDINA 405G,90648730,KITTY,0.41 kg,ko,0.89,2.2,,0.69,0.89,3850334011565,PROIZVODI ZA KUĆANSTVO
KAPSULE ILLY BRAZIL 120.6g 18/1 ,90669632,ILLY,0.12 kg,ko,11.59,96.58,,11.59,11.59,8003753142685,HRANA
UMAK ARRABBIATA 400g BARILLA,90703489,BARILLA,0.40 kg,ko,,4.98,1.99,3.29,3.29,8076809569118,HRANA
BROKULA GARDEN GOOD 750g,90704011,GARDEN GOOD,0.75 kg,ko,2.99,3.98,,2.99,2.99,3838900835210,HRANA
PIRE VOĆ KRUŠKA BIO 100g FRULLA,90705141,FRULLA,0.10 kg,ko,1.19,11.9,,0.89,1.19,8024985008044,HRANA
VRHNJE ZA KUHANJE 20% 200ml,90468236,MEGGLE,0.20 kg,ko,1.69,8.45,,1.69,1.69,3870085021811,HRANA
KREMA BAD ZA UČVRŠĆ ZUBI REG 47g,90351063,BLEND-A-DENT,0.05 kg,ko,,84.26,3.96,5.29,5.29,8001841900483,KOZMETIKA
KEKS PIŠKOTE DULCETTI 400g,90356870,DULCETTI,0.40 kg,ko,1.75,4.38,,1.49,1.75,3838900842331,HRANA
ULJE OLEA SPF6 SPRAY 200ml,90360488,OLEA,0.20 l,ko,5.99,29.95,,5.99,5.99,3850334153814,KOZMETIKA
VAFL LOACKER DUPLA ČOK 175g,90362251,LOACKER,0.18 kg,ko,2.19,12.51,,1.59,2.19,8000380192199,HRANA
POSLASTICA NOSHIES PURETINA 90g VITAKRAFT,90362357,VITAKRAFT,0.09 kg,ko,2.59,28.78,,2.59,2.59,4008239369192,PROIZVODI ZA KUĆANSTVO
VODA FUNKC JANA VIT REFRESH 0.5L,90363930,JANA,0.50 l,ko,1.19,2.38,,1.19,1.19,3858890874570,PIĆE
ULJE KOKOS HLA PR DJEV 300g BIO ZONE,90364743,BIO ZONE,0.30 kg,ko,2.49,8.3,,2.49,2.49,3838900841082,HRANA
BOMBON ŽELE VOĆNI ŠUMI 400g,90364803,ŠUMI,0.40 kg,ko,3.99,9.98,,3.99,3.99,3838700277487,HRANA
BOMBON NIMM2 GUMENI SOFTIES JOGURT 90g,90365253,NIMM2,0.09 kg,ko,1.19,13.22,,1.19,1.19,4014400917109,HRANA
BOMBON KAR KIKI TUTTI FRUTTI 100g,90373544,KIKI,0.10 kg,ko,1.29,12.9,,0.97,1.29,3850102516704,HRANA
MJEŠAVINA QUINOA 400g LEDO,90378067,LEDO,0.40 kg,ko,2.99,7.48,,2.99,2.99,3850116034041,HRANA
ČAJ MATIČNJAK LIST 70g AGRISTAR,90385864,AGRISTAR,0.07 kg,ko,3.19,45.57,,3.19,3.19,3858886501329,HRANA
PECIVO KUKURUZNI KLIPIĆ 85g MLINAR,90388973,MLINAR,0.09 kg,ko,0.65,7.65,,0.39,0.65,3858881121119,HRANA
VISKI JAMESON 0.50 L,90394908,JAMESON,0.50 l,ko,16.05,32.1,,16.05,16.05,5011007015534,PIĆE
KREMA ROSAL CL BADEM ULJE 50ml,90401594,ROSAL,0.05 l,ko,6.99,139.8,,6.99,6.99,3856007906817,KOZMETIKA
GEL TUŠ OLD SPICE DEEP SEA 400ml,90402672,OLD SPICE,0.40 l,ko,,9.35,3.74,4.99,4.99,8001841326153,KOZMETIKA
TEL SLAB I LEĐA BK VAKLM T BOER,90406266,GIDRAN,1.00 kg,kg,18.58,18.58,,18.58,18.58,,HRANA
METLA SOB VILEDA UNIV S DRŠKOM,90427851,VILEDA,1.00 ko,ko,13.25,13.25,,6.99,13.25,4023103178212,PROIZVODI ZA KUĆANSTVO
KEKS MILKA OREO SENSATION 156g,90428016,MILKA,0.16 kg,ko,3.39,21.73,,2.37,3.39,7622202265884,HRANA
ŽV GUM MENTA MATCHA 21g TRUE GUM,90448215,TRUE GUM,1.00 ko,ko,2.09,2.09,,2.09,2.09,5700002082503,HRANA
SIR I VRHNJE 450g MEGGLE,90467836,MEGGLE,0.45 kg,ko,2.99,6.64,,2.99,2.99,3870085020258,HRANA
PIVO CRAFTER'S ESCAPE 0.5L NB,90488291,CRAFTER S,0.50 l,ko,2.35,4.7,,2.35,2.35,3859893368011,PIĆE
SOK FRUCTAL NARAN BEZ PULPE 100% 1L,90499376,FRUCTAL,1.00 l,ko,2.89,2.89,,1.99,1.99,3838945007870,PIĆE
KRUPICA PIR BIO ZONE 500g,90513584,BIO ZONE,0.50 kg,ko,1.99,3.98,,1.99,1.99,3838900804209,HRANA
MLIJEKO SVJEŽE Z BREG 21D 3.2/1L PET,90513979,Z BREGOV,1.00 l,ko,1.55,1.55,,1.55,1.55,3850108011845,HRANA
JOGURT B'AKTIV ACAI ŠUMSKI MIX 330g,90514021,B'AKTIV,0.33 kg,ko,1.65,5,,1.29,1.29,3850354015840,HRANA
GROŽĐICA GARD GOOD ZLAT JUMBO 180g,90553212,GARDEN GOOD,0.18 kg,ko,1.69,9.38,,1.19,1.69,3838900987902,HRANA
SPECIAL DOG EX. SP AD MINI JANJ 800g,90572787,SPECIAL DOG EXCELLENCE,0.80 kg,ko,6.39,7.99,,4.47,6.39,8009470059886,PROIZVODI ZA KUĆANSTVO
SIR TVRDI RIBANAC 100g PRESIDENT,90573619,PRESIDENT,0.10 kg,ko,3.29,32.9,,3.29,3.29,3850355007622,HRANA
FELIX MM SENSAT GOVED RAJČICA 85g,90582736,FELIX,0.09 kg,ko,0.79,9.29,,0.79,0.79,7613287490179,PROIZVODI ZA KUĆANSTVO
SPREJ SYOSS KERAT HEAT PROT 200ml,90598490,SYOSS,0.20 l,ko,,24.45,4.89,4.89,4.89,9000101049299,KOZMETIKA
SLAD HAAGEN DAZS SLANA KARAMELA 80ml,90598699,HAAGEN DAZS,0.08 l,ko,2.7,33.75,,2.7,2.7,3415587422010,HRANA
DESERT BELVITA TAM ČOK LJEŠNJAK 40g,90599697,BELVITA,0.04 kg,ko,1.25,31.25,,0.94,1.25,7622210547422,HRANA
ČETKICA SENS EXP SOFT TRIO 2+1,90600474,SENSODYNE,1.00 ko,ko,,8.99,8.99,10.59,10.59,5054563030993,KOZMETIKA
SIR SVJEŽI POSNI 10% 500g ZDENKA,90600675,ZDENKA,0.50 kg,ko,2.89,5.78,,2.89,2.89,3858888590215,HRANA
ARF CREAM CITRO 400ml,90603158,ARF,0.40 l,ko,1.95,4.88,,1.69,1.95,3850105181596,SREDSTVA ZA ČIŠĆENJE
DŽEM EKSTRA SMOK/VIŠNJ MARAS 240g MARINA,90617854,MARINA,0.24 kg,ko,4.45,18.54,,4.45,4.45,3859888295582,HRANA
STAKLENA BOCA SILICONE GRIP 550ml,90623598,POLLEO,0.55 l,ko,11.99,21.8,,11.99,11.99,3858892299081,HRANA
KAŠA ZOB KVIN/JAB/CIMET 65g ROW SPIRIT,90707905,ROW SPIRIT,0.07 kg,ko,1.19,18.31,,1.19,1.19,3859894094131,HRANA
KAVA LEDENA CAPPUCCINO 250ml Z BREGOV,90724896,Z BREGOV,0.25 l,ko,1.55,6.2,,1.55,1.55,3850108021943,HRANA
DAX GUMENE RUKAVICE L 2/1,90725625,DAX,2.00 ko,ko,1.29,0.65,,1.29,1.29,3850334036599,PROIZVODI ZA KUĆANSTVO
SET ORAL B EL ČET FROZEN+PUT ETUI,90729758,ORAL B,1.00 ko,ko,,32.79,32.79,43.79,43.79,8006540773338,KOZMETIKA
RAJČICA PASIRANA GARDEN GOOD 400g ST,90731461,GARDEN GOOD,0.40 kg,ko,1.19,2.98,,0.89,1.19,3850334071644,HRANA
ZAČIN TACO MIX 40g LA FIESTA,90731783,LA FIESTA,0.04 kg,ko,1.19,29.75,,1.19,1.19,5412514935191,HRANA
MJEŠAVINA MEDITERANSKA 400g BONDUELLE,90732260,BONDUELLE,0.40 kg,ko,2.99,7.48,,2.99,2.99,3083681139358,HRANA
VODA ALKALNA ACTIVE+ 0.33L,90732583,ACTIVE+,0.33 l,ko,1.05,3.18,,1.05,1.05,5304000311957,PIĆE
NAMAZ VOĆ CRNI RIBIZL 284g DALFOUR,90733278,ST DALFOUR,0.28 kg,ko,4.64,16.34,,4.64,4.64,3492390007313,HRANA
ČOKOLADNA JAJA LINDOR MILK 180 g,90750309,LINDT,0.18 kg,ko,4,22.22,,4,5,8003340095400,HRANA
REZANCI BATAT PIR 200g KOVAČIĆ,90759800,OPG IVAN KOVAČIĆ,0.20 kg,ko,2.89,14.45,,2.89,2.89,3858893350125,HRANA
MEKSIČKI MIX 3X150/3X130g BONDUELLE,90765302,BONDUELLE,0.39 kg,ko,3.69,9.46,,2.58,3.69,3083681168600,HRANA
SLAD GELATISSIMO TROPIC 1650ml,90765311,GELATISSIMO,0.90 l,ko,5.29,5.87,,3.59,5.29,3850334103444,HRANA
ORAH IND SUHOPRŽ SLANI FP EC 300 g,90769728,EUROCOMPANY,0.30 kg,ko,6.79,22.63,,5.09,6.79,3872084015693,HRANA
PAHULJ LINO PILLOWS MILK XXL 700g,90714243,LINO,0.70 kg,ko,4.69,6.7,,4.29,4.69,3856020262730,HRANA
DET VESH COLOR GEL 3L= 60PRANJA,90714263,VESH,3.00 l,ko,,3.33,9.99,9.99,17.89,3870128033856,SREDSTVA ZA ČIŠĆENJE
RETOUCHER PALETTE RR 4-0 SMEĐA,90714402,PALETTE,1.00 ko,ko,,3.69,3.69,3.69,3.69,9000101664065,KOZMETIKA
ARF KUPAONICA ECO ACT 650ml,90725374,ARF,0.65 l,ko,3.29,5.06,,2.59,2.59,3850105181220,SREDSTVA ZA ČIŠĆENJE
TUNA GLAVA I REP RZ KOMIŽA,90725693,RZ KOMIŽA,1.00 kg,kg,6.99,6.99,,5.63,9.39,,HRANA
SET ČETKICA EL ORAL B PRO1+PUT ETUI,90729752,ORAL B,1.00 ko,ko,,49.49,49.49,65.99,65.99,8006540789162,KOZMETIKA
BOMBONI GUM YUMMI GUMMI FROZ YOG 70g ,90729974,ROSHEN,0.07 kg,ko,0.89,12.71,,0.89,0.89,4823077636363,HRANA
SERUM ZORINA MAST VIT C 30ml,90730244,ZORINA MAST,0.03 l,ko,17.19,573,,17.19,17.19,3859894008336,KOZMETIKA
PRŠUT DOBRO NAR 250g,90732052,DOBRO,0.25 kg,ko,8.79,35.16,,6.49,8.79,3850133804115,HRANA
PRŠUT DOBRO 1/4,90732049,DOBRO,1.00 kg,kg,27.09,27.09,,27.09,27.09,3850133800759,HRANA
REKORD SPUŽVA PREMIUM 2/1,90732219,REKORD TIM,2.00 ko,ko,1.49,0.75,,1.49,1.49,3858882684606,PROIZVODI ZA KUĆANSTVO
KOCKE ZA POTPALU FLASH PARAFIN 80/1,90732346,FLASH,80.00 ko,ko,4.99,0.06,,4.99,4.99,4007467822530,PROIZVODI ZA KUĆANSTVO
AJVAR LJUTI 300g GURMANO,90732548,GURMANO,0.30 kg,ko,5.69,18.97,,5.69,5.69,5319991599390,HRANA
LEDENI ČAJ BRESKVA VINDI 1.5L,90732622,VINDI,1.50 l,ko,1.75,1.17,,1.75,1.75,3850108071801,PIĆE
NAMAZ VOĆ NAR/MALINA 284g DALFOUR,90733279,ST DALFOUR,0.28 kg,ko,4.64,16.34,,4.64,4.64,3492390009737,HRANA
LIKER BOROVNICA NOMEN 0.7L,90734763,NOMEN,0.70 l,ko,8.05,11.5,,8.05,8.05,3858892461068,PIĆE
PIŠKOTE SAVOIARDI BEZ GL 200g SCHAR,90734826,DR SCHAR,0.20 kg,ko,,25.1,5.02,6.29,6.29,8008698023723,HRANA
MLIJEKO TIJ OLEA MEDIT LAVAN 250ml,90735101,OLEA,0.25 l,ko,,7.96,1.99,2.49,2.49,3850334099921,KOZMETIKA
OM SILAN MORNING SUN 1.408L,90744989,SILAN,1.41 l,ko,,1.98,2.79,2.79,2.79,9000101801095,SREDSTVA ZA ČIŠĆENJE
MIX RITUAL 2U1 10X14 g VR,90750218,RITUAL,0.14 kg,ko,1.49,10.64,,1.49,1.49,3850334100214,HRANA
ČAJ BREATHE SLJEZ 20X1.5 g NATURAVITA,90754811,NATURAVITA,0.03 kg,ko,2.19,73,,2.19,2.19,3858884091686,HRANA
TORTELLINI PRŠUT BG 250g LA NOVA,90754918,LA NOVA,0.25 kg,ko,,19.16,4.79,5.99,5.99,8006827630002,HRANA
VINO CAB SAUVIGNON WOODBRIDGE 0.75L,90764787,WOODBRIDGE,0.75 l,ko,13.59,18.12,,13.59,13.59,5010186016172,PIĆE
SLAD HAAGEN DAZS MACARON VANIL 420ml,90764925,HAAGEN DAZS,0.36 l,ko,7.49,20.6,,7.49,7.49,3415583005835,HRANA
GEL TUŠ J&J ADULT BADEM SHEA 400 ml,90765123,J&J,0.40 l,ko,,7.13,2.85,4.09,4.09,3574661543888,KOZMETIKA
JOGURT GRČKI KARAMELA 150g KRAVICA,90765238,KRAVICA KRALJICA,0.15 kg,ko,1.09,7.27,,1.09,1.09,3856015330925,HRANA
SIRUP AGAVIN 350g SUNNY VIA,90770082,SUNNY VIA,0.35 kg,ko,6.99,19.97,,6.99,6.99,3088543506255,HRANA
VEGETA FINO MLJEVENA 200g PODRAVKA,90770264,VEGETA,0.20 kg,ko,,7.45,1.49,1.89,1.89,3856020270544,HRANA
VARIVO POVRĆE I MESO 86g PODRAVKA,90770359,PODRAVKA,0.09 kg,ko,2.29,26.63,,2.29,2.29,3856020269289,HRANA
MORTADELA BOLOGNA STELLA cca 3kg,90770366,NEGRONI,1.00 kg,kg,,8.99,8.99,11.99,11.99,,HRANA
KUKURUZ ŠEĆERAC 340g/285g D AUCY,90770407,D AUCY,0.29 kg,ko,1.59,5.58,,1.59,1.59,3017800252390,HRANA
SAPUN TEK K PLUS OLEA CHERRY 500 ml,90774671,OLEA,0.50 l,ko,1.45,2.9,,1.45,1.45,3850334113696,KOZMETIKA
GEL TUŠ DOVE W NOUR SILK XXL 400 ml,90775081,DOVE,0.40 l,ko,7.49,18.73,,7.49,7.49,8720181457449,KOZMETIKA
GEL TUŠ DOVE W SILKY VELV XXL 450 ml,90775096,DOVE,0.45 l,ko,5.99,13.31,,5.99,5.99,8720181468438,KOZMETIKA
ČETKICA COLG BIG KIDS SMILES (6-9),90775120,COLGATE,1.00 ko,ko,,2.09,2.09,2.09,2.99,8718951613966,KOZMETIKA
VINO CAB SAUVIG TOUCH 3L BIB,90770048,TOUCH,3.00 l,ko,9.39,3.13,,7.49,9.39,3859893289170,PIĆE
PLATA BANICA 1150 g PLATA DO VRATA,90774872,PLATA DO VRATA,1.15 kg,ko,30.5,26.52,,27.5,27.5,3859894230041,HRANA
PLATA ROGATA 1150 g PLATA DO VRATA,90774880,PLATA DO VRATA,1.15 kg,ko,37.5,32.61,,33.5,33.5,3859894230119,HRANA
DEO NIVEA M DEEP SPORT 150 ml,90775351,NIVEA,0.15 l,ko,5.99,39.93,,5.99,5.99,9005800379869,KOZMETIKA
ROLL ON BIOBAZA BOTANIC GARDEN 50 ml,90775462,BIOBAZA,0.05 l,ko,,56.8,2.84,3.79,3.79,3856020915056,KOZMETIKA
BOJA CAMELEO 6.3 LJEŠNJAK 40 ml,90775467,CAMELEO,0.04 l,ko,1.35,33.75,,1.35,1.35,5901350474327,KOZMETIKA
KREKER KUKURUZNI SLANI ACTIVE ZONE 50 g,90775592,ACTIVE ZONE,0.05 kg,ko,0.45,9,,0.35,0.45,3838900838242,HRANA
ALTROKE BURGER IBERICO 150G VP,90780030,PISINIUM,0.15 kg,ko,2.29,15.27,,1.6,2.29,3858894290581,HRANA
SOMAT GOLD 60TAB,90785202,SOMAT,60.02 ko,ko,25.99,0.43,,25.99,25.99,9000101808933,SREDSTVA ZA ČIŠĆENJE
KAŠA PROT APPLE PIE PROSERIES 60 g,90789653,PROSERIES,0.80 l,ko,1.49,1.86,,1.49,1.49,3856026808352,HRANA
RAŽA OGULJENA ,90789931,,1.00 kg,kg,9.99,9.99,,5.99,9.99,,HRANA
JUNEĆA REBRA I PRSA FIVAS,90795049,FIVAS,1.00 kg,kg,7.19,7.19,,7.19,7.19,,HRANA
CEKIN PROTEIN FRITESI 250 g,90799794,CEKIN,0.25 kg,ko,4.59,18.36,,4.59,4.59,3850159141072,HRANA
SENDVIČ CLASSIC MINUTE 220 g,90800561,MINUTE,0.22 kg,ko,2.99,13.6,,2.99,2.99,3850334421197,HRANA
ČOKOLADNO JAJE BARBIE 20g ZAINI,90804852,ZAINI,0.02 kg,ko,1.19,59.5,,1.19,1.19,80712756,HRANA
SIR TVRDI RIBANAC 140 g PRESIDENT,90809647,PRESIDENT,0.14 kg,ko,3.99,28.5,,3.99,3.99,3850355008056,HRANA
INSTANT KAVA CLASSIC VR 200g ANAMARIA,90809721,ANAMARIA,0.20 kg,ko,7.49,37.45,,7.49,7.49,3858881776005,HRANA
SHOT GINGER UP+ TURMERIC 60 ml,90819679,GINGER UP+,0.06 l,ko,2.95,48.35,,2.95,2.95,3830085720022,PIĆE
MUESLI GRANOLA MED/LJEŠ 500g KOLLN,90733518,KOLLN,0.50 kg,ko,5.99,11.98,,5.99,5.99,4000540023169,HRANA
BROWNIE 366g SWEET CHEF,90734725,SWEET CHEF,0.37 kg,ko,2.49,6.8,,2.49,2.49,3850334055293,HRANA
SIR TOPLJ LIST GOUDA DELISO 200g,90750912,DELISO,0.20 kg,ko,1.85,9.25,,1.85,1.85,3850334082602,HRANA
PUDING VANILIJA LUX 4X125g DUKAT,90764680,DUKAT,0.50 kg,ko,1.99,3.98,,1.99,1.99,3850354018315,HRANA
NAMAZ SIR NATUR GOUR 180g DIV GARD,90765196,DIVAN GARDEN,0.18 kg,ko,1.79,9.94,,1.79,1.79,3858894600151,HRANA
GEL TUŠ DOVE W GLOWING XXL 400 ml,90775068,DOVE,0.40 l,ko,5,12.5,,5,5,8720181465840,KOZMETIKA
MLIJEKO L'ANGELICA SPF30 200 ml SPREJ,90784775,L ANGELICA,0.20 l,ko,14.99,74.95,,14.99,14.99,8017331098097,KOZMETIKA
PRŠUT JOMI 500 g NAREZAK,90810524,JOMI,0.50 kg,ko,13.99,27.98,,13.99,13.99,8052440301188,HRANA
HIG UL ALWAYS ULT SEC NIGHT EXT 20/1,90824671,ALWAYS P&G,20.00 ko,ko,4.85,0.24,,4.85,4.85,8006540903766,TOALETNE POTREPŠTINE
GUANCIALE PRUTIĆI NAR 100 g NEGRONI,90825683,NEGRONI,0.10 kg,ko,3.19,31.9,,3.19,3.19,80389132,HRANA
ČEŠNJOVKA DOMAĆA SUHA 200 g VP MM,90825763,MEDVEN,0.20 kg,ko,3.69,18.45,,2.89,3.69,3859893544361,HRANA
SIR TVR BIOGAL BIBEREK 380 g,90829890,BIOGAL,0.38 kg,ko,8.69,22.87,,7.7,7.7,3857500129369,HRANA
PAŠTETA GUŠČJA KONJAK TARTUF 100g GA,90849764,GAVRILOVIĆ,0.10 kg,ko,3.99,39.9,,3.99,3.99,3858892726648,HRANA
ZAKUSKA 550 g MADRE NATURA,90850003,MADRE NATURA,0.55 kg,ko,8.99,16.35,,8.99,8.99,3859892918149,HRANA
BOJA OLIA 6.66 CARMIN ECLATANT,90850112,GARNIER OLIA,1.00 ko,ko,7.59,7.59,,7.19,7.59,3600542601917,KOZMETIKA
NAPITAK HELL APPLE STRONG 0.25L,90870006,HELL,0.25 l,ko,1.09,4.36,,1.09,1.09,5999884034612,PIĆE
TUBA NUTRINO JAB/BAN/KEKS 180 g,90874853,NUTRINO,0.18 kg,ko,,7.94,1.43,1.69,1.69,8606019651626,HRANA
KEKS DOMAĆIC MULTIGRAIN MINI VR 100g,90875327,DOMAĆICA,0.10 kg,ko,1.29,12.9,,1.29,1.29,3850102013685,HRANA
ŠAMPON OLIVAL AMLA 250 ml,90885192,OLIVAL,0.25 l,ko,6.29,25.16,,4.72,4.72,3858892695937,KOZMETIKA
TORTA SPECIAL MOMENTS LIMUN 650 g,90885574,SPECIAL MOMENTS,0.65 kg,ko,5.99,9.22,,4.19,5.99,3850334437334,HRANA
PATRONE VENUS SATIN CARE 3/1,90885622,VENUS,3.00 ko,ko,14.59,4.86,,14.59,14.59,8006540816837,KOZMETIKA
POESIE MM MIX UMAK 12X85 g,90886205,VITAKRAFT,1.02 kg,ko,6.79,6.66,,6.79,6.79,4008239589781,PROIZVODI ZA KUĆANSTVO
PERLICE LENOR GOLDEN ORCHID 195 g,90886322,LENOR,0.20 kg,ko,7.39,37.9,,7.39,7.39,8700216708517,SREDSTVA ZA ČIŠĆENJE
DET DASH REGULAR 3.3 kg=66PR,90886329,DASH,3.30 kg,ko,25.99,7.88,,25.99,25.99,8700216741934,SREDSTVA ZA ČIŠĆENJE
DEO NIVEA M DERMA DRY 150 ml,90886611,NIVEA,0.15 l,ko,5.29,35.27,,5.29,5.29,4005900953841,KOZMETIKA
PILEĆA PRSA S&FIT S PAPROM 100g NAR ,90886745,PERUTNINA,0.10 ko,ko,1.99,19.9,,1.99,1.99,3838977027976,HRANA
FLIPS TIP TOP CUBICS 2X100 g,90887139,TIP TOP,0.20 kg,ko,2.49,12.45,,2.49,2.49,3856021307430,HRANA
MASLINE MEDIT MIX 200 g SPEC MOMENTS,90890032,SPECIAL MOMENTS,0.20 kg,ko,3.99,19.95,,3.99,3.99,3838900842539,HRANA
GRISSINI DULCETTI CLASSIC 4/1 250 g,90890127,DULCETTI,0.25 kg,ko,1.99,7.96,,1.99,1.99,3838900843468,HRANA
OM VIOLETA MYSTIC 800 ml,90899790,VIOLETA,0.80 l,ko,2.65,3.31,,2.65,2.65,3870128040359,SREDSTVA ZA ČIŠĆENJE
ĐUMBIR,01402174,,1.00 kg,kg,4.99,4.99,,4.99,5.49,3850334173270,HRANA
LUK SREBRENAC,01408533,,1.00 kg,kg,2.69,2.69,,1.69,2.69,3850334386205,HRANA
DŽEM BRESKVA 370g BONNE MAMAN,01462520,BONNE MAMAN,0.37 kg,ko,4.49,12.14,,4.49,4.49,3608580705185,HRANA
KUS KUS 500g KUT PASTA ZARA,01496117,PASTA ZARA,0.50 kg,ko,1.72,3.44,,1.72,1.72,8004350131850,HRANA
FEFERON LJUTI 160g PODRAVKA,01560280,PODRAVKA,0.16 kg,ko,2.69,16.81,,2.69,2.69,3850104050404,HRANA
KONZERVANS 8g DR OETKER,01561006,DR OETKER,0.01 kg,ko,0.29,36.25,,0.29,0.29,5997381324205,HRANA
RAJČICA PELAT 800g PODRAVKA,01570335,PODRAVKA,0.48 kg,ko,3.59,7.48,,3.59,3.59,3850104073212,HRANA
RAJČICA SJEC BOS ORIG 390g PODRAVKA,01576016,PODRAVKA,0.39 kg,ko,2.59,6.64,,2.59,2.59,3850104221026,HRANA
HRENOVKE FRANKFURTER PAVO 1000g,02044239,PAVO,1.00 kg,ko,2.39,2.39,,2.39,2.39,8008110037277,HRANA
SIR GORGONZOLA 150g DUKAT,02053904,GALBANI,0.15 kg,ko,3.89,25.93,,3.89,3.89,8000430058765,HRANA
SIR TVRDI OTOČAN 45% MIH,02055549,SIRANA MIH,1.00 kg,kg,24.99,24.99,,24.99,24.99,3859891700028,HRANA
BRODET EXTRA SVJ FIORITAL,02197514,,1.00 kg,kg,9.99,9.99,,5.99,9.99,,HRANA
RIBLJI ŠTAPIĆI PANIRANI 250g FRESCO,02197789,FRESCO,0.25 kg,ko,1.89,7.56,,1.42,1.89,3850116738796,HRANA
OSLIĆ A LA BAKALAR AQ 73.5G,02198485,ADRIATIC QUEEN,0.07 kg,ko,3.29,44.76,,3.29,3.29,3850160109061,HRANA
VRHNJE ZA KUHANJE 20 % 0.5L MEGGLE,02330821,MEGGLE,0.50 l,ko,3.29,6.58,,3.29,3.29,3870085021835,HRANA
SV VRAT SK II KAT  ,02402347,PIK VRBOVEC,1.00 kg,kg,5.59,5.59,,3.99,3.69,3850139523362,HRANA
VINO ŽLAHTINA KATUNAR 0.75L KV,03021392,KATUNAR,0.75 l,ko,8.85,11.8,,8.85,8.85,3857500046819,PIĆE
VINO ZLATAN OTOK 0.75L PLENKOVIĆ,03022331,ZLATAN OTOK,0.75 l,ko,6.15,8.2,,6.15,6.15,3859888437012,PIĆE
VINO ZWEIGELT 0.75L ERDUT,03026504,ERDUTSKI VINOGRADI,0.75 l,ko,6.99,9.32,,6.05,6.99,3859889193023,PIĆE
OCAT VINSKI 1L KISKO,03120055,KISKO,1.00 l,ko,1.99,1.99,,1.49,1.49,3850164321117,HRANA
CORNFLAKES BRUGGEN 375g,04030488,BRUEGGEN,0.38 kg,ko,2.99,7.97,,2.99,2.99,4008713713602,HRANA
INSTANT CRONAT GOLD JACOBS 200g ST,04070073,JACOBS,0.20 kg,ko,12.99,64.95,,9.99,12.99,8711000532904,HRANA
FLIPS SMOKI 225g ŠTARK,04142262,SOKO ŠTARK,0.23 kg,ko,1.99,8.84,,1.59,1.99,8600939507094,HRANA
TOFU ODREZAK PANIRANI EKO 200g,90473155,ANNAPURNA,0.20 kg,ko,3.59,17.95,,3.59,3.59,3859890343363,HRANA
ROLL ON NIVEA FRESH ROSE 50ml,90478483,NIVEA,0.05 l,ko,,83.8,4.19,4.19,4.19,42419303,KOZMETIKA
STICK OLDSP RESTART 50ml,90478648,OLD SPICE,0.05 l,ko,3,60,,3,3,8001841858357,KOZMETIKA
KEKS PREKRAŠNI PUNJ LIMUNOM 220g,90485656,PREKRAŠNI KOLAČIĆI,0.22 kg,ko,2.59,11.77,,1.89,2.59,3850102011216,HRANA
PIĆE GAZ PARTY COLA ZERO 2L,90485710,PARTY,2.00 l,ko,0.89,0.45,,0.89,0.89,3850334411754,PIĆE
TJESTENINA FUSILLI TRICOLORI 500g PUKANIĆ,90486467,MLIN PUKANIĆ,0.50 kg,ko,2.25,4.5,,2.25,2.25,3859892888503,HRANA
DEO DOVE Ž DRAGON 150 ml,90885172,DOVE,0.15 l,ko,,26.73,4.01,5.35,5.35,8720181565830,KOZMETIKA
PAŠTETA TELEĆA CRN TRUBA 95 g ARGETA,90885812,ARGETA,0.10 kg,ko,2.69,28.32,,2.69,2.69,3838471052832,HRANA
SLAD B&J BOH. RASPBERRY VEGAN 465ml,90886418,UNILEVER,0.47 l,ko,9.99,21.48,,9.99,9.99,8711327667020,HRANA
TIJESTO CASERECCE 500 g BRAGAGNOLO,90894649,BRAGAGNOLO,0.50 kg,ko,1.99,3.98,,1.99,1.99,8004350003850,HRANA
FLIPS BOBI SLAVONIJA 120 g,90904672,BOBI,0.12 kg,ko,0.99,8.25,,0.99,0.99,3858891591261,HRANA
GRAH ŠARENI,01421206,EUROCOMPANY,1.00 kg,kg,1.99,1.99,,1.49,1.99,3859893124860,HRANA
PEKMEZ OD ŠLJIVA BAKINA TAJNA 375G,01500321,BAKINA TAJNA,0.38 kg,ko,4.79,12.77,,4.79,4.79,8600103131971,HRANA
ROLADE MINI LJEŠNJAK 222g 6/1,04024157,BALCONI,0.22 kg,ko,2.29,10.32,,2.29,2.29,8001585001309,HRANA
MLIJEKO ČOKOLADNO 1L BOCA DUKAT,90038216,DUKAT,1.00 l,ko,2.39,2.39,,2.39,2.39,3850354007661,HRANA
RIŽA K PLUS PARBOILED 1kg KUT,90056516,K PLUS,1.00 kg,ko,2.65,2.65,,2.65,2.65,3850334339249,HRANA
SKUŠA FIL MASL ULJE EVA 81G,90063680,EVA,0.08 kg,ko,3.29,40.62,,3.29,3.29,3850104249907,HRANA
DŽEM MIJEŠANI K PLUS 840g,90067420,K PLUS,0.84 kg,ko,3.19,3.8,,3.19,3.19,3850334350992,HRANA
PRŠUT BK 1/2 VAK DIM-MES,90079427,DRNIŠKA TRADICIJA,1.00 kg,kg,29.99,29.99,,29.99,29.99,,HRANA
FLIPS TIP TOP CUBICS KETCHUP 50g,90088949,TIP TOP,0.05 kg,ko,,17.8,0.89,0.89,1.09,3856021303708,HRANA
LIKER BOROVNICKA 1L MARASKA,90123262,MARASKA,1.00 l,ko,11.55,11.55,,9.24,9.24,3850158408220,PIĆE
DESERT KINDER COUNTRY T4 94G,90153060,FERRERO,0.09 kg,ko,2.49,26.49,,2.49,2.49,8000500199985,HRANA
GEL ZA KUP MIXA BABY 2U1 400ML,90153339,MIXA,0.40 l,ko,6.49,16.23,,5.59,6.49,3600551155173,KOZMETIKA
PASTRVA SVJEŽA KONZUM,90159988,,1.00 kg,kg,5.59,5.59,,3.35,5.59,,HRANA
BACARDI CARTA ORO 37.5% 0.7 L,90183111,BACARDI,0.70 l,ko,18.05,25.79,,18.05,18.05,5010677028875,PIĆE
DESERT ČOK/VAN JAJE 70G,90191799,KIDSWORLD,0.07 kg,ko,1.13,16.14,,0.95,0.95,8595588202561,HRANA
BRAŠNO PŠEN TIP 550 1kg BIO ZONE,90210217,BIO ZONE,1.00 kg,ko,1.33,1.33,,1.33,1.33,3838900913833,HRANA
LIST-ŠVOJA KONZUM,90298432,,1.00 kg,kg,17.59,17.59,,10.55,17.59,,HRANA
VINO MALVAZIJA AVANGARDE TOMAZ 0.75L,90308539,TOMAZ,0.75 l,ko,13.59,18.12,,13.59,13.59,3857500055019,PIĆE
VODA FUNKC JANA VIT NARANČA 1.5L,90312936,JANA,1.50 l,ko,1.69,1.13,,1.59,1.59,3858890874044,PIĆE
PUREĆA KRILA CIJELA  DP VINDIJA cca 1750g,90331477,VINDON,1.00 kg,kg,2.49,2.49,,2.49,2.49,3850339405024,HRANA
ROŠTILJ KOBASICA RFZ KONZUM,90345113,KONZUM,1.00 kg,kg,5.74,5.74,,5.74,5.74,,HRANA
SIR NAM ABC 100g ČILI,90349085,ABC,0.10 kg,ko,1.35,13.5,,1.05,1.05,3856015324245,HRANA
KULENOVA SEKA NAR 80G GAVRILOVIĆ,90392398,GAVRILOVIĆ,0.08 kg,ko,2.35,29.38,,2.35,2.35,3858890206463,HRANA
ČAJ S KONOPLJOM 25g BIO CANNONA,90408559,CANNONA,0.03 kg,ko,4.64,185.6,,4.64,4.64,3859893683060,HRANA
GAMBERI FRESCO 350g LEDO,90422956,FRESCO,0.35 kg,ko,5.49,15.7,,4.49,5.49,3850116036625,HRANA
SIR TOP TROK MEDVJEĐI LUK ZDENKA 140g,90432938,ZDENKA,0.14 kg,ko,2.25,16.07,,1.79,2.25,3858888598549,HRANA
KAŠICA HIPP BIO JAB/BAN/BRE/KEK 100g,90437961,HIPP,0.10 kg,ko,1.35,13.5,,1.05,1.35,4062300319820,HRANA
TEL LOPATICA BK DOMAĆA,90468515,MARTINJAK,1.00 kg,kg,11.28,11.28,,11.28,11.28,,HRANA
BOJA PALETTE ICC 10-19,90478882,PALETTE ICC,1.00 ko,ko,,3.49,3.49,3.49,3.49,9000101606942,KOZMETIKA
NAPIT KOMB MALINA EKO 400ML CK,90486930,CAPTAIN KOMBUCHA,0.40 l,ko,2.99,7.48,,2.99,2.99,5600787049022,HRANA
SIR POLUTV NORMANTAL REZ 150g ILE DE FRANCE,90487105,ILE DE FRANCE,0.15 kg,ko,3.69,24.6,,3.69,3.69,3090291119403,HRANA
SOK HIPP BIO JABUKA 200ml,90493954,HIPP,1.00 ko,ko,1.19,1.19,,1.19,1.19,9062300102748,PIĆE
SOK NUTRINO JAB I BRES 200ml,90494044,NUTRINO,0.20 l,ko,,4,0.8,0.95,0.95,8606019652050,PIĆE
PIĆE GAZ NARA 1.5L PET,90528148,NARA,1.50 l,ko,,0.99,1.49,1.45,1.79,3856022302199,PIĆE
SALAMA SLAVONSKA DOBRO,90570231,DOBRO,1.00 kg,kg,14.73,14.73,,12.99,14.73,3850133812707,HRANA
NAMAZ HUMMUS HOT&SPICY 200g DIV GARD,90570663,DIVAN GARDEN,0.20 kg,ko,1.72,8.6,,1.72,1.72,3859893493195,HRANA
ULJE SUNCOKRETOVO HLAD PREŠ 1L SUNCE VINKOVACA,90572193,SUNCE VINKOVACA,1.00 l,ko,3.19,3.19,,3.19,3.19,3857500104311,HRANA
LECHAT EX. MM ADULT BEEF 100g,90572764,LECHAT EXCELLENCE,0.10 kg,ko,0.99,9.9,,0.69,0.99,8009470061780,PROIZVODI ZA KUĆANSTVO
PAŠTETA BOŠKARIN 50g BURETIĆ,90573450,BURETIĆ,0.05 kg,ko,2.59,51.8,,2.59,2.59,3859893159329,HRANA
SIR POLUTV PRESIDENT ZA PIZZU 350g,90573994,PRESIDENT,0.35 kg,ko,4.89,13.97,,4.89,4.89,3850355001811,HRANA
PEČENICA NAR BK 100g MAP,90577974,MEDVEN,0.10 kg,ko,3.45,34.5,,3.45,3.45,3859893850271,HRANA
PANCETA cca 350g MM,90577977,MM,1.00 kg,kg,20.99,20.99,,20.99,20.99,3859893850370,HRANA
DET NILA MY SENSUAL BLACK 3.7L,90593633,NILA,3.70 l,ko,4.99,1.35,,4.99,4.99,3850105180735,SREDSTVA ZA ČIŠĆENJE
SPUŽVA ABRAZIVNA ONEČ POVRŠINE DAX 6/1,90289994,DAX,6.00 ko,ko,1.06,0.18,,0.74,1.06,3850334608291,PROIZVODI ZA KUĆANSTVO
ŽICA DETERDŽENT DAX 4/1,90290002,DAX,4.00 ko,ko,0.53,0.13,,0.37,0.53,3850334608475,PROIZVODI ZA KUĆANSTVO
KAŠ LINO MAR BRES 190g,90290017,LINO,0.19 kg,ko,1.59,8.37,,1.59,1.59,3850104287138,HRANA
TOAST K PLUS INTEGRALNI 500g,90290979,K PLUS,0.50 kg,ko,1.39,2.78,,1.15,1.39,3850334610850,HRANA
ARBUN KONZUM,90298421,,1.00 kg,kg,9.89,9.89,,5.93,9.89,,HRANA
JUN REBRA MARTINJAK MHF,90308782,,1.00 kg,kg,8.99,8.99,,8.99,8.99,3859893702457,HRANA
LEDENI ČAJ LIMUN LIMUNSKA TRAVA 0.5L FUZETEA,90311870,FUZETEA,0.50 l,ko,1.25,2.5,,1.25,1.25,5449000239181,PIĆE
KEKS PARIS ORIGINAL 225g KOESTLIN,90344325,PARIS,0.23 kg,ko,1.89,8.4,,1.89,1.89,3856014122651,HRANA
KOKOT 400/600 MEDUZA,90356771,MEDUZA,1.00 kg,kg,11.19,11.19,,6.71,11.19,,HRANA
PRONTO CLASSIC SPREJ NAMJEŠTAJ 300ml,90356907,PRONTO,0.30 l,ko,5.99,19.97,,4.49,5.99,5000204670967,SREDSTVA ZA ČIŠĆENJE
SIR NAM ABC 500g BELJE,90364132,ABC,0.50 kg,ko,5.49,10.98,,5.49,5.49,3850257060657,HRANA
GRAH S DIMLJENOM SLANINOM 300g GAVRILOVIĆ,90377517,GAVRILOVIĆ,0.30 kg,ko,3.49,11.63,,3.49,3.49,3858892720974,HRANA
TIJESTO FUŽI SA CHIL PAPRI 400g KLARA M,90403402,KLARA M,0.40 kg,ko,4.29,10.73,,4.29,4.29,3859888499409,HRANA
COCKTAIL RTD BEEFEATER GIN&TON 0.25L,90404684,BEEFEATER,0.25 l,ko,2.49,9.96,,2.49,2.49,5000299618431,PIĆE
ČAJ UVIN H 60g NATURAVITA,90407195,NATURAVITA,0.06 kg,ko,1.99,33.17,,1.99,1.99,3858884092034,HRANA
DET JAR TEA TREE&MINT 900ml,90232415,JAR HDW,0.90 l,ko,4.15,4.61,,2.35,4.15,4015400991434,SREDSTVA ZA ČIŠĆENJE
KISELO VRHNJE 25% MM 900g,90240833,Z BREGOV,0.90 kg,ko,4.49,4.99,,3.99,4.49,3850108036411,HRANA
DŽEM SMOKVA BAKINA TAJNA 375G,90258836,BAKINA TAJNA,0.38 kg,ko,4.79,12.77,,4.79,4.79,8600103131551,HRANA
LEDENI ČAJ BRESKVA XIXO 0.25l,90291702,XIXO,0.25 l,ko,0.69,2.76,,0.69,0.69,5999885747085,PIĆE
PIVO STAROPRAMEN 4PACK LIM 0.5L,90295823,STAROPRAMEN,2.00 l,ko,5.65,2.83,,5.65,5.65,3850131004784,PIĆE
KREMA NEVEN 250ml,90297778,ENCIAN,0.25 l,ko,4.25,17,,4.25,4.25,3859891728497,KOZMETIKA
DEO MEN EXPERT THERMIC RESIST 150ml,90310830,MEN EXPERT,0.15 l,ko,5.19,34.6,,4.79,5.19,3600523595563,KOZMETIKA
ZAČIN BOTANICA PUPOLJAK PERZ RUŽE ROZI,90311002,BOTANICA,0.02 kg,ko,4.69,234.5,,4.69,4.69,3858893370864,PIĆE
MIX CREMA PAŠTETA OD BAKALARA,90325070,BACCALA DELLA MAMMA,1.20 kg,ko,39.48,32.9,,39.48,39.48,03859890853633,HRANA
PEL PAMPERS AB MAXIPACK S4 62/1,90335528,PAMPERS,62.04 ko,ko,,0.24,14.99,14.99,14.99,8001090948731,TOALETNE POTREPŠTINE
SIPA 500/1000 SV UV MEDUZA,90356692,MEDUZA,1.00 kg,kg,15.49,15.49,,6.59,6.59,,HRANA
PRIPRAV ZA KUH S BILJ MAS HOPL 500ml,90363379,HOPLA,0.50 l,ko,1.99,3.98,,1.99,1.99,8000005046166,HRANA
GIN SAX ORIGINAL 1L,90365092,SAX,1.00 l,ko,15.05,15.05,,15.05,15.05,3850112142153,PIĆE
OCAT JABUČNI 1L MUSTAČ,90370554,MUSTAČ,1.00 l,ko,1.72,1.72,,1.72,1.72,3859892999049,HRANA
SUDŽUKICA 540g (MA) RAW ŠTILJ,90373265,RAW ŠTILJ,0.54 kg,ko,6.49,12.02,,4.54,6.49,3850139446906,HRANA
SV POLOVICA KLASIČNA E KL MARTINJAK,90388990,MARTINJAK,1.00 kg,kg,3.7,3.7,,3.7,3.7,3859893702594,HRANA
LOVOR LIST 10G ŠAFRAM,90393060,ŠAFRAM,0.01 kg,ko,0.66,66,,0.66,0.66,3859888163690,HRANA
PRELJEV PROSERIES ZERO TRI CH 0.18L,90400435,POLLEO,0.18 l,ko,2.99,16.61,,2.99,2.99,3858892291566,HRANA
DET PUR CHEF APPLE 750ml,90401858,PUR,0.75 l,ko,,2.39,1.79,1.79,1.79,9000101386141,SREDSTVA ZA ČIŠĆENJE
VINO CHIANTI RISERVA DOCG 0.75l,90402320,ROSETTI,0.75 l,ko,9.99,13.32,,9.99,9.99,8019873578006,PIĆE
JUHA POVRTNA S TJEST 37g ALEVA,90402774,ALEVA,0.04 kg,ko,0.55,14.86,,0.55,0.55,8600947036784,HRANA
TIJESTO REZAN ZA JUHU S JAJI 400g KLARA M,90403388,KLARA M,0.40 kg,ko,3.29,8.23,,3.29,3.29,3859893308161,HRANA
KAVA LEDENA FRANCK MACCHIATO 230ml,90405698,FRANCK,0.23 l,ko,1.59,6.91,,1.59,1.59,3850291050393,HRANA
MARAMICE VL FINO NAOČALE EKRAN 30+2,90407602,FINO,1.00 ko,ko,1.99,1.99,,1.99,1.99,5201314113997,TOALETNE POTREPŠTINE
PAUK II ŽUVELA,90409557,ŽUVELA,1.00 kg,kg,4.29,4.29,,2.57,4.29,,HRANA
MED BAGREM 450g ŽUPANJA,90412087,KUĆA MEDA,0.45 kg,ko,8.76,19.47,,8.76,8.76,3859893780004,HRANA
COCKTAIL G&J RTD GIN TONIC 0.25L stk,90424851,HERCEGOVINAVINO,0.25 l,ko,1.75,7,,1.49,1.49,3870025004188,PIĆE
VINO GODIMENT 0.75l,90425258,STINA,0.75 l,ko,12.59,16.79,,12.59,12.59,3859892605315,PIĆE
TIROLSKA KOBASICA 125g NAR GAVRILOVIĆ,90428329,GAVRILOVIĆ,0.13 kg,ko,1.95,15.6,,1.95,1.95,3858890203219,HRANA
PLOČICA ENER KAK NAR EKO 50g RAW BITE,90498539,RAW BITE,0.05 kg,ko,2.59,51.8,,2.59,2.59,5712840020111,HRANA
UMAK TERIYAKI ROAST. GARL. 250ml KIKKOMAN,90572576,KIKKOMAN,0.25 kg,ko,,16.84,4.21,6.49,6.49,8715035270305,HRANA
SAPUN DOVE BEAUTY CREAM 90g,90598290,DOVE,0.09 kg,ko,1.79,19.89,,1.79,1.79,8720182264664,KOZMETIKA
VAFL MANNER NARANČA 185g,90600222,MANNER,0.19 kg,ko,2.59,14,,1,1,9000331628370,HRANA
DET ČARLI CLASSIC 900ml,90468635,ČARLI,0.90 l,ko,2.69,2.99,,2.55,2.55,3850111304132,SREDSTVA ZA ČIŠĆENJE
SALATA OD HOBOTNICE 212ml PEPEFIŠ,90478077,PEPEFIŠ,0.21 l,ko,13.99,65.99,,11.99,13.99,3859892950255,HRANA
PIĆE NEGAZ ALOE V LOTTE BEZ ŠEĆ 0.5l,90484264,LOTTE,0.50 l,ko,1.75,3.5,,1.75,1.75,8801056094409,PIĆE
VINO CHARDONNAY TIKVEŠ 0.75L,90484567,TIKVEŠ,0.75 l,ko,5.55,7.4,,5.55,5.55,5310008007259,PIĆE
SLAD KING CLASSIC LIGHT 100ml LEDO,90485072,KING,0.10 l,ko,2.79,27.9,,2.79,2.79,3850116037134,HRANA
VAFL NAPOLITANKA COCOA&MILK 420g KRAŠ,90422801,KRAŠ,0.42 kg,ko,,5.45,2.29,2.29,3.19,3850102519125,HRANA
KEKS PRINCEZA ČOKO ORIGINAL 230g,90427882,PRINCEZA,0.23 kg,ko,2.69,11.7,,2.69,2.69,3856014101649,HRANA
REBRA DIMLJENA RFZ,90428030,MM,1.00 kg,kg,9.59,9.59,,9.59,9.59,3859893544804,HRANA
ULJE MELEM BABY DJ 150ml,90437963,MELEM,0.15 l,ko,4.29,28.6,,3.65,4.29,3856007908125,KOZMETIKA
KAVA BARCAFFE BLACK&EASY STRONG 10g,90443020,BARCAFFE,0.01 kg,ko,0.39,39,,0.39,0.39,3838471041430,HRANA
SIR SVJEŽI KREM ABC VLASAC 200g,90472806,ABC,0.20 kg,ko,2.39,11.95,,2.39,2.39,3856015324269,HRANA
TORTA MILKA LJEŠNJAK ALMONDY 400g,90473105,ALMONDY,0.40 kg,ko,6.49,16.23,,6.49,6.49,7312930010145,HRANA
TJESTENI U ČAŠI SESAME CHIC 75g MAGGI,90483132,MAGGI,0.08 kg,ko,,19.87,1.49,1.55,2.09,8445291259171,HRANA
BOJA EXCELLENCE 5.11,90483471,LOREAL EXCELLANCE,1.00 ko,ko,,7.49,7.49,9.49,9.99,3600523939510,KOZMETIKA
VRHNJE KISELO 12% M.M. 900g KRAVICA,90485431,KRAVICA KRALJICA,0.90 kg,ko,3.99,4.43,,3.99,3.99,3856015324382,HRANA
UMAK LJUTI SMOKED 100ml VRABASCO,90485529,VRABASCO,0.10 l,ko,5.49,54.9,,5.49,5.49,3858893750208,HRANA
ODOJAK DOMAĆI S GLAVOM KONZUM,90486446,PIK VRBOVEC,1.00 kg,kg,9.99,9.99,,9.99,9.99,3850139497014,HRANA
SIRUP MALINA EKO 0.7L MAUTNER,90495061,MAUTNER MARK,0.70 l,ko,4.45,6.36,,4.45,4.45,9011900196725,HRANA
SEZAM SJEMENKE GARDEN GOOD 180g,90518729,GARDEN GOOD,0.18 kg,ko,1.29,7.17,,0.89,0.89,3838900802427,HRANA
TP VLAŽNI DJ LUMPI 60/1,90553379,LUMPI,60.02 ko,ko,1.06,0.02,,1.06,1.06,3850334523051,TOALETNE POTREPŠTINE
BOJA EXCELL 4 UNIV BROWN,90598215,LOREAL EXCELLANCE,1.00 ko,ko,,7.49,7.49,9.49,9.99,3600523998166,KOZMETIKA
ŠTAPIĆI ZA UŠI JEAN CAROL BIO 100/1,90599166,JEAN CAROL,100.00 ko,ko,1.05,0.01,,1.05,1.05,4000576488109,TOALETNE POTREPŠTINE
JUHA KOK. NOODLES 75g FINI MINI ,90599238,FINI MINI,0.08 kg,ko,0.69,9.2,,0.69,0.69,3856020257996,HRANA
RUM DOS MADERAS 5+3 YO 0.7L,90599543,DOS MADERAS,0.70 l,ko,41.55,59.36,,41.55,41.55,8410028000807,PIĆE
KEKS CHOCO XL COOKIE 184g MILKA,90599706,MILKA,0.18 kg,ko,3.49,18.97,,2.44,3.49,7622210063113,HRANA
FLIPS POM BAR SOUR CREAM  50g,90600047,POM BAR,0.05 kg,ko,1.19,23.8,,0.99,1.19,3856021302770,HRANA
KIKIRIKI U TIJESTU ŠUNKA 120g MOGYI,90600120,MOGYI,0.12 kg,ko,1.6,13.33,,1.2,1.6,5997347540564,HRANA
PIVO THERAPY 0.5L LIM ,90607846,ZMAJSKA PIVOVARA,0.50 l,ko,2.69,5.38,,2.69,2.69,3859893414411,PIĆE
ŠAMPON I KUPKA 2U1 VIOLETA 400ml,90618010,VIOLETA,0.40 l,ko,5.35,13.38,,5.35,5.35,3870128030954,KOZMETIKA
RAJČICA SUŠENA ZERO OLIO 300g PONTI,90623564,PONTI,0.16 kg,ko,4.19,26.19,,2.99,4.19,8001010039303,HRANA
PROTEIN PRO WHEY VANILLA 2kg,90623628,POLLEO,2.00 kg,ko,59.99,30,,59.99,59.99,3856026800615,HRANA
ARF NAMJEŠTAJ 600ML,90642698,ARF,0.60 l,ko,3.29,5.48,,2.59,2.59,3850105181282,SREDSTVA ZA ČIŠĆENJE
OM ORNEL VIOLET 800ml,90667871,ORNEL,0.80 l,ko,2.95,3.69,,1.99,2.95,3850105182012,SREDSTVA ZA ČIŠĆENJE
VALJUŠCI MINUTE 1kg,90670328,MINUTE,1.00 kg,ko,2.79,2.79,,2.09,2.79,3850334018380,HRANA
ONE SM ADULT PILETINA 450G,90677815,ONE,0.45 kg,ko,3.99,8.87,,2.69,3.99,8445290095831,PROIZVODI ZA KUĆANSTVO
WHISKAS MM PERAD 12X85G,90678152,WHISKAS,1.02 kg,ko,8.69,8.52,,6.99,8.69,4008429156052,PROIZVODI ZA KUĆANSTVO
UMAK BBQ CLASSIC 345g PODRAVKA,90703022,PODRAVKA,0.35 kg,ko,2.99,8.67,,1.99,2.99,3856020264321,HRANA
ČIPS CRUNCHIPS X CUT SLANI 130g,90705474,LORENZ,0.13 kg,ko,2.25,17.31,,1.89,2.25,4018077005459,HRANA
SANYTOL VIŠEN ČIŠ I DEZ POD LIM 1L,90706155,SANYTOL,1.00 l,ko,3.45,3.45,,3.45,3.45,3045206312226,SREDSTVA ZA ČIŠĆENJE
KEKS BOOM BOX MINI LJEŠ ČOK 20g,90706580,BOOM BOX,0.02 kg,ko,0.49,24.5,,0.49,0.49,3856027800515,HRANA
TUBA ORG GERBER KRUŠKA 80g,90707585,GERBER,0.08 kg,ko,1.49,18.63,,1.19,1.49,8445290167170,HRANA
OM SILAN SENSITIVE 880ml,90713189,SILAN,0.88 l,ko,3.65,4.15,,3.65,3.65,9000101590531,SREDSTVA ZA ČIŠĆENJE
VRHNJE KISELO 20% M.M. 180g KRAVICA,90713397,KRAVICA KRALJICA,0.18 kg,ko,1.19,6.61,,1.19,1.19,3856015328946,HRANA
ČIPS LAY'S  GREEN ONION 130g,90720095,PEPSICO,0.13 kg,ko,2.19,16.85,,1.89,1.89,5900259128898,HRANA
DAX GUMENE RUKAVICE S 2/1,90725627,DAX,2.00 ko,ko,1.29,0.65,,1.29,1.29,3850334036551,PROIZVODI ZA KUĆANSTVO
KRASTAVCI KIS 200/345g TOMAŠEC,90731301,OPG TOMAŠEC,0.20 kg,ko,3.59,17.95,,3.59,3.59,3850334073778,HRANA
ČOK MLIJEČ SMOKVA 90g RAJSKA PTICA,90731650,RAJSKA PTICA,0.09 kg,ko,6.59,73.22,,6.59,6.59,3830042995692,HRANA
RAKIJA TRAVARICA NOMEN 0.7L,90734771,NOMEN,0.70 l,ko,8.05,11.5,,8.05,8.05,3858892461105,PIĆE
KRUH HRSK PŠENIČNI 125g ACTIVE ZONE,90739856,ACTIVE ZONE,0.13 kg,ko,1.49,11.92,,1.19,1.49,3838900835166,HRANA
DET PERSIL GEL UNIV 0.99L=22PR,90744946,PERSIL,0.99 l,ko,,7.06,6.99,6.99,9.99,9000101599060,SREDSTVA ZA ČIŠĆENJE
KAŠA ZOB FUN&FIT JAGODA I CHIA 60 g,90750732,FUN&FIT,0.06 kg,ko,0.89,14.83,,0.89,0.89,8606015858135,HRANA
TORTELLONI PURETINA 250g AURELIA,90765306,AURELIA,0.25 kg,ko,2.99,11.96,,2.79,2.99,3859890561101,HRANA
SEZAM VEDRINI 200 g,90769749,VEDRINI,0.20 kg,ko,1.49,7.45,,1.49,1.49,3859890630920,HRANA
RAJČICA KONCENTRAT ST 370g PODRAVKA,90770348,PODRAVKA,0.37 kg,ko,3.49,9.43,,3.49,3.49,3856020269166,HRANA
KEKS JIMMY NOISETTE 145g,90770542,JIMMY FANTASTIC,0.15 kg,ko,2.69,18.55,,2.69,2.69,8600939843475,HRANA
ŽV GUMA ORBIT SPEARMINT BOČ 64 g,90770783,WRIGLEY,0.06 kg,ko,3.69,57.66,,3.69,3.69,4009900537506,HRANA
BOMB SKITTLLES CRAZY SOUR VREĆ 152 g,90770874,WRIGLEY,0.15 kg,ko,2.55,16.78,,1.72,2.55,4009900513791,HRANA
RUPČIĆI PAP VIOLETA CLASSIC SOFT 3SL 10/1,05089927,VIOLETA,10.00 ko,ko,1.99,0.2,,1.49,1.99,3870128000070,TOALETNE POTREPŠTINE
HIG UL ALW ULT PLAT NIGHT DUO 12,06501395,ALWAYS P&G,12.00 ko,ko,3,0.25,,2.69,2.69,8001090445070,TOALETNE POTREPŠTINE
ŠAMPON H&S 400ml SENSITIVE,06525312,HEAD&SHOULDE,0.40 l,ko,6.69,16.73,,3.29,6.69,5011321336124,KOZMETIKA
NAPITAK BADEM 1L ALPRO,90038705,ALPRO,1.00 l,ko,3.79,3.79,,3.79,3.79,5411188110835,HRANA
KAVA ESPRESSO STRETTO 140g,90047811,FRANCK,0.14 kg,ko,10.99,78.5,,10.99,10.99,3858881086715,HRANA
SPUŽVA DUOCLEAN KUHINJSKI ČISTAČ 1/1,90055502,REKORD TIM,1.00 ko,ko,1.09,1.09,,1.09,1.09,3858882683883,PROIZVODI ZA KUĆANSTVO
ŠARAN REZANI LED ORAHOVICA,90055513,,1.00 kg,kg,7.99,7.99,,4.79,7.99,,HRANA
SENF ESTRAGON 200g TU PODRAVKA,90074013,PODRAVKA,0.20 kg,ko,1.99,9.95,,1.99,1.99,3850104268069,HRANA
TOTAN SVJ LIBURNIJA,90074573,,1.00 kg,kg,6.29,6.29,,3.77,6.29,,HRANA
ODRESCI PILEĆEG FILE OD PRSA 400g,90077062,CEKIN,0.40 kg,ko,6.29,15.73,,5.15,4.89,3850159113383,HRANA
PIVO BUDWEISER PREMIUM 0.5L PB CARLSBERG,90078727,BUDWEISER,0.50 l,ko,1.29,2.58,,1.29,1.29,8594403705294,PIĆE
BOMBON GUMENI POJAS MIX 75g,90081751,CANDY,0.08 kg,ko,1.29,17.2,,1.29,1.29,8422885074136,HRANA
NAPOLITANKA ČOK 370g KOESTLIN,90089078,KOESTLIN,0.37 kg,ko,2.79,7.54,,1.79,1.79,3856014114656,HRANA
PALENTA ZL POLJE 250g,90108673,ZLATO POLJE,0.25 kg,ko,0.99,3.96,,0.99,0.99,3838700540116,HRANA
MIXA MLIJEKO ZA TIJELO OSJET/SUHA 400ML,90115162,MIXA,0.40 l,ko,7.49,18.73,,6.99,7.49,3600551164199,KOZMETIKA
KITTY SM STERILE 400g,90138613,KITTY,0.40 kg,ko,1.35,3.38,,1.09,1.35,3850334017529,PROIZVODI ZA KUĆANSTVO
SIR POLUTVRDI PODRAVEC 150g DUKAT,90141691,PRESIDENT,0.15 kg,ko,3.19,21.27,,3.19,3.19,3850355007066,HRANA
VINO CHIANTI LA CACCIATORA 0.75L,90147594,LA CACCIATORA,0.75 l,ko,9.65,12.87,,9.65,9.65,8004300128541,PIĆE
VL MARAMICE HIGI 72/1,90149031,HIGI,71.99 ko,ko,1.29,0.02,,1.29,1.29,3870128001299,TOALETNE POTREPŠTINE
VRGANJI SUHI 25G ZIGANTE,90160551,ZIGANTE,0.03 kg,ko,7.96,318.4,,7.96,7.96,3859892291938,HRANA
RIŽA 3 VRSTE RIŽE K PLUS 800G,90160957,K PLUS,0.80 kg,ko,3.49,4.36,,3.49,3.49,3850334524720,HRANA
KEKSI MINI MADELEINES 175G,90167986,ST MICHEL,0.18 kg,ko,2.59,14.8,,2.59,2.59,3178530402353,HRANA
SUDŽUK 400G GAVRILOVIĆ,90169428,GAVRILOVIĆ,0.40 kg,ko,10.99,27.48,,10.99,10.99,3858890203691,HRANA
METLA VANJSKA BEZ DRŠKE DAX,90276277,DAX,1.00 ko,ko,2.92,2.92,,2.92,2.92,3850334599919,PROIZVODI ZA KUĆANSTVO
TIJESTO PUŽIĆI 400g GRANO DORO,90296100,GRANO DORO,0.40 kg,ko,0.8,2,,0.6,0.8,3850334349842,HRANA
NAPOLITANKE LJEŠNJAK 700g BALADA,90302974,BALADA,0.70 kg,ko,2.25,3.21,,2.25,2.25,3850334352330,HRANA
VINO GOLDSCHMIDT FRANKOVKA 0.75L,90332438,GOLDSCHMIDT,0.75 l,ko,6.69,8.92,,6.69,6.69,3858882610414,PIĆE
KEKS OREO CHOCO PRELIVENI 246g,90335096,OREO,0.25 kg,ko,4.99,20.28,,4.99,4.99,7622300489434,HRANA
KLICE SOJE 100 grama,90344504,,0.10 kg,ko,2.19,21.9,,2.19,2.19,3857500059413,HRANA
PRAŠAK ZA PECIVO 6x15g RUF,90360139,RUF,0.09 kg,ko,0.8,8.89,,0.8,0.8,40352831,HRANA
DESERT HANUTA T2 44g FERRERO,90361513,FERRERO,0.04 kg,ko,1.19,27.05,,1.19,1.19,8000500273555,HRANA
ŠLJIVA GARDEN GOOD SUHA KOŠTICA 200g,90363937,GARDEN GOOD,0.20 kg,ko,1.09,5.45,,0.79,1.09,3838900807866,HRANA
LIGNJA PATAGONICA CIJELA 500g WOFCO,90370513,WOFCO,0.50 kg,ko,,6.98,3.49,3.98,3.98,8436565910461,HRANA
KEKS PIŠKOTE DULCETTI 200g,90377950,DULCETTI,0.20 kg,ko,1,5,,1,1,3850334195395,HRANA
NAPITAK BADEM BŠ 1L BIO ZONE,90402153,BIO ZONE,1.00 l,ko,1.99,1.99,,1.79,1.99,3850334129383,HRANA
TEK SAPUN AFRODITA JASMIN 300ml,90402840,AFRODITA,0.30 l,ko,3.29,10.97,,3.29,3.29,3831070652267,KOZMETIKA
SERUM EVELIN ANTICEL 4D SCALPEL 250ml,90403243,EVELINE,0.25 l,ko,,20.92,5.23,6.99,6.99,5901761967678,KOZMETIKA
PJENA ZA TJEMENICU MUSTELA 150ml,90403685,MUSTELA,0.15 l,ko,9.29,61.93,,7.43,9.29,3504105034405,KOZMETIKA
KOBASICE ISTRIJANSKE cca 300g BURETIĆ,90403990,BURETIĆ,1.00 kg,kg,17.99,17.99,,17.99,17.99,,HRANA
TJES FUSILLI OD PIR BRAŠ 500g  MLIN PUKANIC,90404011,MLIN PUKANIĆ,0.50 kg,ko,2.69,5.38,,2.69,2.69,3859892888336,HRANA
SIR LEĆEVAČKI MLADI 300g DALMAT SIREVI,90404173,DALMATINSKI SIREVI,0.30 kg,ko,5.79,19.3,,5.79,5.79,3859893220333,HRANA
ČAJ ŠIPAK  I HIBISKUS 100G,90404287,SUBAN,0.10 kg,ko,2.65,26.5,,2.39,2.65,3858882912419,HRANA
VODICA LISTERINE COOL MINT 1l,90408941,LISTERINE,1.00 l,ko,10.29,10.29,,10.29,10.29,3574661661056,KOZMETIKA
ULJE ORAH HLAD PREŠ 250ml LETIFICO,90412458,LETIFICO,0.25 l,ko,6.66,26.64,,6.66,6.66,3859893457012,HRANA
KRUH PAN MULTIGRANO BG 250g DR SCHAR,90412753,DR SCHAR,0.25 kg,ko,2.99,11.96,,2.99,2.99,8008698024140,HRANA
BOJA EXCELL 6.1 DARK BLONDE,90423404,LOREAL EXCELLANCE,1.00 ko,ko,,6.69,6.69,8.59,8.99,3600523765195,KOZMETIKA
SKUŠA UVOZ ŽUVELA,90423560,ŽUVELA,1.00 kg,kg,6.09,6.09,,3.65,6.09,,HRANA
UMAK PESTO ALLA CALABRESE 190gPOLLI,90424660,POLLI,0.19 kg,ko,3.32,17.47,,3.32,3.32,8001310811050,HRANA
FORTIA ŽITARICE 1kg TTOP VINDIJA,90428208,FORTIA,1.00 kg,ko,2.69,2.69,,2.19,2.69,3850108035940,HRANA
ČAJ K PLUS KAMILICA 20X1g,90453811,K PLUS,0.02 kg,ko,1.09,54.5,,1.09,1.09,3850334240125,HRANA
VRHNJE K PLUS ZA KUH 200G 20%,90229967,K PLUS,0.20 kg,ko,1.05,5.25,,1.05,1.05,3850334585523,HRANA
VINO KUPINOVO EKO 0.75L OPG DORKIĆ,90233868,ISIGNY STE MERE,0.75 l,ko,9.39,12.52,,9.39,9.39,3859892158026,PIĆE
DN ULOŠCI ALWAYS NORM FR 58/1,90261066,ALWAYS P&G,58.14 ko,ko,3.32,0.06,,2.65,2.65,4015400565574,TOALETNE POTREPŠTINE
PIVO STAROPRAMEN 6PACK 0.5L LIM,90770559,STAROPRAMEN,3.00 l,ko,8.05,2.68,,8.05,8.05,3850131006153,PIĆE
BLAZINICE ECO 100/1 SEPTONA,90770571,SEPTONA,100.00 ko,ko,1.59,0.02,,1.59,1.59,5201410108361,TOALETNE POTREPŠTINE
ŽV GUMA ORBIT BLUEBERRY BOČ 64 g,90770779,WRIGLEY,0.06 kg,ko,3.69,57.66,,3.69,3.69,4009900538008,HRANA
MC MP GOV JETRA PATE 300 g,90774815,MIGLIOR,0.30 kg,ko,1.75,5.83,,1.75,1.75,8007520027298,PROIZVODI ZA KUĆANSTVO
PEDIGREE SP ADULT GOV POV 2.6 kg,90784684,PEDIGREE,2.60 kg,ko,12.99,5,,9.69,12.99,5998749145067,PROIZVODI ZA KUĆANSTVO
VODA SENSATION TONIC 0.5 L,90784806,SENSATION,0.50 l,ko,1.05,2.1,,1.05,1.05,3856028501244,PIĆE
PIĆE GAZ FANTA 5+1 GR 0.33 l LIM,90794732,FANTA,1.65 l,ko,5.45,3.3,,5.45,5.45,5000112669046,PIĆE
BOJA COLOR NAT 7.40 COPPER PASSION,90800400,GARNIER COL NATURALS,1.00 ko,ko,,3.69,3.69,4.99,4.99,3600542617307,KOZMETIKA
GEL TUŠ PALM MACADAMIA 750 ml,90810388,PALMOLIVE,0.75 l,ko,5.09,6.79,,5.09,5.09,8718951350137,KOZMETIKA
WHISKEY FOUR ROSES SING BARREL 0.7 L,90824874,FOUR ROSES,0.70 l,ko,38.05,54.36,,38.05,38.05,5000299603017,PIĆE
ODREZAK VEGAN GARDEN GOURMET 270 g,90825162,GARDEN GOURMET,0.27 kg,ko,5.49,20.31,,5.49,5.49,8445290341457,HRANA
MUESLI AMAZING 400 g GRACI,90825431,GRACI,0.40 kg,ko,4.39,10.98,,3.49,4.39,4751019538751,HRANA
DET FAKS 5IN1 COLOR 14TAB,90825947,FAKS,14.00 ko,ko,6.99,0.5,,3.99,6.99,3850105187192,SREDSTVA ZA ČIŠĆENJE
LEĆA SMEĐA BIO 500 g NUTRIGOLD,90826462,NUTRIGOLD,0.50 kg,ko,2.35,4.7,,1.88,2.35,3858891972497,HRANA
LEĆA CRVENA BIO 500 g NUTRIGOLD,90826475,NUTRIGOLD,0.50 kg,ko,2.35,4.7,,1.88,2.35,3858891971384,HRANA
PROTEIN ZOE WHEY COOKIE N'DREAM 454 g,90839914,ZOE,0.45 kg,ko,24.99,55.04,,24.99,24.99,3856026707341,HRANA
NAMAZ ZOE CHOCO PEANUT BUTTER 250 g,90839950,POLLEO,0.25 kg,ko,4.99,19.96,,4.99,4.99,3856026707204,HRANA
GRAH BIJELI GARDEN GOOD 420/240 g,90854715,GARDEN GOOD,0.24 kg,ko,0.79,3.29,,0.79,0.79,3838900842911,HRANA
SLAVONSKA ŠUNKA SK KUH PIK VAK,90478347,PIK,1.00 kg,kg,8.69,8.69,,8.69,8.69,3850139350067,HRANA
SLAD TORTERIE PISTACIJA 500ml,90487015,TORTERIE MACARON,0.50 l,ko,7.89,15.78,,6.99,7.89,3859893855009,HRANA
VELIKA RAKOVICA ŽIVA FIORITAL,90498266,,1.00 kg,kg,19.49,19.49,,11.69,19.49,93856024301650,HRANA
MLIJEKO SVJEŽE 3.2% 1 L-BOCA DUKAT,90514083,DUKAT,1.00 l,ko,1.49,1.49,,1.49,1.49,3850354016083,HRANA
PUREĆE KOCKICE 500 g VINDIJA,90543190,VINDON,0.50 kg,ko,7.55,15.1,,7.55,7.55,3850339403167,HRANA
TOAST K PLUS CLASSIC 28 ŠNITA 500g,90568328,K PLUS,0.50 kg,ko,1.35,2.7,,0.99,1.35,3850334413703,HRANA
LOPATICA VILEDA S DUGOM DRŠKOM,90603087,VILEDA,1.00 ko,ko,8.79,8.79,,5.99,8.79,4023103118591,PROIZVODI ZA KUĆANSTVO
ORNEL CALMING 1.6L,90603154,ORNEL,1.60 l,ko,3.99,2.49,,3.99,3.99,3850105182074,SREDSTVA ZA ČIŠĆENJE
ČOKOLADA FINESSE CIJELI LJEŠNJAK 220g,90648567,FINESSE,0.22 kg,ko,3.39,15.41,,3.39,3.39,3838900807644,HRANA
POVRĆE MJEŠ ZA JUHU 400g LEDO,90668420,LEDO,0.40 kg,ko,2.29,5.73,,2.29,2.29,3850116053462,HRANA
RUČNIK VIOLETA ALL IN 1 MAXI 1/1,90668503,VIOLETA,1.00 ko,ko,2.49,2.49,,2.49,2.49,3858893660620,PROIZVODI ZA KUĆANSTVO
VINO MERLOT PREMIUM MILATIĆ 0.75L,90669030,OPG IVO MILATIĆ,0.75 l,ko,9.35,12.47,,9.35,9.35,3859894053008,PIĆE
DET ČARLI KAMILICA 1.35 L,90673055,ČARLI,1.35 l,ko,3.75,2.78,,3.49,3.49,3850111304187,SREDSTVA ZA ČIŠĆENJE
KEKS BOCCONC ČOKO KREMA 100g MATILDE VICENZI,90673176,MATILDE VICENZI,0.10 kg,ko,2.09,20.9,,2.09,2.09,8000350006280,HRANA
KITTY SM PILETINA PURETINA 2KG,90674223,KITTY,2.00 kg,ko,3.45,1.73,,2.49,3.45,3850334010896,PROIZVODI ZA KUĆANSTVO
MASKA ELSEVE DREAM LONG XXL 400ml,90702885,LOREAL ELSEVE,0.40 l,ko,,16.83,6.73,8.99,8.99,3600524078539,KOZMETIKA
ZP SENSOD COMPLETE PROT WHITE 75ml,90704658,SENSODYNE,0.08 l,ko,,79.07,5.93,6.99,6.99,5054563119773,KOZMETIKA
ARF STAKLO 650ml+100ml GRATIS,90705405,ARF,0.65 l,ko,1.79,2.75,,1.79,1.79,3850105185754,SREDSTVA ZA ČIŠĆENJE
ČETKICA OB 3 EFFECT NAT DUO,90705800,ORAL B,0.50 ko,ko,2.55,5.1,,2.55,2.55,3014260022839,KOZMETIKA
NAMAZ RIO MARE TUNA I MRKVA 100g,90707301,RIO MARE,0.10 kg,ko,3.59,35.9,,1.99,3.59,8004030538061,HRANA
KAŠ INST ČOKOLEŠNIK 950g,90707633,ČOKOLEŠNIK,0.95 kg,ko,,6.62,6.29,7.99,7.99,3856020262204,HRANA
DET ARIEL MSPRING 4.4kg=80PR,90712800,ARIEL,4.40 kg,ko,20.99,4.77,,20.99,20.99,8006540940150,SREDSTVA ZA ČIŠĆENJE
KAVA CREMA AROMA ZRNO 1kg LAVAZZA,90713072,LAVAZZA,1.00 kg,ko,38.99,38.99,,38.99,38.99,8000070024441,HRANA
LOSOS ODR JADRANSKI PAK KONZUM,90714027,KONZUM,1.00 kg,kg,18.19,18.19,,10.91,18.19,,HRANA
FRIEND MM PILETINA 100G,90719883,FRIEND,0.10 kg,ko,0.59,5.9,,0.59,0.59,3870547072535,PROIZVODI ZA KUĆANSTVO
SIR CAPRODUR 280g VINDIJA,90719934,VINDIJA,0.28 kg,ko,8.99,32.11,,8.99,8.99,3850108052848,HRANA
LIP BALM LABELLO MED PROTECT 4.8g,90726964,LABELLO,0.01 kg,ko,4.39,914.58,,4.39,4.39,9005800362908,KOZMETIKA
MARG MARGO S JOGURTOM 225g,90731109,MARGO,0.23 kg,ko,1.29,5.73,,1.29,1.29,3856015325358,HRANA
BRUSCHETTE PEČ ČEŠNJAK 70g MARETTI,90731330,MARETTI,0.07 kg,ko,,10,0.7,0.7,0.95,3800205870517,HRANA
TIJESTO TAGLIATELLE PIR 400g SIMPLY PASTA,90735124,SIMPLY PASTA,0.40 kg,ko,1.59,3.98,,1.29,1.59,3838900831977,HRANA
JELO U ČAŠI CLASSIC 113 g NISSIN,90770839,NISSIN,0.11 kg,ko,2.99,26.46,,2.99,2.99,5997523313111,HRANA
NAPITAK KOKOS BIO 1 l BRIDGE,90795092,THE BRIDGE,1.00 l,ko,2.99,2.99,,2.99,2.99,8019428007616,HRANA
ŠAMPON ELSEVE HYALURON PURE 250 ml,90800288,LOREAL ELSEVE,0.25 l,ko,,13.4,3.35,3.59,4.49,3600524135232,KOZMETIKA
GEL TUŠ AXE SUNSET F 250 ml,90889918,AXE,0.25 l,ko,2.99,11.96,,2.99,2.99,8720181598609,KOZMETIKA
DIMLJENA SELJAČKA ŠUNKA ZA KUHANJE,90889958,MEDVEN,1.00 kg,kg,9.99,9.99,,9.99,9.99,,HRANA
NEGAZ PIĆE JUICY FR ZMAJ VOĆE 1.5 L,90889991,JUICY FRUITS,1.50 l,ko,1.69,1.13,,1.39,1.69,3858890971194,PIĆE
SV SLAB I LEĐA BK CCA 580G K PLUS,90890218,K PLUS,1.00 kg,kg,7.99,7.99,,5.59,7.99,3850139286328,HRANA
SUPER KEFIR VIŠNJA 330 g VINDIJA,90890480,Z BREGOV,0.33 kg,ko,1.59,4.82,,1.59,1.59,3850108036992,HRANA
SALV NATUR PREM BIJ 33X33 3SL 30/1,90894720,NATUR,30.00 ko,ko,0.89,0.03,,0.89,0.89,3850334432070,PROIZVODI ZA KUĆANSTVO
SALV NATUR PREM ZEL 33X33 3SL 30/1,90894731,NATUR,30.00 ko,ko,0.99,0.03,,0.99,0.99,3850334432155,PROIZVODI ZA KUĆANSTVO
TENDER RIB EYE 330 g PIK,90894920,PIK VRBOVEC,0.33 kg,ko,8.99,27.24,,5.59,8.99,3850139285161,HRANA
DET JAR LEMON 2X900 ml,90895420,JAR HDW,1.80 l,ko,8.29,4.61,,8.29,8.29,8001090198068,SREDSTVA ZA ČIŠĆENJE
ULJE MASLINOVO EKS DJEVIČ 1L LEVANAT,90900070,ORGULA,1.00 l,ko,6.99,6.99,,6.99,6.99,3859893678318,HRANA
KAVA CREMA MLJEV 2X250g+TO GO ŠALICA,90904686,FRANCK,0.50 kg,ko,11.49,22.98,,11.49,11.49,3850291055831,HRANA
SMAC ODMAŠĆ LIM 650 ml+KAMEN 650 ml,90904761,SMAC,1.00 ko,ko,3.99,3.99,,3.99,3.99,3858895660000,SREDSTVA ZA ČIŠĆENJE
SOČNO CARSKO MESO U MARINADI 480 g,90909779,AVE,0.48 kg,ko,5.99,12.48,,5.99,5.99,3831020349384,HRANA
MAK MLJEVENI 200g KRESTO,01310467,KRESTO,0.20 kg,ko,1.99,9.95,,1.29,1.99,3858882290784,HRANA
KUPUS CRVENI,01402636,,1.00 kg,kg,1.69,1.69,,1.49,1.49,3850334173348,HRANA
SIR TVRDI OLD AMSTERDAM 48% VELDHYZEN,02053637,VELDHUYZEN,1.00 kg,kg,22.59,22.59,,22.59,22.59,,HRANA
LIGNJA 15-18CM KONZUM,02192662,,1.00 ko,ko,13.25,13.25,,7.94,13.25,,HRANA
TUNJ U MASL ULJ 3X52g RIO MARE,02195487,RIO MARE,0.16 kg,ko,5.89,37.76,,5.89,5.89,8004030345775,HRANA
JOG ČVRSTI 3.2% MM 900g VINDIJA,02334675,Z BREGOV,0.90 kg,ko,2.39,2.66,,2.39,2.39,3850108030174,HRANA
SV KARE SK CHILI MARINADI,02400201,KONZUM,1.00 ko,ko,7.49,7.49,,5.24,7.49,,HRANA
VINO BABIĆ 0.75L KV VINOPLOD,03010109,VINOPLOD,0.75 l,ko,8.99,11.99,,8.99,8.99,3859888129122,PIĆE
VINO DINGAČ 0.75L VRH MADIRAZZA,03020416,MADIRAZZA,0.75 l,ko,21.09,28.12,,21.09,21.09,3859889833011,PIĆE
VINO GRAŠEVINA 0.75L VRH ILOK,03021362,ILOČKI PODRUMI,0.75 l,ko,12.05,16.07,,12.05,12.05,3859889556781,PIĆE
VINO TERAN KOZLOVIĆ 0.75L,03021697,KOZLOVIĆ,0.75 l,ko,19.79,26.39,,19.79,19.79,3859893243028,PIĆE
VISKI JACK DANIELS SINGLE BAR 0.7L,03082002,JACK DANIELS,0.70 l,ko,53.05,75.79,,53.05,53.05,5099873088654,PIĆE
OCAT JABUČNI 1L VRBANEK,03125006,VRBANEK,1.00 l,ko,1.59,1.59,,1.59,1.59,3859891209019,HRANA
OCAT BALZAMSKI SPRAY 250ml PONTI,03127026,PONTI,0.25 l,ko,4.89,19.56,,3.49,4.89,8001010050582,HRANA
KAŠICA HIPP OBROK PURETINA 190g,03140093,HIPP,0.19 kg,ko,1.99,10.47,,1.99,1.99,9062300131298,HRANA
SOK 100% RAJČICA HAPPY DAY  1L,03143142,HAPPY DAY,1.00 l,ko,2.29,2.29,,2.19,2.19,90087547,PIĆE
ULJE SUNCOKRET 3L PET ZVIJEZDA,03220002,ZVIJEZDA,3.00 l,ko,4.99,1.66,,4.99,4.99,3858882211345,HRANA
CROISSANT MARELICA  6/1 300g BAULI,04022708,BAULI,0.30 kg,ko,3.79,12.63,,3.29,3.29,8001720446200,HRANA
TIJESTO PENNE 47 500g PASTA ZARA,04050183,PASTA ZARA,0.50 kg,ko,1.59,3.18,,0.89,1.59,8004350130471,HRANA
TIJ MAXX SPAGH 3 625G,04051337,PASTA ZARA,0.63 kg,ko,,1.9,1.19,1.59,1.59,8004350001887,HRANA
INSTANT CRONAT GOLD JACOBS 100g ST,04070188,JACOBS,0.10 kg,ko,7.49,74.9,,5.69,7.49,8711000532874,HRANA
MIX FRANCK 3U1 18g,04070786,FRANCK,0.02 kg,ko,0.39,21.67,,0.39,0.39,3858881083646,HRANA
PAPAR ŠARENI VREĆ 16g KOTANY,04100826,KOTANYI,0.02 kg,ko,1.49,93.13,,1.49,1.49,9001414015117,HRANA
ŠEĆER SMEĐI 750g BAYANDO,04129013,BAYANDO,0.75 kg,ko,2.99,3.99,,1.94,2.99,3859891216369,HRANA
POPCORN K PLUS HRUSTY SLANI 3X100g,04146103,HRUSTY,0.30 kg,ko,1.39,4.63,,1.39,1.39,3838900841839,HRANA
FANT UMAK BOLOGNESE 40g PODRAVKA,04160709,FANT,0.04 kg,ko,1.19,29.75,,1.19,1.19,3850104036613,HRANA
ĐUMBIR SUSHI 145g BLUE DRAGON,04163662,BLUE DRAGON,0.15 kg,ko,5.09,35.1,,5.09,5.09,5010338302900,HRANA
PUDING VRHNJE 120g 3X40g DR OETKER,04180137,DR OETKER,0.12 kg,ko,2.19,18.25,,2.19,2.19,5997381320658,HRANA
ČOKOL DORINA NOISETTE 80g,04211564,DORINA,0.08 kg,ko,,16.13,1.29,1.35,1.89,3850102125173,HRANA
NATUREL SNACK OD RIŽE (CLASSIC)  100g,04280425,NATUREL,0.10 kg,ko,1.89,18.9,,1.89,1.89,8606012163140,HRANA
TIJESTO FUSILLI 98 500g BARILLA,04310039,BARILLA,0.50 kg,ko,1.95,3.9,,1.95,1.95,8076802085981,HRANA
RUPČIĆI PAP VIOLETA MENTOL 3SL 10/1,05083090,VIOLETA,10.00 ko,ko,1.99,0.2,,1.99,1.99,3870128000537,TOALETNE POTREPŠTINE
FLASTER HANSAPLAST UNV 1M:6CM,06500178,HANSAPLAST,1.00 ko,ko,3.39,3.39,,3.39,3.39,9005800385549,TOALETNE POTREPŠTINE
TAMPONI OB PROCOMF SUP PLUS 16,06504338,OB,16.00 ko,ko,4.19,0.26,,4.19,4.19,3574661476391,TOALETNE POTREPŠTINE
REGENER NIVEA DIAMOND GLOSS 200ml,06521672,NIVEA,0.20 l,ko,4.59,22.95,,4.59,4.59,42246213,KOZMETIKA
BOJA COLOR NAT 1 5593,06542042,GARNIER COL NATURALS,1.00 ko,ko,,3.69,3.69,4.99,4.99,3600540335593,KOZMETIKA
DEO SPREJ NIVEA BLA&WHI PURE 150ml,06551143,NIVEA,0.15 l,ko,,26.6,3.99,3.99,3.99,4005808728879,KOZMETIKA
GEL TUŠ DOVE CLEAN COMFORT 250ml,06562113,DOVE,0.25 l,ko,2.99,11.96,,2.99,2.99,8720181313417,KOZMETIKA
TRAKE ČUP BEZ VOSKA 20KOM 5129,06594838,ČUPKO,20.00 ko,ko,1.95,0.1,,1.95,1.95,3859888495128,KOZMETIKA
GEL NEUTROG UMIV GREJP PINK 200ML,90039051,NEUTROGENA,0.20 l,ko,9.45,47.25,,9.45,9.45,3574660569759,KOZMETIKA
LIZALICA CHUPA CHUPS MELODY FRU 15g,04271694,CHUPA CHUPS,0.02 kg,ko,0.55,36.67,,0.44,0.55,84196842,HRANA
TIJESTO FARFALLE 65 500g BARILLA,04310327,BARILLA,0.50 kg,ko,2.85,5.7,,2.85,2.85,8076809580144,HRANA
ČOKOLADA TOBLERON ML CHUNK 35g,04420204,TOBLERONE,0.04 kg,ko,1.45,41.43,,1.45,1.45,0000076145759,HRANA
GEL TUŠ NIVEA BC CASM MOM 250ml,06521371,NIVEA,0.25 l,ko,2.99,11.96,,1.89,2.99,9005800222950,KOZMETIKA
GEL GILL SATIN CARE OSJET 200ML 3007,06560865,VENUS,0.20 l,ko,,21.15,4.23,4.19,4.19,3014260223007,KOZMETIKA
LOSION TIJ NIVEA SUHA KOŽA 250ML,06591525,NIVEA,0.25 l,ko,,22.36,5.59,5.99,7.99,4006000089614,KOZMETIKA
LOSION NIV SUN F20 200ML,06592244,NIVEA,0.20 l,ko,15.59,77.95,,15.59,15.59,4005808407507,KOZMETIKA
DOMESTOS PINK 750ML     0714,08034500,DOMESTOS,0.75 l,ko,2.99,3.99,,2.99,2.99,5996358010714,SREDSTVA ZA ČIŠĆENJE
OCAT K PLUS ALKOHOLNI 3L,90039497,K PLUS,3.03 l,ko,1.99,0.66,,1.99,1.99,3850334309198,HRANA
BOMBON TIC TAC NARANČA 18g,90045178,FERRERO,0.02 kg,ko,0.79,43.89,,0.79,0.79,80052333,HRANA
SIR TVRDI GRANA PADANO K PLUS 200g,90070710,K PLUS,0.20 kg,ko,,17.45,3.49,3.49,4.69,3850334350756,HRANA
PAP RUPČIĆI PALOMA KUTIJA 60/1,90073944,PALOMA,59.99 ko,ko,,0.02,1.39,1.89,1.89,3838952014632,TOALETNE POTREPŠTINE
UMAK WORCESTER 150ML HEINZ,90080365,HEINZ,0.15 kg,ko,3.32,22.13,,3.32,3.32,5000157073020,HRANA
GEL ZA ČIŠĆ LICA AFROD CLE PH 150ML,90090311,AFRODITA,0.15 l,ko,6.49,43.27,,6.49,6.49,3831070654933,KOZMETIKA
PLOČICA ENER KOKOS EKO 50g RAW BITE,90106659,RAW BITE,0.05 kg,ko,2.59,51.8,,2.59,2.59,5712840020036,HRANA
SOK FRUCTAL JABUKA 0.2L,90171698,FRUCTAL,0.20 l,ko,0.95,4.75,,0.75,0.95,3838945028547,PIĆE
SALMON ROLL 199G GRUPO OHANA,90184035,AS SUSHI,0.20 kg,ko,7.55,37.94,,7.55,7.55,0604580003224,HRANA
PEL VIOLETA AD MAXI 4+ 9-20kg 56/1,90194166,VIOLETA,55.99 ko,ko,,0.21,11.99,11.99,15.93,3870128010277,TOALETNE POTREPŠTINE
DET JAR APPLE 900ml,90232401,JAR HDW,0.90 l,ko,4.69,5.21,,2.35,4.69,4015400922797,SREDSTVA ZA ČIŠĆENJE
ČEŠNJAK U PRAHU BOČ 40G KOTANYI,90268092,KOTANYI,0.04 kg,ko,3.19,79.75,,3.19,3.19,9001414040720,HRANA
BRISAČ PODA MOP PAMUK ZAMJ KRPA DAX,90276243,DAX,1.00 ko,ko,1.99,1.99,,1.99,1.99,3850334599551,PROIZVODI ZA KUĆANSTVO
ČETKA PRANJE RIBANJE RUKOHVATOM DAX,90276252,DAX,1.00 ko,ko,1.06,1.06,,1.06,1.06,3850334599612,PROIZVODI ZA KUĆANSTVO
KAJENSKI PAPAR POSIPAČ VEGETA MAESTRO 38 g,90282200,VEGETA MAESTRO,0.04 kg,ko,1.79,47.11,,1.79,1.79,3850104295072,HRANA
ZAČIN CURRY POSIPAČ 4g VEGETA MAESTRO,90282235,VEGETA MAESTRO,0.04 kg,ko,2.59,64.75,,2.59,2.59,3850104294723,HRANA
ZAČIN WURZE 125ML MAGGI,90283099,MAGGI,0.13 kg,ko,2.49,19.92,,2.49,2.49,40052694,HRANA
TOAST K PLUS S MASLACEM 500g,90290976,K PLUS,0.50 kg,ko,1.75,3.5,,1.29,1.75,3850334610836,HRANA
TIJESTO SPIRALI 1kg GRANO DORO,90296111,GRANO DORO,1.00 kg,ko,1.69,1.69,,1.45,1.69,3850334348463,HRANA
VINO VERALDA ROSE BRUT 0.75L,90302751,VERALDA,0.75 l,ko,24.95,33.27,,24.95,24.95,3859890332565,PIĆE
TJESTENINA POVRĆE  CUP 93g YAKISOBA,90325264,YAKISOBA,0.09 kg,ko,,18.17,1.69,2.09,2.09,8000050022955,HRANA
ČOKOLADA FINESSE CIJEL LJEŠ 100g,90335282,FINESSE,0.10 kg,ko,1.49,14.9,,1.49,1.49,3850334343000,HRANA
LEDENI ČAJ MANGO 0.33 L,90889962,VINDI,0.33 l,ko,0.79,2.39,,0.79,0.79,3850108072303,PIĆE
SIR NAM MIX 200g VINDIJA,02390867,Z BREGOV,0.20 kg,ko,1.99,9.95,,1.39,1.99,3850108059069,HRANA
JUN BUT BK BIJELA PISAN PAK PIK I KA,02410149,PIK VRBOVEC,1.00 kg,kg,16.99,16.99,,11.89,16.99,3850139101492,HRANA
VINO PELJEŠAC 1L KV PZ I VIN DINGAČ,03023750,PZ I VIN DINGAČ,1.00 l,ko,7.25,7.25,,7.25,7.25,3859888108059,PIĆE
BOMBON MENTOS DUGINE BOJE 37.5g,04193161,MENTOS,0.04 kg,ko,0.89,23.73,,0.89,0.89,87311396,HRANA
DŽEM KUPINA EKO 240G DIDA BOŽA,04280125,DIDA BOŽA,0.24 kg,ko,3.98,16.58,,2.78,3.98,3859891515240,HRANA
LOSION POSL BRIJ SOLEA MEN 115ML0901,06569435,SOLEA,0.12 l,ko,3.75,32.61,,3.75,3.75,7613107420010,KOZMETIKA
SPREJ NIV PR & BRONZE F20 200ml,90037991,NIVEA,0.20 l,ko,16.99,84.95,,16.99,16.99,7319470012127,KOZMETIKA
SVINJSKA SL I LEĐA SK NAREZANA RFZ ,90044043,PIK VRBOVEC,1.00 kg,kg,6.25,6.25,,6.25,6.25,3850139431759,HRANA
BOMBON HARIBO TREŠNJICE 100g,90048158,HARIBO,0.10 kg,ko,1.59,15.9,,1.19,1.59,9002975309820,HRANA
RAJČICA POLPA BOSILJAK 400g MUTTI,90052654,MUTTI,0.40 kg,ko,1.99,4.98,,1.99,1.99,8005110170423,HRANA
VINO FRANKOVKA ROSE 0.75L KV,90058570,ILOČKI PODRUMI,0.75 l,ko,7.55,10.07,,7.55,7.55,3859892149239,PIĆE
RUČNIK VIOLETA CHEESE-LEMON XXL 2/1 2SL,90078487,VIOLETA,2.00 ko,ko,2.65,1.33,,2.65,2.65,3859892288624,PROIZVODI ZA KUĆANSTVO
SREDSTVO IZBJELJIVAČ 1L DOMUS,90078870,DOMUS,1.00 l,ko,1.99,1.99,,1.99,1.99,3859890392484,SREDSTVA ZA ČIŠĆENJE
ČAJ BEBIVITA VOĆNI 6MJ+ 200g,90089613,BEBIVITA,0.20 kg,ko,3.45,17.25,,3.45,3.45,9007253102971,PIĆE
GLJIVA ŠAMPINJON MINI 250 grama,90093475,KORA,0.25 kg,ko,1.69,6.76,,1.69,1.69,3850334393128,HRANA
JUN BUT BK FRIKANDO VAC,90148441,PIK VRBOVEC,1.00 kg,kg,10.69,10.69,,10.69,10.69,3850139284690,HRANA
LOSION AXE AS BLACK 100ML,90154707,AXE,0.10 l,ko,,67.3,6.73,8.99,8.99,8720181343469,KOZMETIKA
DEO REXONA INVIS B&W 150ml,90154716,REXONA,0.15 l,ko,,23.67,3.55,3.49,4.75,8712561534444,KOZMETIKA
ZP COLGATE MAX WHITE ONE OPTIC 75ML,90155331,COLGATE,0.08 l,ko,3.99,53.2,,2.79,3.99,8718951050860,KOZMETIKA
OLIVAL MICELARNA OTOPINA 500ML,90165310,OLIVAL,0.50 l,ko,6.29,12.58,,6.29,6.29,3859892751449,KOZMETIKA
KREMA ZA DEP AFRODITA LICE I BIKINI 50ML,90178035,AFRODITA,0.05 l,ko,4.99,99.8,,4.99,4.99,3830001290530,KOZMETIKA
DESERT GIOTTO T9 38.7g FERRERO,90057180,FERRERO,0.04 kg,ko,1.69,43.67,,1.69,1.69,4008400121925,HRANA
ČAJ ENGLISH TEA N0.1 AHMAD 20X2g,90137737,AHMAD,0.04 kg,ko,3.45,86.25,,3.45,3.45,054881006163,HRANA
KVASAC SUHI 100g INSTANT DOLCELA,90141967,DOLCELA,0.10 kg,ko,1.29,12.9,,1.29,1.29,3850104266034,HRANA
NEGAZIRANO PIĆE COCTAIL CRVENO VOĆE 1L,90157022,VINDI,1.00 l,ko,1.19,1.19,,1.19,1.19,3850108077056,PIĆE
KAVA MLJEV. BEZ KOFEINA 250G ILLY,90202771,ILLY,0.25 kg,ko,9.99,39.96,,9.99,9.99,8003753900490,HRANA
BLACK TIGER FIORITAL,90255982,,1.00 kg,kg,17.59,17.59,,10.55,17.59,,HRANA
BOMBON SMARTIES MINI 158g NESTLE,90263109,SMARTIES,0.16 kg,ko,4.49,28.42,,4.49,4.49,7613287115782,HRANA
GEL ZA TUŠ DOVE M CL COMF 400ML,90281931,DOVE,0.40 l,ko,5.99,14.98,,5.99,5.99,8720181313448,KOZMETIKA
SAPUN TEK GENERA INTIMO NEVEN I AL VERA 300ml,90312008,GENERA,0.30 l,ko,2.39,7.97,,2.39,2.39,8003693401910,KOZMETIKA
GIN ALKKEMIST 0.7L,90350453,NEXT LEVEL DRINKS s.L.,0.70 l,ko,10,14.29,,10,10,8437013863018,PIĆE
TUNA EVA  KOM MASL U 4x80g SUPER PONUDA,90363079,EVA,0.32 kg,ko,7.99,24.97,,7.99,7.99,3850104231568,HRANA
OSLIĆ I ŽUVELA,90370377,ŽUVELA,1.00 kg,kg,8.09,8.09,,4.85,8.09,,HRANA
ORADA LL SVJ PAK KONZUM,90382778,KONZUM,1.00 kg,kg,12.99,12.99,,4.49,11.19,,HRANA
KREMŠNITA 2/1 PAK 280g MLINAR,90382875,MLINAR,0.28 kg,ko,3.49,12.46,,2.99,2.99,3858889892400,HRANA
DET CALGON 700g KAMENAC,90404406,CALGON,0.70 kg,ko,10.09,14.41,,10.09,10.09,5999109510594,SREDSTVA ZA ČIŠĆENJE
SLAD SNICKERS ŠTAPIĆ 73.5g,90408626,SNICKERS,0.07 l,ko,2.5,34.03,,2.5,2.5,5000159462037,HRANA
KEKS CHOCO COOKIES BG 200g GULLON,90412136,GULLON,0.20 kg,ko,,11.95,2.39,3.99,3.99,8410376017342,HRANA
NAPITAK BARISTA ZOB 1L ALPRO,90448099,ALPRO,1.00 l,ko,3.89,3.89,,3.89,3.89,5411188130550,HRANA
SLAD KING DOUBLE 100ml LEDO,90484684,KING,0.10 l,ko,2.79,27.9,,2.79,2.79,3850116037165,HRANA
PRŠUT 100g PERAJICA,90514257,SUŠARA PERAJICA,0.10 kg,ko,5.49,54.9,,5.49,5.49,3857500112842,HRANA
VINO VRANAC TERRA VINEA 1L,90528184,TERRA VINEA,1.00 l,ko,3.49,3.49,,3.49,3.49,3850334519580,PIĆE
GIN IGUANA 0.5L,90572390,IGUANA,0.50 l,ko,21.29,42.58,,21.29,21.29,3857500153012,PIĆE
UMAK SLATKO- KIS. ANAN. 400g BEN'S,90574015,BEN’S ORIGINAL,0.40 kg,ko,3.69,9.23,,3.69,3.69,4002359017209,HRANA
FELIX MM SENSATIONS RIBA 4X85g,90582748,FELIX,0.34 kg,ko,,5.85,1.99,2.79,2.79,7613287491770,PROIZVODI ZA KUĆANSTVO
PUDING PROTEIN VANILIJA 200g ZOTT,90593622,ZOTT,0.20 kg,ko,1.06,5.3,,0.89,0.89,4014500519180,HRANA
GEL TUŠ AXE EPIC FRESH 400ml,90598907,AXE,0.40 l,ko,4.95,12.38,,4.95,4.95,8720181204111,KOZMETIKA
ČOKOLADA VOLIM TE LJEŠ/BAD/KAR 100g,90600436,VOLIM TE,0.10 kg,ko,1.29,12.9,,0.79,1.29,3858881065215,HRANA
SPUŽVA  ABR ANTIBAKT VILEDA ULT FR 2/1,90603080,VILEDA,2.00 ko,ko,3.25,1.63,,3.25,3.25,4023103200982,PROIZVODI ZA KUĆANSTVO
NEG PIĆE FRUC MULTI 1.5L PET,90603095,FRUCTAL,1.50 l,ko,1.75,1.17,,1.32,1.75,3838945501231,PIĆE
OSLIĆ FILET 400g LEDO,90607800,LEDO,0.40 kg,ko,3.83,9.58,,3.83,3.83,3850116048598,HRANA
KOMPOT BRESKVA POL 470g DEL MONTE,90623151,DEL MONTE,0.47 kg,ko,3.79,8.06,,3.03,3.79,024000181590,HRANA
KRUH FINI DOM 700g NAREZ PAK KLARA,90632840,KLARA,0.70 kg,ko,2.25,3.21,,1.59,2.25,3856016906549,HRANA
SALVETE PREMIUM PLAVA 33X33 3SL 30/1,90632937,NATUR,1.00 ko,ko,1.06,1.06,,1.06,1.06,3850334018007,PROIZVODI ZA KUĆANSTVO
JUNEĆE TRIPICE LOVRIĆ,90648709,LOVRIĆ,1.00 kg,kg,5.97,5.97,,5.97,5.97,,HRANA
BUDDY  MP PILETINA 405G,90648741,BUDDY,0.41 kg,ko,0.99,2.44,,0.75,0.99,3850334018250,PROIZVODI ZA KUĆANSTVO
BUDDY MP PURETINA 1250G,90648749,BUDDY,1.25 kg,ko,1.89,1.51,,1.49,1.89,3850334018076,PROIZVODI ZA KUĆANSTVO
DET JAR PLAT PLUS BLUE 42 TAB,90662871,JAR ADW,42.00 ko,ko,28.49,0.68,,14.23,28.49,8006540751503,SREDSTVA ZA ČIŠĆENJE
BOROVNICA 300g LEDO,90668489,LEDO,0.30 kg,ko,4.49,14.97,,3.79,4.49,3850116053646,HRANA
VINO JAKOVAC CUVEE BIJELI 0.75L,90669363,JAKOVAC,0.75 l,ko,6.09,8.12,,6.09,6.09,3857500058904,PIĆE
PAHULJICE COOKIE CRISP 625g NESTLE,90669568,NESTLE ŽITAR,0.63 kg,ko,6.29,10.06,,4.99,4.99,5900020018342,HRANA
TIJESTO REZ S JAJ ŠIROKI 400g KOLEDA,90670120,KOLEDA,0.40 kg,ko,2.25,5.63,,1.59,2.25,3859888433533,HRANA
VREĆA SMEĆE TITAN FLEX 60 l 10/1 FINO,90673141,FINO,10.00 ko,ko,2.89,0.29,,2.31,2.31,5201314154327,PROIZVODI ZA KUĆANSTVO
VODA VITAMIN OSHEE MAGNEZIJ 0.555L,90673623,OSHEE,0.56 l,ko,1.69,3.05,,1.49,1.49,5908260250515,PIĆE
PROTEIN BROWNIE DOUBLE CHOCOLATE 75g,90674575,POLLEO,0.08 kg,ko,2.49,33.2,,2.49,2.49,3856026803647,HRANA
GAZ PIĆE PIPI NARANČADA 1.5L ,90674681,PIPI,1.50 l,ko,1.79,1.19,,1.79,1.79,3870183100326,PIĆE
DET SUĐE VIO BADEM 900ml,90683101,VIO,0.90 l,ko,2.99,3.32,,1.99,2.99,3870128034532,SREDSTVA ZA ČIŠĆENJE
NAMAZ KIKIRIKI MASLAC 100%  ACTIVE ZON P+ 500g,90698191,ACTIVE ZONE,0.50 kg,ko,,9.98,4.99,4.99,4.99,3838900827789,HRANA
GAZ PIĆE T.HENRY PINK GRAPEFRUIT 0.2L,90703407,THOMAS HENRY,0.20 l,ko,2.19,10.95,,2.19,2.19,4251760800119,PIĆE
OM LENOR EUCALYPTUS 925ml,90703545,LENOR,0.93 l,ko,4.99,5.39,,4.99,4.99,8006540890455,SREDSTVA ZA ČIŠĆENJE
SLAD OREO KORNET BALL TOP 4x100ml,90703696,OREO,0.40 l,ko,6.99,17.48,,6.99,6.99,8606018616053,HRANA
BUČINE KOŠTICE 100g CESAREC,90704289,OPG CESAREC,0.10 kg,ko,2.35,23.5,,1.99,2.35,3859893456602,HRANA
ULJE BUČINO ZLOTNO DJEV 0.25L POLJO POSAVEC,90704549,POLJO POSAVEC,0.25 l,ko,6.29,25.16,,6.29,6.29,3859889562546,HRANA
KEKS DOMAĆICA MULTIGRAIN 275g KRAŠ,90704764,DOMAĆICA,0.28 kg,ko,3.19,11.6,,2.49,3.19,3850102006830,HRANA
GEL TUŠ L'ANGELICA ŽITARICE 500ml,90478101,L ANGELICA,0.50 l,ko,3.25,6.5,,1.99,3.25,8017331077108,KOZMETIKA
BOJA GLISS COLOR 6-16,90483430,GLISS,1.00 ko,ko,7.39,7.39,,7.39,7.39,9000101272468,KOZMETIKA
ČAJ LEDENI BRESKVA YIPPY 0.33L,90484602,YIPPY,0.33 l,ko,1.39,4.21,,1.25,1.25,9008700200998,PIĆE
MASLINE CRNE BK 150g SACLA,90485146,SACLA,0.15 kg,ko,2.69,17.93,,2.69,2.69,8001060001367,HRANA
 LJEŠNJAK PRŽ MLJEVENI SWEET CHEF 200g,90498321,SWEET CHEF,0.20 kg,ko,3.49,17.45,,3.49,3.49,3838900956816,HRANA
SLAD LEDO M3 KING OBSESSION 300ml,90514521,KING,0.30 l,ko,6.99,23.3,,6.99,6.99,3850116037677,HRANA
DET FAKS SUPERAKTIVE 1.17kg=18PR,90568441,FAKS,1.17 kg,ko,7.99,6.83,,7.99,7.99,3850105176677,SREDSTVA ZA ČIŠĆENJE
KEKS DIGESTIVE CLASSIC 400g GULLON,90569780,GULLON,0.40 kg,ko,2.39,5.98,,2.39,2.39,8410376016789,HRANA
LIZALICA CHUPA CHUPS MINI 108G 18/1,90570224,CHUPA CHUPS,0.11 kg,ko,2.49,23.06,,1.99,2.49,8410031965056,HRANA
GAZ PIĆE SKY COLA 1L,90571911,SKY COLA,1.00 l,ko,1.25,1.25,,1.25,1.25,3875000182431,PIĆE
JOGURT B AKTIV LGG NATUR 3X150g DUKAT,90573702,B'AKTIV,0.45 kg,ko,1.99,4.42,,1.99,1.99,3850354008828,HRANA
DET TRIX 3kg,90597806,TRIX,3.00 kg,ko,3.99,1.33,,3.99,3.99,3838966208133,SREDSTVA ZA ČIŠĆENJE
GEL TUŠ LACTOVIT LACTOOIL 600ml,90598360,LACTOVIT,0.60 l,ko,,4.98,2.99,3.99,3.99,8411135351820,KOZMETIKA
BRIJAČ JED WILK Ž EXT 3 COL MIX 3/1,90598377,WILKINSON,1.00 ko,ko,3.09,3.09,,2.15,3.09,4027800320202,KOZMETIKA
SIR GAUDA S RAJČ I MASL 130g,90598981,Q CONCEPT,0.13 kg,ko,2.59,19.92,,2.59,2.59,5902431276069,HRANA
VINO PJENUŠAVO J.P. CHENET SPRITZ 0.75L,90599548,JP CHENET,0.75 l,ko,7.99,10.65,,7.99,7.99,3500610156267,PIĆE
SLAD TORTERIE NUTELLISSIMO 500ml,90599597,TORTERIE MACARON,0.50 l,ko,7.89,15.78,,6.99,7.89,3859893855306,HRANA
COCKTAIL MARGARITA 0.33L NB ,90599785,A LE COQ,0.33 l,ko,1.65,5,,1.15,1.55,4740098002895,PIĆE
GAZ PIĆE COCKTA BLONDIE 1.5L,90600103,COCKTA,1.50 l,ko,1.79,1.19,,1.45,1.45,3838471047326,PIĆE
PEL VIOL COT PREM MIDI 3 64/1,90603232,VIOLETA,64.02 ko,ko,,0.21,13.49,13.49,17.85,3870128031586,TOALETNE POTREPŠTINE
KREMA BIOBAZA DJ ZAŠTITNA 550ml,90622781,BIOBAZA,0.55 l,ko,10.49,19.07,,10.49,10.49,3859889915847,KOZMETIKA
LIMUNSKA KISELINA 75 g  DOLCELA ,90643022,DOLCELA,0.08 kg,ko,1.39,18.53,,1.39,1.39,3856020259853,HRANA
 GEL TUŠ PALM SMOOT WATERMELON 500ML,90648947,PALMOLIVE,0.50 l,ko,3,6,,3,3,8718951593190,KOZMETIKA
ZP COLG MAX WH ULTR ACT FOAM 50ML,90648951,COLGATE,0.05 l,ko,5.79,115.8,,4.05,5.79,8718951504752,KOZMETIKA
VILEDA 1.2. SPRAY MAX  MOP,90649163,VILEDA,1.00 ko,ko,24.99,24.99,,19.99,24.99,4023103199200,PROIZVODI ZA KUĆANSTVO
KREMA BAD DUO POWER 80G,90670003,BLEND-A-DENT,0.08 kg,ko,,71,5.68,7.59,7.59,8006530000031,KOZMETIKA
ŠUNKA WEIN SCHWARZ 100g NAR,90673824,WEIN,0.10 kg,ko,2.12,21.2,,2.12,2.12,4003419002500,HRANA
GEL+ŠAMP DJ LUMPI JAGODA 500ML,90674652,LUMPI,0.50 l,ko,1.75,3.5,,1.75,1.75,3838900824009,KOZMETIKA
PAŠTETA PILEĆA KIDS POLI 95g,90674695,POLI,0.10 kg,ko,1.19,12.53,,1.19,1.19,3838977043853,HRANA
MAJONEZA STAKLENKA THOMY 235g,90674701,THOMY,0.24 kg,ko,3.15,13.4,,3.15,3.15,7613030501442,HRANA
WHISKAS MM LOSOS 85G,90678143,WHISKAS,0.09 kg,ko,0.89,10.47,,0.89,0.89,5900951302046,PROIZVODI ZA KUĆANSTVO
VISKI J WALKER BLACK 0.7L,90698186,JOHNNIE WALKER,0.70 l,ko,36.19,51.7,,35.05,35.05,5000267024202,PIĆE
ZAČIN PIKANTNA PILETINA 30g VEGETA NATUR,90703018,VEGETA NATUR,0.03 kg,ko,1.19,39.67,,0.79,1.19,3850104277221,HRANA
DEO SPREJ NIVEA FRESH ACTIV M 250ml,90703786,NIVEA,0.25 l,ko,,14.36,3.59,5.39,7.19,9005800367477,KOZMETIKA
PIVO ESTRELLA RED VINTAGE 0.33L NB,90704169,ESTRELLA,0.33 l,ko,2.05,6.21,,2.05,2.05,8412598005879,PIĆE
LED KOCKE PREMIUM 1kg REBUS,90704560,REBUS,1.00 kg,ko,2.99,2.99,,2.99,2.99,8717953068538,HRANA
ORAH INDIJSKI FAMILY PACK EC 300g,90705619,EUROCOMPANY,0.30 kg,ko,4.79,15.97,,3.59,4.79,3872084014351,HRANA
TIJESTO FUSILLI 500g PASTA ZARA,90725840,PASTA ZARA,0.50 kg,ko,1.59,3.18,,0.89,1.59,8004350130570,HRANA
PAPRIKA PUNJ ZELJ 480/1010g TOMAŠEC,90731304,OPG TOMAŠEC,0.48 kg,ko,5.09,10.6,,5.09,5.09,3850334073792,HRANA
PULLED BEEF 500g VAK PIK,90733481,PIK VRBOVEC,0.50 kg,ko,13.49,26.98,,8.49,13.49,3850139282122,HRANA
ŠAMPON OLEA NORMALNA KOSA 300ml,90735075,OLEA,0.30 l,ko,1.29,4.3,,1.29,1.29,3850334073389,KOZMETIKA
KEKS SL KARAMELA BADEM 50g KOOKIE CAT,90739985,KOOKIE CAT,0.05 kg,ko,1.99,39.8,,1.59,1.99,3800233683240,HRANA
BISKVIT ČOKO BROWNIE 8/1 200 g MR BROWNIE,90764706,MR BROWNIE,0.20 kg,ko,3.29,16.45,,2.63,3.29,8411037800037,HRANA
VL MAR SEPTONA BABY KAMILICA 80/1,90765175,SEPTONA,80.00 ko,ko,2.15,0.03,,2.15,2.15,5201410964264,TOALETNE POTREPŠTINE
TJEST TAGLIATELLE 400 g MARODI,90769987,MARODI,0.40 kg,ko,2.99,7.48,,2.99,2.99,3859893944352,HRANA
BRIJAČ JEDNOK GILL BLUE3 PLUS 12/1,90771199,GILLETTE,12.00 ko,ko,10,0.83,,10,10,8700216148146,KOZMETIKA
ZP COLGATE TOTAL ANTI-TARTRU 100 ml,90775122,COLGATE,0.10 l,ko,3.79,37.9,,2.65,3.79,8718951656123,KOZMETIKA
GEL TUŠ OLD SPICE ROCKSTAR 400 ml,90775142,OLD SPICE,0.40 l,ko,,9.35,3.74,4.99,4.99,8700216232746,KOZMETIKA
SOMAT GEL EXCELLENCE LEMON 2X540 ml,90785398,SOMAT,1.08 l,ko,25.99,24.06,,25.99,25.99,9000101819472,SREDSTVA ZA ČIŠĆENJE
KOBASICA TRAJNA IBERICO BELL 180 g REVISAN,90794989,REVISAN,0.18 kg,ko,5.69,31.61,,5.69,5.69,8436024010862,HRANA
VINO RESERVE CAB SAUVIGN TOUCH 0.75,90814793,TOUCH,0.75 l,ko,15.05,20.07,,15.05,15.05,3859893289057,PIĆE
DET FROSCH LIMUN 750ml,90706032,FROSCH,0.75 l,ko,2.12,2.83,,1.48,2.12,4001499964534,SREDSTVA ZA ČIŠĆENJE
PIVO STAROČEŠKO CRVENO 0.5L NB,90770042,STAROČEŠKO,0.50 l,ko,1.55,3.1,,1.55,1.55,3859893750731,PIĆE
SIR POLUT GAUDA BEZ LAK 300g FREE Z,90770073,FREE ZONE,0.30 kg,ko,3.99,13.3,,3.99,3.99,3838900832028,HRANA
VARIVO ŠAMP POV TJEST 95g PODRAVKA,90770362,PODRAVKA,0.10 kg,ko,2.29,24.11,,2.29,2.29,3856020269258,HRANA
SLANUTAK 300g/265g D AUCY,90770409,D AUCY,0.27 kg,ko,1.49,5.62,,1.49,1.49,3017800252451,HRANA
PAPRIKA MLJEV DIMLJENA 50 g SPICE CHEF,90770515,SPICE CHEF,0.05 kg,ko,0.89,17.8,,0.62,0.62,3850334100993,HRANA
UMAK POVRĆE TERIYAKI SEZAM 235 ml KUHNE,90770617,KUHNE,0.24 l,ko,3.99,16.98,,3.99,3.99,40122885,HRANA
BRIJAČ WILKIN Ž INT COMPLETE+1BRITV,90774680,WILKINSON,1.00 ko,ko,,6.77,6.77,9.69,9.69,4027800656103,KOZMETIKA
PEDIGREE SP JUNIOR PERAD POV 2 kg,90784679,PEDIGREE,2.00 kg,ko,10.49,5.25,,7.89,10.49,5998749145111,PROIZVODI ZA KUĆANSTVO
MLIJEKO L'ANGELICA SPF30 200 ml,90784734,L ANGELICA,0.20 l,ko,10.99,54.95,,10.99,10.99,8017331098035,KOZMETIKA
OM COCCOLINO KONC SENSITIVE 975 ml,90785307,COCCOLINO,0.98 l,ko,4.99,5.12,,4.99,4.99,8720181410536,SREDSTVA ZA ČIŠĆENJE
KAŠA PROT CHOCO HAZELNUT PROSERIES 60 g,90789659,PROSERIES,0.06 kg,ko,1.49,24.83,,1.49,1.49,3856026808291,HRANA
PALAČINKE PROT ČOKOLADA PROSERIES 500 g,90789671,PROSERIES,0.50 kg,ko,11.99,23.98,,11.99,11.99,3856026807737,HRANA
BRANCIN 4000+,90794731,ŽUVELA,1.00 kg,kg,29.99,29.99,,17.98,29.99,,HRANA
TARTUFI CRNI MLJEVENI 40 g ZIGANTE,90795082,ZIGANTE,0.04 kg,ko,15.99,399.75,,15.99,15.99,3858891983141,HRANA
MAYOKETCHUP 425g HEINZ,90799712,HEINZ,0.43 kg,ko,4.49,10.56,,4.49,4.49,5900783009908,HRANA
DRESSING JOGURT 250ml ZVIJEZDA,90799801,ZVIJEZDA,0.25 l,ko,2.49,9.96,,2.49,2.49,3856015330611,HRANA
KREKER TWIST RAJČICA I KIM 70g ELEPHANT,90809878,ELEPHANT,0.07 kg,ko,,10.71,0.75,0.99,0.99,5949040204335,HRANA
BOMBON MENTOS PEPPERMINT 21g,90809898,MENTOS,0.02 kg,ko,1.3,61.9,,1.3,1.3,80880042,HRANA
RIŽA BASMATI K PLUS 500g,90810365,K PLUS,0.50 kg,ko,1.99,3.98,,1.99,1.99,3850334113023,HRANA
VINO PINOT CRNI ŠOŠKIĆ 0.75 L,90824787,ŠOŠKIĆ,0.75 l,ko,18.05,24.07,,18.05,18.05,3859893712005,PIĆE
SET BIOBAZA FROSTED SG265+BL200,90826278,BIOBAZA,1.00 ko,ko,7.49,7.49,,5.99,7.49,3856020916527,KOZMETIKA
SET OS BEAR SP150+STICK50+SG250,90826338,OLD SPICE,1.00 ko,ko,8,8,,8,8,8700216571326,KOZMETIKA
PAHULJICE ZOBENE SITNE BIO 500 g NUTRIGOLD,90826444,NUTRIGOLD,0.50 kg,ko,1.59,3.18,,1.59,1.59,3858891974422,HRANA
ZOB PLOČICA JOGURT 100g FLAP JACK,90829881,FLAP JACK,0.10 kg,ko,1.59,15.9,,1.59,1.59,5999884751311,HRANA
CESAR MP JUNIOR PURETINA 150 g,90830059,CESAR,0.15 kg,ko,1.59,10.6,,1.29,1.59,4008429121609,PROIZVODI ZA KUĆANSTVO
KOLAČ APPLE PIE 450 g SPECIAL MOMENTS,90830431,SPECIAL MOMENTS,0.45 kg,ko,4.99,11.09,,3.99,4.99,3850334430946,HRANA
MUESLI VITALIS ŠUM VO 500 g DR OETKE,90864666,VITALIS,0.50 kg,ko,3.99,7.98,,3.99,3.99,8594001216994,HRANA
SENF ESTRAGON TUBA 200g K PLUS,90473010,K PLUS,0.20 kg,ko,0.99,4.95,,0.99,0.99,3850334385574,HRANA
SLAD CARTE D'OR ORAH 1L,90483467,ALGIDA CD OR,1.00 l,ko,7.99,7.99,,6.99,7.99,5996037050543,HRANA
SLAD BEN & JERRY NETFLIX & CHILL 465ml,90483648,BEN & JERRY'S,0.47 l,ko,8.99,19.33,,8.99,8.99,8711327386334,HRANA
ZAČIN HARISSA SECR. OF MOROCCO 20g,90484652,KOTANYI,0.02 kg,ko,1.69,84.5,,1.39,1.69,9001414035511,HRANA
KRAKOVI DIVOVSKE LIGNJE 500g OCEAN,90533137,OCEAN,0.50 kg,ko,4.99,9.98,,3.99,4.99,3850334045164,HRANA
TORTELLINI S PRŠUTOM 250g RANA,90569495,RANA,0.25 kg,ko,2.99,11.96,,2.65,2.99,8001665713184,HRANA
MASKA GEN RIŽ ULJ/KAR MASL 500ml,90572129,GENERA,0.50 l,ko,2.69,5.38,,2.69,2.69,8003693401378,KOZMETIKA
WANPY DOG SUŠ. PAČETINA I KOŽA 100g,90572848,WANPY,0.10 kg,ko,3.99,39.9,,2.79,3.99,6927749820352,PROIZVODI ZA KUĆANSTVO
NEG PIĆE FRUCTAL CLASSIC JAB-MALINA 1L,90607723,FRUCTAL,1.00 l,ko,,1.49,1.49,1.39,1.89,3838945040204,PIĆE
NAPITAK PREWORKOUT SHOT LIM-LIMETA 0.08L,90649075,POLLEO,0.75 l,ko,1.99,2.65,,1.99,1.99,3856026802299,PIĆE
DVOPEK K PLUS 320g,90657911,K PLUS,0.32 kg,ko,1.46,4.56,,1.46,1.46,3850334019097,HRANA
TP VLAŽNI ZEWA ALMOND MILK 80/1,90668204,ZEWA,80.00 ko,ko,3.99,0.05,,3.99,3.99,7322541475233,TOALETNE POTREPŠTINE
LIKER MEDICA BADEL 0.7L,90670278,BADEL 1862,0.70 l,ko,10.55,15.07,,10.55,10.55,3850112111388,PIĆE
RUČNIK OLALA MAXI ROLA 450 LIS 1/1 2SL,90672805,OLALA,1.00 ko,ko,5.31,5.31,,5.31,5.31,3858893275244,PROIZVODI ZA KUĆANSTVO
WHISKAS MM PD PERAD 4X85G,90678106,WHISKAS,0.34 kg,ko,2.75,8.09,,2.19,2.75,5900951303210,PROIZVODI ZA KUĆANSTVO
ČOKO JAJE MAXI PAW PATROL 150g DOLCI PREZIOSI,90692761,DOLCI PREZIOSI,0.15 kg,ko,3,20,,3,4,8030769037544,HRANA
VAFL NAPOLITANKA 327g KRAŠ,90692773,KRAŠ,0.33 kg,ko,2.85,8.72,,2.85,2.85,3850102523443,HRANA
MJEŠ ZAČ ZA POVRĆE Q&E 35g KOTANYI,90698110,KOTANYI,0.04 kg,ko,0.98,28,,0.98,0.98,9001414237175,HRANA
INSTANT NES CREMA SENS ST 190g,90699118,NESCAFE,0.19 kg,ko,11.29,59.42,,7.29,11.29,8445290699787,HRANA
PAPRIKA REZANA 280g DOORA,90704250,DOORA,0.28 kg,ko,2.39,8.54,,2.39,2.39,3858894541706,HRANA
SLAD PLAZMA CREAM KORNET 120ml LEDO,90704254,LEDO,0.12 l,ko,2,16.67,,2,2,3850116056777,HRANA
ČOKOLADA SAMO TI JAGODA 250g,90705511,SAMO TI,0.25 kg,ko,2.99,11.96,,2.99,2.99,3858881063594,HRANA
ŽICA INOX SPONTEX 2/1,90706500,SPONTEX,2.00 ko,ko,1,0.5,,1,1,9001378720201,PROIZVODI ZA KUĆANSTVO
KAŠICA HIPP BIO ŠLJIVA KRUŠKA 160g,90706619,HIPP,0.16 kg,ko,1.75,10.94,,1.75,1.75,4062300441170,HRANA
KAKAO BENQUICK BOX 800g,90726541,BENQUICK,0.80 kg,ko,5.99,7.49,,5.99,5.99,3838900030400,HRANA
KIMCHI BLAGI 320/240g MIGHTY FARMER,90819741,MIGHTY FARMER,0.24 kg,ko,7.49,31.21,,7.49,7.49,5600797937456,HRANA
ŠUNKA KOCKICE 2X75 g WEIN,90825826,WEIN,0.15 kg,ko,2.59,17.27,,2.59,2.59,4003419003187,HRANA
ŽELJEZO 30MG 90TAB NUTRIGOLD,90825838,NUTRIGOLD,90.01 ko,ko,9.29,0.1,,9.29,9.29,3858891976501,HRANA
DET JAR MINT 1.35L XMAS,90830332,JAR HDW,1.35 l,ko,4,2.96,,4,4,8700216636230,SREDSTVA ZA ČIŠĆENJE
ČOKOLADA ZA KUHANJE  XXL 400 g KANDIT,90835098,KANDIT,0.40 kg,ko,4.99,12.48,,4.99,4.99,3858889866753,HRANA
ZOB PLOČICA ČOKO KOMADIĆI 100g FLAP JACK,90829879,FLAP JACK,0.10 kg,ko,1.59,15.9,,1.59,1.59,5999884751298,HRANA
LECHAT EX MM STERIL VEPAR GRAŠ 85 g,90834886,LECHAT EXCELLENCE,0.09 kg,ko,,11.53,0.98,0.9,1.29,8009470061926,PROIZVODI ZA KUĆANSTVO
PAŠTETA TELEĆA ZELENI PAPAR 100g GAV,90849777,GAVRILOVIĆ,0.10 kg,ko,3.99,39.9,,3.99,3.99,3858892726662,HRANA
FEFERONI BLAGI 280 g/130 g GURMANO,90849984,GURMANO,0.13 kg,ko,3.49,26.85,,3.49,3.49,5319991599468,HRANA
BOJA OLIA 4.0 DARK BROWN,90850094,GARNIER OLIA,1.00 ko,ko,7.59,7.59,,7.19,7.59,3600542601849,KOZMETIKA
DEO KREMA BIOB GREEN SENS 35 ml,90850198,BIOBAZA,0.04 l,ko,,105.43,3.69,5.29,5.29,3856020915209,KOZMETIKA
VODICA MICEL NIVEA SKIN GLOW 400 ml,90850420,NIVEA,0.40 l,ko,,15.48,6.19,8.89,8.89,9005800377728,KOZMETIKA
SUSHI KYOTO 260 g GINGER,90864856,GINGER SUSHI,0.26 kg,ko,7.99,30.73,,7.99,7.99,3859893601767,HRANA
PECIVO PINCA  ŠEĆER 100 g,90869799,PIK RIJEKA,0.10 kg,ko,0.95,9.5,,0.95,0.95,3850135242762,HRANA
NARANČA PLUS,90869896,,1.00 kg,kg,1.99,1.99,,1.39,1.39,3856028689799,HRANA
PAHULJICE FITNESS KAKAO PROT 310 g N,90869981,NESTLE ŽITAR,0.31 kg,ko,4.99,16.1,,4.99,4.99,5900020043481,HRANA
LIKER LIMONCELLO RAMAZZOTTI 0.7 L,90874791,RAMAZZOTTI,0.70 l,ko,13.99,19.99,,13.99,13.99,8006550322946,PIĆE
ŠAMPON GEL 2U1 BIOBAZA DRAGON 250 ml,90874947,BIOBAZA,0.25 l,ko,4.39,17.56,,4.39,4.39,3856020916862,KOZMETIKA
SPUŽVA DVOSTRANA ROVUS 5/1,90875276,ROVUS,1.00 ko,ko,5.99,5.99,,3.99,5.99,3856029705146,PROIZVODI ZA KUĆANSTVO
CAPP NESCAFE VANILIJA 336 g 3PACK,90880125,NESCAFE,0.34 kg,ko,6.99,20.8,,6.99,6.99,8445291599581,HRANA
STICK REXONA Ž ACTIVE 50 ml,90885125,REXONA,0.05 l,ko,4.75,95,,4.75,4.75,59004790,KOZMETIKA
ČOKOLADA DORINA KARAMELA BADEM 100 g,90885319,DORINA,0.10 kg,ko,1.99,19.9,,1.45,1.45,3850102014835,HRANA
SUHI ŠAMPON NIVEA SVIJE KOSA 200 ml ,90885418,NIVEA,0.20 l,ko,,23.75,4.75,6.79,6.79,9005800301532,KOZMETIKA
SERUM GLISS FULL HAIR 100 ml,90885499,GLISS,0.10 l,ko,,79.9,7.99,9.99,9.99,9000101749373,KOZMETIKA
SET MELEM KIKI CRVENI,90885708,MELEM,1.00 ko,ko,,15.99,15.99,15.1,18.89,3856007912788,KOZMETIKA
PILING NEUTROGENA MIT C&D 150 ml,90885900,NEUTROGENA,0.15 l,ko,,39.33,5.9,7.39,7.39,3574661498478,KOZMETIKA
SLAD QUATTRO SUNSHINE 1500 ml,90885918,QUATTRO,1.50 l,ko,7.49,4.99,,4.99,7.49,3850116067087,HRANA
TORTILJA CHIPS BBQ 200g LA FIESTA,01311190,LA FIESTA,0.20 kg,ko,2.39,11.95,,2.39,2.39,5412514934866,HRANA
GREJP CRVENI,01410483,,1.00 kg,kg,1.69,1.69,,1.69,1.69,3850334173560,HRANA
DRESSING KRAUTER 75ML VREĆ DEVELEY,01491297,DEVELEY,0.08 kg,ko,0.79,10.53,,0.55,0.79,4006824028219,HRANA
KAPULICA 60g LUXEAPERS,01605118,LUXEAPERS,0.06 kg,ko,1.39,23.17,,1.39,1.39,8422243092284,HRANA
VRHNJE ZA KAVU 10% 10*10g ZOTT,02170418,ZOTT,0.10 kg,ko,0.53,5.3,,0.53,0.53,40145037,HRANA
RAKIJA TRAVARICA 0.1L BADEL,03061178,BADEL 1862,0.10 l,ko,1.65,16.5,,1.65,1.65,3850112122230,PIĆE
RUM HAVANA CLUB 0.7L 7 YO,03075796,HAVANA,0.70 l,ko,30.05,42.93,,30.05,30.05,8501110080439,PIĆE
OCAT BALZAMSKI 0.5L SILVER MONARI,03120122,MONARI FEDERZONI,0.50 kg,ko,4.09,8.18,,4.09,4.09,8003185008931,HRANA
OCAT BALZAM BIJE 0.5L IL TORRI CARAN,03120199,CARANDINI,0.50 l,ko,4.69,9.38,,4.69,4.69,8014347005149,HRANA
PIVO LEFFE BROWN 0.33L NEP AMB ZG P,03130301,LEFFE,0.33 l,ko,2.29,6.94,,2.29,2.29,5410228166672,PIĆE
SOK FRUTEK BRESKVA 125ML,03140465,FRUTEK,0.13 l,ko,0.99,7.92,,0.99,0.99,3838945502740,PIĆE
NAPITAK POWERADE MOUNTAIN BLAST 0.5L,03142103,POWERADE,0.50 l,ko,1.65,3.3,,1.45,1.45,54492653,PIĆE
PUDING SOJA TAM ČOK 4X125g ALP,03150057,ALPRO,0.50 kg,ko,3.79,7.58,,2.99,3.79,5411188094159,HRANA
VODA IZVOR JANA LIM-LIMETA 0.5L,03185021,JANA,0.50 l,ko,1.05,2.1,,1.05,1.05,3858884600932,PIĆE
PAPRIKA SLATKA 100g ŠAFRAM,04100715,ŠAFRAM,0.10 kg,ko,1.69,16.9,,0.89,1.69,3859888163065,HRANA
KAKAO MRVICE 80g DR OETKER,04180925,DR OETKER,0.08 kg,ko,1.59,19.88,,1.59,1.59,5907707051289,HRANA
PUDING ČOKOLADA PREMIUM 53g PODRAVKA,04180935,DOLCELA,0.05 kg,ko,0.99,18.68,,0.99,0.99,3850104249464,HRANA
ČOKOL DORINA MLIJEČNA 80g,04213178,DORINA,0.08 kg,ko,1.03,12.88,,1.03,1.03,3850102111961,HRANA
TABLETE COREGA BIO 30S,06511205,COREGA,30.00 ko,ko,,0.17,5.25,6.19,6.19,5054563213013,KOZMETIKA
BOJA COLOR NAT 9.1 BL TR CE 5715,06542052,GARNIER COL NATURALS,1.00 ko,ko,,3.69,3.69,4.99,4.99,3600540335715,KOZMETIKA
BOJA PALETTE DELUXE 575 PLAMENO CRVENA,06542980,PALETTE DELU,1.00 ko,ko,,4.79,4.79,4.79,4.79,3838824176819,KOZMETIKA
GAZ PIĆE FANTA TUTTI FRUTTI ZERO 2 L,90886682,FANTA,2.00 l,ko,2.29,1.15,,2.29,2.29,5449000334671,PIĆE
MIN VODA MIVELA GAZ 1.5 L PET,90886988,MIVELA,1.50 l,ko,1.99,1.33,,1.99,1.99,8600599002939,PIĆE
ULJE BYROKKO SHINE 150 ml,90887258,BYROKKO,0.15 l,ko,19.49,129.93,,19.49,19.49,3830079880015,KOZMETIKA
DESERT KIT KAT DARK 41.50 G NESTLE,90887414,KIT KAT,0.04 kg,ko,1.35,32.53,,0.99,1.35,8445290542311,HRANA
DESERT MARS 3 PACK 3X45 g,90889784,MARS,0.14 kg,ko,2.85,21.11,,2.85,2.85,5000159561877,HRANA
JUHA KREM OD VRGANJA 60g PODRAVKA,04160716,PODRAVKA,0.06 kg,ko,1.39,23.17,,1.09,1.39,3850104214653,HRANA
PRELJEV ZA TORTU SVIJE 12g DR OETKER,04180017,DR OETKER,0.01 kg,ko,0.89,74.17,,0.89,0.89,5997381370714,HRANA
MUFFINS ČOKOLADNI 350g DOLCELA,04180658,DOLCELA,0.35 kg,ko,3.79,10.83,,2.99,3.79,3850104244827,HRANA
BOMBON RICOLA LEMON MINT 40g,04190249,RICOLA,0.04 kg,ko,1.59,39.75,,1.59,1.59,7610700923092,HRANA
BOMBON MENTOS GRAPE 38g,04190502,MENTOS,0.04 kg,ko,0.89,23.42,,0.89,0.89,5908227100686,HRANA
DESERT CORNY ČOKOLADA 6X25,04210086,SCHWARTAU,0.15 kg,ko,2.89,19.27,,2.89,2.89,4011800520229,HRANA
ČOKOL BRACO MLIJEČNA 75g,04211872,MIKADO,0.08 kg,ko,1.25,16.67,,1.25,1.25,3858881064874,HRANA
DESERT MILKY WAY 21.5g,04221408,MARS,0.02 kg,ko,0.79,36.74,,0.79,0.79,5000159550567,HRANA
TP VIOLETA LAVANDA 16/1 3SL,05081014,VIOLETA,16.00 ko,ko,6.63,0.41,,6.63,6.63,3859892288051,TOALETNE POTREPŠTINE
FLASTER LOLA ULTRA VODOOTP 12/1,06500273,LOLA,12.00 ko,ko,1.69,0.14,,1.69,1.69,3858890792829,TOALETNE POTREPŠTINE
ŠAMPON SCHAUMA ZA MUŠKAR 400ml,06521656,SCHAUMA,0.40 l,ko,,7.48,2.99,2.99,4.19,3838824086675,KOZMETIKA
ZP COLG HERB WH 112/75ML 8441,06530601,COLGATE,0.08 l,ko,2.09,27.87,,1.46,2.09,8714789098838,KOZMETIKA
BOJA COMPLETE COL N80 NAT BLOND 7800,06541021,ANNYER,1.00 ko,ko,3.99,3.99,,3.99,3.99,3850177007800,KOZMETIKA
LIKER PELINKOVAC 0.7 L BADEL,90032338,BADEL 1862,0.70 l,ko,12.55,17.93,,10.99,10.99,3850112110756,PIĆE
PJENA TAFT VOL MEGA STRONG 200ml,90037373,TAFT,0.20 l,ko,,14.95,2.99,2.99,4.99,9000100728249,KOZMETIKA
BOJA SYOSS OLEO 4-23 VINSKO CRV,90065459,SYOSS OLEO,1.00 ko,ko,,6.49,6.49,6.49,7.99,9000100840835,KOZMETIKA
ČAJ KOPRIVA LIST AGRISTAR 50g,90077253,AGRISTAR,0.05 kg,ko,1.79,35.8,,1.79,1.79,3858886500438,HRANA
PIVO GRIČKA VJEŠTICA TAMNO NB 0.5L,90132108,MEDVEDGRAD,0.50 l,ko,2.19,4.38,,1.69,2.19,3857500003218,PIĆE
NAMAZ HUMMUS ČILI 250G SANA,90148364,SANA,0.25 kg,ko,3.45,13.8,,3.45,3.45,3859892873059,HRANA
STICK OLDSP ORIGINAL 50 ml,90158044,OLD SPICE,0.05 l,ko,,74.8,3.74,4.99,4.99,4084500490543,KOZMETIKA
NAMAZ VOĆ JAGODA EKO 250g FIOR,90251843,FIOR DI FRUTTA,0.25 kg,ko,4.29,17.16,,4.29,4.29,8001505004120,HRANA
METALNA DRŠKA TELESKOPSKA 150cm DAX,90276271,DAX,1.00 ko,ko,2.25,2.25,,2.25,2.25,3850334599827,PROIZVODI ZA KUĆANSTVO
CHOCO BANANA 280g KANDIT,90296114,KANDIT,0.28 kg,ko,3.69,13.18,,3.69,3.69,3858889865466,HRANA
CHIA SJEMENKE 100g NATURA,90311324,NATURA,0.10 kg,ko,1.72,17.2,,1.72,1.72,3859892798062,HRANA
RUKAVICE VILEDA MULTI LATEX 10/1 S/M,90325475,VILEDA,1.00 ko,ko,4.45,4.45,,3.11,4.45,4023103093072,PROIZVODI ZA KUĆANSTVO
ČOKOLADA MILKA ALPSKA 190 g,90889935,MILKA,0.19 kg,ko,4.49,23.63,,4.49,4.49,7622202305658,HRANA
ORADA SVJ FILET SKIN 200 g,90894702,ORADA ADRIATIC,0.20 kg,ko,6.99,34.95,,3.89,6.49,3858891991085,HRANA
LUK CRVENI,01400528,,1.00 kg,kg,0.84,0.84,,0.84,0.84,3850334386182,HRANA
SLANUTAK VACUM 3X140g VALFRUTTA,01550903,VALFRUTTA,0.14 kg,ko,3.99,28.5,,3.99,3.99,8001440118531,HRANA
VINO PROŠEK HECTOROVICH 0.5L,03020798,HECTOROVICH,0.50 l,ko,25.25,50.5,,25.25,25.25,3859889164191,PIĆE
ČAJ ŠIPAK K 120g MAXI FRANCK,04091136,FRANCK,0.12 kg,ko,2.99,24.92,,2.99,2.99,3858881086081,HRANA
ČOKOL SAMO TI JAGODA 100g,04210002,SAMO TI,0.10 kg,ko,1.15,11.5,,0.79,1.15,3858881065055,HRANA
HIG UL ALWAYS ULT EXT NIGHT DUO 12/1,90084078,ALWAYS P&G,12.00 ko,ko,3,0.25,,2.29,2.29,4015400612469,TOALETNE POTREPŠTINE
KREMA ZA RUKE BEZ MIRISA NEUTROG 75ML,90133630,NEUTROGENA,0.08 l,ko,,52.13,3.91,4.89,4.89,3574660066227,KOZMETIKA
RUČNIK PAP VIOLETA SUPERSOFT 2SL 4/1,90152862,VIOLETA,4.00 ko,ko,1.99,0.5,,1.99,1.99,3870128000094,PROIZVODI ZA KUĆANSTVO
KEKS BREAKFAST DUBLE CHOCOLATE  160g,90167475,BREAKFAST,0.16 kg,ko,,9.31,1.49,1.49,1.89,3856014117886,HRANA
PIVO OŽUJSKO  PET 2 L,90168880,OŽUJSKO,2.00 l,ko,3.65,1.83,,3.02,3.02,3850131001608,PIĆE
ČVARCI 200G SILMA,90169189,SILMA,0.20 kg,ko,3.99,19.95,,3.19,3.99,3859892782009,HRANA
KAŠ LINO KRUŠKA 130G,90184219,LINO,0.13 kg,ko,1.15,8.85,,1.15,1.15,3850104280122,HRANA
FILET SLANIH INĆUNA 75G ARBASOL,90185404,ARBASOL,0.05 kg,ko,4.49,99.78,,3.79,4.49,3859891895045,HRANA
KUHANA HOBOTNICA,90203661,,1.00 kg,kg,27.89,27.89,,16.72,27.89,2670005015255,HRANA
KREMA NIVEA CARE HRANJ 100ML,90212523,NIVEA,0.10 l,ko,,45.4,4.54,4.85,6.49,42269809,KOZMETIKA
WHISKAS SM GOVEDINA 1.4kg,90212539,WHISKAS,1.40 kg,ko,8.99,6.42,,7.09,7.09,5998749129746,PROIZVODI ZA KUĆANSTVO
NAMAZ ČILI 2X50g VEGETARIANA,90215104,VEGETARIANA,0.10 kg,ko,1.89,18.9,,1.89,1.89,3859892560317,HRANA
NAMAZ KON ČILI EKO 2X50g VEGE,90219588,VEGETARIANA,0.10 kg,ko,2.25,22.5,,2.25,2.25,3859892560492,HRANA
SVJEŽE FETTUCCINE 250G AURELIA,90229197,AURELIA,0.25 kg,ko,2.19,8.76,,2.12,2.19,3859892780401,HRANA
VINO PLAVAC 0.75L ZLATAN OTOK,90235868,ZLATAN OTOK,0.75 l,ko,9.35,12.47,,9.35,9.35,3859888437562,PIĆE
ZP PARODONT ULTRA CLEAN 75ML,90253222,PARODONTAX,0.08 l,ko,5.55,74,,2.99,5.55,5054563950499,KOZMETIKA
SIR TVRDI DALMATINAC 200g,90283229,PAŠKI SIR,0.20 kg,ko,5.49,27.45,,5.49,5.49,3859892884352,HRANA
SUNCOKRET SJEM EC OLJUŠ NATURAL 200g,90286924,EUROCOMPANY,0.20 kg,ko,0.89,4.45,,0.89,0.89,3872084010933,HRANA
KAVA MUST RISTRETTO DG 16/1 112g,90288220,MUST,0.11 kg,ko,5.29,47.23,,5.29,5.29,8056370761333,HRANA
JUN POTRBUŠINA SK MARTINJAK,90295404,,1.00 kg,kg,7.99,7.99,,7.99,7.99,3859893702679,HRANA
ŽLOMPRT ISTARSKI NAR MAP 80g,90298109,PISINIUM,0.08 kg,ko,3.49,43.63,,3.39,3.39,3858884931876,HRANA
REGENERATOR ELSEVE HYALURON 200ml,90598610,LOREAL ELSEVE,0.20 l,ko,,16.75,3.35,3.59,4.49,3600524029753,KOZMETIKA
KULEN RAVNI PIVAC,90599502,PIVAC,1.00 kg,kg,15.69,15.69,,15.69,15.69,3858890187144,HRANA
KEKS PETIT MILK CHOCOLATE 138g SAN,90599715,SAN,0.14 kg,ko,1,7.25,,1,1,7622201522001,HRANA
FLIPS BOBI STIX PIZZA 35g,90600010,BOBI,0.04 kg,ko,0.55,15.71,,0.55,0.55,3858891590844,HRANA
MLIJEKO TR LAG JUTRO 3.8% 1L DUKAT,90602732,DUKAT,1.00 l,ko,1.99,1.99,,1.69,1.99,3850354017042,HRANA
KANT SALAMA 100g NAR SORGER,90648542,SORGER,0.10 kg,ko,3.05,30.5,,3.05,3.05,9002055104598,HRANA
JUNEĆA REBRA I PRSA LOVRIĆ,90648705,LOVRIĆ,1.00 kg,kg,7.99,7.99,,7.99,7.99,,HRANA
KEKS INTEG 210g ACTIVE ZONE,90657875,ACTIVE ZONE,0.21 kg,ko,1.69,8.05,,1.69,1.69,3850334009456,HRANA
MJEŠAVINA MEKSIČKA 400g LEDO,90668458,LEDO,0.40 kg,ko,3.49,8.73,,3.49,3.49,3850116053431,HRANA
VIŠNJA 300g LEDO,90668497,LEDO,0.30 kg,ko,2.99,9.97,,2.55,2.99,3850116053554,HRANA
HIG UL ALWAYS UL REG WING LIGHT 40/1,90668669,ALWAYS P&G,40.00 ko,ko,5.44,0.14,,5.44,5.44,8006540211380,TOALETNE POTREPŠTINE
ŠTRUKLI MINUTE 600g,90669338,MINUTE,0.60 kg,ko,3.32,5.54,,3.32,3.32,3850334107237,HRANA
ZP ORAL B PRO DENS PROTECT 75ml,90669771,ORAL B,0.08 l,ko,6,79.98,,6,6,8001090247544,KOZMETIKA
VINO VITAČ TIKVEŠ 1L,90669851,TIKVEŠ,1.00 l,ko,4.15,4.15,,4.15,4.15,5310008006047,PIĆE
VAFL NAPOLITANKA NOUGAT 187g KRAŠ,90672788,KRAŠ,0.19 kg,ko,1.65,8.82,,1.65,1.65,3850102002153,HRANA
NAPITAK ISO SPORT LIMUN GREJP GAZ. 0.5L,90673708,ISO SPORT,0.50 l,ko,1.25,2.5,,1.25,1.25,3850108071665,PIĆE
BUDDY SP MINI 1.5KG SENSITIVE,90674240,BUDDY,1.50 kg,ko,3.99,2.66,,2.99,3.99,3850334019288,PROIZVODI ZA KUĆANSTVO
PROTEIN 1ST WHEY 454g CHOCO HAZELNUT ,90674550,POLLEO,0.45 kg,ko,21.99,48.44,,21.99,21.99,3856026803685,HRANA
SIR POLUTV BIOGAL MELITA 380g,90682849,BIOGAL,0.38 kg,ko,7.39,19.45,,6.63,6.63,3857500129307,HRANA
JUHA SPEC PILE NOODLES 75g INDOMIE,90697948,INDOMIE,0.08 kg,ko,0.66,8.8,,0.66,0.66,089686170047,HRANA
VAFL PRUTIĆI FINESSE LJEŠNJAK 250g,90698067,FINESSE,0.25 kg,ko,1.89,7.56,,1.89,1.89,3850334035967,HRANA
KEČAP BLAGI ST 300g MUTTI,90705097,MUTTI,0.30 kg,ko,2.29,7.63,,2.29,2.29,8005110004674,HRANA
NAMAZ LINO LADA MILK 160g PODRAVKA,90707727,LINO LADA,0.16 kg,ko,2.29,14.31,,2.29,2.29,3856020265106,HRANA
ČOKOLADA ZA JELO I KUH 100g NO GUILT,90707984,NO GUILT,0.10 kg,ko,3.29,32.9,,3.29,3.29,3856024804219,HRANA
UMAK HREN 260g STAKLO ZVIJEZDA,90713489,ZVIJEZDA,0.26 kg,ko,2.15,8.27,,1.59,2.15,3856015328410,HRANA
ČIPS LAY'S  VRHNJE I LUK 130g,90720099,PEPSICO,0.13 kg,ko,2.19,16.85,,1.89,1.89,5900259128409,HRANA
MJEŠ ZAČ ZA PIL PUR 52g SPICE CHEF,90725478,SPICE CHEF,0.05 kg,ko,1.99,38.27,,1.99,1.99,3850334070173,HRANA
DAX RUKAVICE LATEX BEZ PUD M 100/1 ,90725629,DAX,100.00 ko,ko,7.05,0.07,,4.99,7.05,3850334036513,PROIZVODI ZA KUĆANSTVO
INĆUN SL FILET MASL ULJ 100/60g ARBA,90726277,ARBASOL,0.06 kg,ko,8.29,138.17,,8.29,8.29,3859891895441,HRANA
BOMBONI GUM YUMMI GUMMI DONUTS 70g,90729979,ROSHEN,0.07 kg,ko,0.89,12.71,,0.89,0.89,4823077636370,HRANA
ŽVAKAĆE GUME KUGLICE ZUMBIIIZZ 20g,90731795,CHOCCO GARDEN,0.02 kg,ko,0.45,22.5,,0.45,0.45,7898633980881,HRANA
ČIPS PRINGLES ORGINAL XXL 185g,90732267,PRINGLES,0.19 kg,ko,3.49,18.86,,1.99,3.49,5053990167807,HRANA
ČIPS PRINGLES SOUR CR&ONION XXL 185g,90732277,PRINGLES,0.19 kg,ko,3.49,18.86,,1.99,3.49,5053990167845,HRANA
PAPRIKA CRV PEČ 490/300g GURMANO,90732573,GURMANO,0.30 kg,ko,4.19,13.97,,4.19,4.19,5319991599406,HRANA
FELIX PARTY MIX PICNIC 60g,90733359,FELIX,0.06 kg,ko,1.59,26.5,,1.19,1.59,7613034097699,PROIZVODI ZA KUĆANSTVO
PROTEIN PRO WHEY VANILLA RASPB 908g,90734708,POLLEO,0.91 kg,ko,28.99,31.93,,28.99,28.99,3856026801681,HRANA
MUESLI CRUNCH NATU STRAWBERRY/ALMOND 350g,90734967,NATUREL,0.35 kg,ko,,7.4,2.59,2.59,3.59,3858889366659,HRANA
ŠAMPON DAISY KOPRIVA 1L,90735068,DAISY,1.00 l,ko,1.19,1.19,,1.19,1.19,3850334073259,KOZMETIKA
ŠAMPON OLEA PROTIV PRHUTI 300ml,90735072,OLEA,0.30 l,ko,1.29,4.3,,1.29,1.29,3850334073716,KOZMETIKA
DET PERWOLL BLACK 1L=20PR,90745011,PERWOLL,1.00 l,ko,4,4,,4,9.99,9000101810141,SREDSTVA ZA ČIŠĆENJE
OCAT BALZAMSKI BIJELI SPICE CHEF 0.5L,90749785,SPICE CHEF,0.50 l,ko,2.15,4.3,,2.15,2.15,3850334072146,HRANA
NAMAZ FINESSE LJEŠNJAK 750 g,90749836,FINESSE,0.75 kg,ko,4.19,5.59,,4.19,4.19,3838900834633,HRANA
AJVAR GARDEN GOOD BLAGI PREM  290g,90754905,GARDEN GOOD,0.29 kg,ko,3.69,12.72,,3.69,3.69,3850334107862,HRANA
ČIPS DORITOS BARBECUE 90g,90754991,DORITOS,0.09 kg,ko,1.99,22.11,,1.69,1.99,8606017379430,HRANA
MLIJEKO UHT 2.8%MM JUNIOR 0.2L DUKAT,90759876,DUKAT JUNIOR,0.20 l,ko,0.69,3.45,,0.69,0.69,3850354018100,HRANA
VL MARAMICE BECUTAN 99% WATER 56/1,90764659,BECUTAN,56.02 ko,ko,,0.03,1.67,2.39,2.39,5310001253936,TOALETNE POTREPŠTINE
PUDING ČOKOLADA SOFT 150g DUKAT,90764678,DUKAT,0.15 kg,ko,0.89,5.93,,0.89,0.89,3850354018261,HRANA
SLAD KING OBSESSION 450 ml,90764876,KING,0.45 l,ko,6.99,15.53,,6.99,6.99,3850116064475,HRANA
DESERT TORTICA LINO LADA 21 g KRAŠ,90765152,TORTICA,0.02 kg,ko,0.55,26.19,,0.39,0.55,3850102008735,HRANA
ČOKOLADA DORINA KREM LJEŠNJAK 245 g,90765224,DORINA,0.25 kg,ko,4.99,20.37,,3.79,4.99,3850102005758,HRANA
VINO SAINTS HILLS BLACK 0.75L,90765229,SAINTS HILLS,0.75 l,ko,19.05,25.4,,19.05,19.05,3857500066961,PIĆE
BOMBONI MEK SPLASHZ BERRY 120g BAZOOKA,90769657,BAZOOKA,0.12 kg,ko,1.99,16.58,,1.99,1.99,5011053026621,HRANA
SLAD TORTERIE SORBET MANGO 500 ml,90769866,TORTERIE MACARON,0.35 l,ko,6.99,19.99,,6.99,6.99,3859893855689,HRANA
GEL POSL SUNČ AFR SUN ALOE 150ml,90488197,AFRODITA,0.15 l,ko,10.99,73.27,,10.99,10.99,3831070656463,KOZMETIKA
PJENUŠAC TORLEY GALA SEC. 0.75L,90498869,TORLEY,0.75 l,ko,5.99,7.99,,5.99,5.99,5998815750607,PIĆE
ALU PLADANJ F&P 4 PORCIJE 2/1,90513620,FRESH&PACK,1.00 ko,ko,1.59,1.59,,1.59,1.59,3850334395870,PROIZVODI ZA KUĆANSTVO
JOGURT 2.8%MM 500G  PET VINDIJA,90513984,Z BREGOV,0.50 kg,ko,1.55,3.1,,1.55,1.55,3850108037371,HRANA
NAMAZ  PEANUT BUTTER SMOOTH 1000g,90568624,PROSERIES,1.00 kg,ko,11.99,11.99,,11.99,11.99,3858892299623,HRANA
ZP SENSOD HERBAL FRESH 75ml,90571571,SENSODYNE,0.08 l,ko,,62.8,4.71,5.55,5.55,5054563105875,KOZMETIKA
KIKIRIKI MASLAC KREMA 310g NUTZ,90571577,NUTZ,0.31 kg,ko,4.09,13.19,,4.09,4.09,3830075180058,HRANA
WANPY DOG SUŠ. PILETINA I KOŽA 100g,90572826,WANPY,0.10 kg,ko,4.25,42.5,,2.97,4.25,6927749810919,PROIZVODI ZA KUĆANSTVO
PIRE VOĆ. JAB.BOROV. 200g NUTRINO LAB ,90573494,NUTRINO LAB,0.20 kg,ko,2.25,11.25,,2.25,2.25,8606019652968,HRANA
PIRE VOĆ. POWER 200g NUTRINO LAB,90573504,NUTRINO LAB,0.20 kg,ko,2.25,11.25,,2.25,2.25,8606019652920,HRANA
UMAK SLATKO KISELI 400g BEN'S,90574010,BEN’S ORIGINAL,0.40 kg,ko,3.69,9.23,,3.69,3.69,4002359017322,HRANA
DEO NIVEA M BLACK&WHITE POWER 250ml,90597890,NIVEA,0.25 l,ko,,14.36,3.59,5.39,7.19,4005808730735,KOZMETIKA
JUHA MAMINA 60g PODRAVKA,90599356,PODRAVKA,0.06 kg,ko,,18.17,1.09,1.09,1.39,3856020255800,HRANA
STRJELKA SVJ TOTAL FISH,90599720,TOTAL FISH,1.00 kg,kg,6.99,6.99,,4.19,6.99,,HRANA
PEDIGREE DENTASTIX CH CHUNX MAXI 68g,90599853,PEDIGREE,0.07 kg,ko,1.79,26.32,,1.43,1.79,4008429136405,PROIZVODI ZA KUĆANSTVO
BOMBON ŽELE FRUIT JELLIES 300g LIKING,90600696,LIKING,0.30 kg,ko,3.65,12.17,,3.65,3.65,8002415730017,HRANA
CRNI BAKALAR FILET 400g LEDO,90607782,LEDO,0.40 kg,ko,9.99,24.98,,9.99,9.99,3850116048710,HRANA
BOMBON HELF ORIGINAL 40g,90622870,HELF,0.04 kg,ko,0.55,13.75,,0.55,0.55,8605073300341,HRANA
VREĆICA TREGER VELIKA KONZUM,90649569,K PLUS,1.00 ko,ko,0.2,0.2,,0.2,0.2,3850334020765,PROIZVODI ZA KUĆANSTVO
OM ORNEL BABY&SENS ALOE 800ml,90662868,ORNEL,0.80 l,ko,2.95,3.69,,1.99,2.95,3850105181770,SREDSTVA ZA ČIŠĆENJE
VINO PINOT GRIGIO VRH 0.75L ERDUT,90669251,ERDUTSKI VINOGRADI,0.75 l,ko,7.99,10.65,,7.05,7.99,3859889193948,PIĆE
ČOKOLADA MILKA CHOCOLATE MOUSSE 100g,90669863,MILKA,0.10 kg,ko,2.49,24.9,,1.39,2.49,7622210999610,HRANA
FILE BATKA-ZABATKA 500g,90674375,PERUTNINA PT,0.50 kg,ko,4.19,8.38,,4.19,4.19,3850220117517,HRANA
GEL+ŠAMP DJ LUMPI JABUKA 500ML,90674649,LUMPI,0.50 l,ko,1.75,3.5,,1.75,1.75,3838900823996,KOZMETIKA
PAŠTETA PILEĆA GOURMET POLI 95g,90674692,POLI,0.10 kg,ko,1.19,12.53,,1.19,1.19,3838977043839,HRANA
PULLED PORK 500g VAK PIK,90682745,PIK VRBOVEC,0.50 kg,ko,7.45,14.9,,4.69,7.45,3850139130201,HRANA
CAPPUCCINO RITUAL IRISH VR 200g,90683003,RITUAL,0.20 kg,ko,1.95,9.75,,1.95,1.95,8605002356432,HRANA
BRIJAČ WILK XTR 3 BEAUTY 6+2,90703150,WILKINSON,8.00 ko,ko,,0.86,6.84,9.79,9.79,4027800571482,KOZMETIKA
OM LENOR ORCHID 700ml,90703520,LENOR,0.70 l,ko,2,2.86,,2,2,8006540901823,SREDSTVA ZA ČIŠĆENJE
ZP PLIDENTA FAMILY 125ml,90703549,PLIDENTA,0.13 l,ko,2.69,21.52,,1.87,2.69,3856007908651,KOZMETIKA
BAKALAR BIJELI FILET 400g OCEAN,90704395,OCEAN,0.40 kg,ko,7.99,19.98,,7.99,7.99,3850334043573,HRANA
MEDALJONI BROKULA O'PLANT 400g,90704585,O PLANT,0.40 kg,ko,3.99,9.98,,3.99,3.99,3856020261269,HRANA
TIJESTO TAGLIATELLE 203 500g DE CECCO,90704716,DE CECCO,0.50 kg,ko,3.49,6.98,,3.49,3.49,8001250152039,HRANA
PROSECCO CIVA VILLA FOLINI EDRY 0.75L,90705016,CIVA,0.75 l,ko,8.05,10.73,,8.05,8.05,8058333060262,PIĆE
FRUTABELA PROT ČOK/BANA 40g FRUCTA,90705176,FRUTABELA,0.04 kg,ko,1.89,47.25,,1.89,1.89,3838945040426,HRANA
TEKUĆI PEK TROPIC SUN BIOBAZA 250ml,90707466,BIOBAZA,0.25 l,ko,13.29,53.16,,13.29,13.29,3856020909772,KOZMETIKA
SLANINA BARANJSKA 1/2 VAC BELJE,90731256,BELJE,1.00 kg,kg,20.99,20.99,,16.78,20.99,3850257051549,HRANA
OBRAZI GRDOBINE FIORITAL,90731515,FIORITAL,1.00 kg,kg,27.99,27.99,,16.78,27.99,93856024302930,HRANA
PLOČICA PROTEIN KIKIRIKI 40g ROOBAR,90739979,ROOBAR,0.04 kg,ko,2.29,57.25,,1.59,2.29,3800233780611,HRANA
MASKA GLISS REPAIR 400 ml,90749849,GLISS,0.40 l,ko,,15.73,6.29,8.59,8.59,9000101726138,KOZMETIKA
ČEŠNJAK GRANULE 70g SOTINAC,90750971,OPG SOTINAC,0.07 kg,ko,1.39,19.86,,1.39,1.39,3859893718267,HRANA
SIR SVJEŽI DOMAĆI PUNOMASNI 400g PUĐA,90754648,PUĐA,0.40 kg,ko,4.99,12.48,,4.99,4.99,3859893092480,HRANA
AJVAR DOMAĆI LJUTI 550g DOORA,90765141,DOORA,0.55 kg,ko,8.59,15.62,,8.59,8.59,3858894540341,HRANA
FLASTERI CLASSIC 20/1 SEPTONA,90769939,SEPTONA,20.00 ko,ko,1.25,0.06,,1.25,1.25,5201410003208,TOALETNE POTREPŠTINE
TJEST RIGATONI MINI 400g ZLATO POLJE,90769973,ZLATO POLJE,0.40 kg,ko,1.99,4.98,,0.99,0.99,3838700330076,HRANA
KREKER RIŽA MLIJEČNA ČOK BIO ZONE 100 g,90779996,BIO ZONE,0.10 kg,ko,1.45,14.5,,1.45,1.45,3838900820315,HRANA
ČAJ CALM ME 20/1 30g ETS,90824956,ENGLISH TEA SHOP,0.03 kg,ko,4.49,149.67,,4.49,4.49,0680275057840,HRANA
DATULJE SJECKANE BIO 500 g NUTRIGOLD,90825303,NUTRIGOLD,0.50 kg,ko,2.89,5.78,,2.89,2.89,3858891974354,HRANA
VODA FUNKC. RADENSKA IMMUNITY 0.5L,90705872,RADENSKA,0.50 l,ko,1.15,2.3,,1.15,1.15,3830065023075,PIĆE
WHISKAS MM TM IZBOR KUHARA 4x85g,90707529,WHISKAS,0.34 kg,ko,2.75,8.09,,2.19,2.75,4770608262662,PROIZVODI ZA KUĆANSTVO
CRVENA RIŽA PILETINA POVRĆE CHEF 250g,90707849,EUROCHEF,0.25 kg,ko,4.99,19.96,,4.99,4.99,8013554112053,HRANA
MORTADELA S PISTACIJAMA NAR 100g BORGO,90713093,ROVAGNATI,0.10 kg,ko,2.99,29.9,,2.39,2.99,8007141521984,HRANA
ŠAMPON HERBAL ESSENCES ALOE 350 ml,90771276,HERBAL ESSENCES,0.35 l,ko,6.19,17.69,,6.19,6.19,8700216211048,KOZMETIKA
GEL TUŠ DOVE W PETAL SOFT 250 ml,90775034,DOVE,0.25 l,ko,,10.76,2.69,2.99,2.99,8720181471568,KOZMETIKA
BOJA CAMELEO 10.22 ROZO PLAVA 40 ml,90775461,CAMELEO,0.04 l,ko,1.35,33.75,,1.35,1.35,5901350474310,KOZMETIKA
DET VESH WHITE 14/1,90784984,VESH,14.00 ko,ko,7.15,0.51,,7.15,7.15,3870128037267,SREDSTVA ZA ČIŠĆENJE
SALV PALOMA BOŽIĆ WREAT 33X33 20/1,90800086,PALOMA,20.00 ko,ko,2.29,0.11,,2.29,2.29,3838952035545,PROIZVODI ZA KUĆANSTVO
VINO CABER SAUV SANTA LUCIA 0.75 l,90800263,SANTA LUCIA,0.75 l,ko,5.55,7.4,,3.99,3.99,7804661041012,PIĆE
TARTUFI BIJELI MLJEVENI 40 g ZIGANTE,90800756,ZIGANTE,0.09 kg,ko,21.99,244.33,,21.99,21.99,3858891983127,HRANA
SOMAT GOLD 120TAB,90800945,SOMAT,120.05 ko,ko,17.99,0.15,,17.99,19.99,9000101808803,SREDSTVA ZA ČIŠĆENJE
KREKER TWIST KARAMEL LUK 70g ELEPHANT,90809872,ELEPHANT,0.07 kg,ko,,10.71,0.75,0.99,0.99,5949040204328,HRANA
HOT DOG 700 g MINUTE,90810843,MINUTE,0.70 kg,ko,3.49,4.99,,3.49,3.49,3850334415110,HRANA
VINO VRANAC CARSKO 2 L PET,90814796,CARSKO,2.00 l,ko,4.39,2.2,,4.39,4.39,3859892866839,PIĆE
VINO SAUVIGNON ST.JEROME 0.75 L,90824971,ST.JEROME,0.75 l,ko,12.55,16.73,,12.55,12.55,3858893390626,PIĆE
MEDALJONI GLUTEN FREE 600 g VINDIJA,90825184,CEKIN,0.60 kg,ko,,11.67,6.99,8.29,8.29,3850159141126,HRANA
NJOKI SIR I TARTUFI 400 g SPEC MOMENTS,90825564,SPECIAL MOMENTS,0.40 kg,ko,2.59,6.48,,2.19,2.49,3850334420343,HRANA
PROSCIUTTO COTTO 120 g NAR SPECIAL MOMENTS,90825725,SPECIAL MOMENTS,0.12 kg,ko,2.39,19.92,,2.15,2.39,3850334429414,HRANA
SALAMA ZIMSKA 75 g NAR ANDRO,90825824,ANDRO,0.08 kg,ko,2.09,27.87,,2.09,2.09,9002055000388,HRANA
DESERT DOBRA KAŠA 2GO LJEŠ/IND 40g,90826121,DOBRA,0.04 kg,ko,0.89,22.25,,0.89,0.89,8595054908867,HRANA
VODA VITAMIN OSHEE MAG ZERO 0.555 L,90826286,OSHEE,0.56 l,ko,1.69,3.05,,1.69,1.69,5908260253578,PIĆE
BOJA OLIA 110 SUPERLIGTENER,90850087,GARNIER OLIA,1.00 ko,ko,7.59,7.59,,7.19,7.59,3600542601825,KOZMETIKA
LIP BALM LABELLO CORAL 4.8 g,90850407,LABELLO,0.01 kg,ko,3.89,810.42,,3.89,3.89,6001051006168,KOZMETIKA
ANANAS GARDEN GOOD 400 g,90854656,GARDEN GOOD,0.40 kg,ko,2.99,7.48,,2.99,2.99,8605028614882,HRANA
GOURMET MON PETIT GOVEDINA 6x50g,90483303,GOURMET,0.30 kg,ko,3.09,10.3,,2.49,3.09,7613036860444,PROIZVODI ZA KUĆANSTVO
PRŠUT DELIKATES 1/2 DOBRO,90487164,DOBRO,1.00 kg,kg,27.09,27.09,,27.09,27.09,3850133812608,HRANA
MIX BARCAFFE CLASSIC 2U1 VR 16g,90494595,BARCAFFE,0.02 kg,ko,0.29,18.13,,0.29,0.29,3838471038713,HRANA
SENDVIČ PANE AMORE SALAMA SIR 130g,90494893,PANE AMORE,0.13 kg,ko,2.79,21.46,,2.79,2.79,8020693230067,HRANA
GIN SAX GINGER 0.7L,90543202,SAX,0.70 l,ko,10,14.29,,10,10,3850112145048,PIĆE
ČOKOLADA ZA KUH DESSERT MILK 170g,90598888,NESTLE,0.17 kg,ko,5.49,32.29,,3.49,5.49,7613035587793,HRANA
NEG PIĆE FRUC VIŠNJA 1.5L PET,90603179,FRUCTAL,1.50 l,ko,1.75,1.17,,1.32,1.75,3838945040648,PIĆE
AJVAR LJUTI OD PEČENE PAPRIKE 290g PODRAVKA,90623048,PODRAVKA,0.29 kg,ko,5.19,17.9,,5.19,5.19,3856020253745,HRANA
KAVA LUNGO FORTE JULIUS M 10/1 NS 56g,90632791,JULIUS MEINL,0.06 kg,ko,5.29,94.46,,5.29,5.29,9000403933647,HRANA
KAPSULE SREDNJE PRŽ 120.6g ILLY,90657860,ILLY,0.12 kg,ko,11.59,96.1,,11.59,11.59,8003753198149,HRANA
TP ZEWA JUST1 6/1 5SL,90669533,ZEWA,6.00 ko,ko,6.75,1.13,,6.75,6.75,7322541189314,TOALETNE POTREPŠTINE
GAZ PIĆE PIPI MANDARINA-LUBENICA 1.5L ,90674675,PIPI,1.50 l,ko,2.25,1.5,,2.25,2.25,3870183100340,PIĆE
ROZEN KORE 550g MARICA,90675040,MARICA PEKARICA,0.55 kg,ko,3.29,5.98,,3.29,3.29,3859890947042,HRANA
KEČAP BLAGI 1000g SLOVA,90698554,SLOVA,1.00 kg,ko,1.69,1.69,,1.69,1.69,3850334043061,HRANA
PIVO CRAFTER S HOPPY LAGER 0.5L NB,90703595,CRAFTER S,0.50 l,ko,2.49,4.98,,2.49,2.49,3859893368660,PIĆE
TP NORD FLUFFY CLASSIC 140L 3SL 10/1,90705433,NORD,10.00 ko,ko,2.99,0.3,,2.99,2.99,3858894271078,TOALETNE POTREPŠTINE
KAŠICA HIPP BIO SPAG/LEĆ/GRAŠ 250g,90707917,HIPP,0.25 kg,ko,2.25,9,,2.25,2.25,4062300439665,HRANA
KAVA U ZRNU LIM INTESO 250g ILLY,90712811,ILLY,0.25 kg,ko,9.99,39.96,,9.99,9.99,3859893881534,HRANA
PHYSALIS 100 grama,90715103,KONZUM,0.10 kg,ko,1.79,17.9,,1.79,1.79,3859891295074,HRANA
NAPOLITANKE ČOKO/NARANČA 160g JAFFA,90724933,JAFFA,0.16 kg,ko,1.69,10.56,,1.35,1.69,8600114011248,HRANA
MUESLI CRUNCH R&S MED LJEŠ BAD 350g,90726144,RISE&SMILE,0.35 kg,ko,2.19,6.26,,2.19,2.19,3850334045362,HRANA
TUNA CIJELA ŽUVELA,90726534,ŽUVELA,1.00 kg,kg,18.99,18.99,,11.39,18.99,,HRANA
ČOKOLADA LINDT LINDOR PISTACIO 100g,90726679,LINDT,0.10 kg,ko,3.69,36.9,,3.69,3.69,8003340801094,HRANA
LIMUNSKA KISELINA SPICE CHEF 250 g,90734653,SPICE CHEF,0.25 kg,ko,1.69,6.76,,1.69,1.69,3850334071361,HRANA
KORIJANDER MLJEVENI 20 g KOTANYI,90770640,KOTANYI,0.02 kg,ko,1.69,84.5,,1.39,1.69,9001414137260,HRANA
ŠAMPON AFRODITA PROT ISPADANJ 320 ml,90771117,AFRODITA,0.32 l,ko,,16.22,5.19,6.49,6.49,3831070661894,KOZMETIKA
GEL TUŠ DOVE W NOURISH SILK 225 ml,90775053,DOVE,0.23 l,ko,,14.93,3.36,4.49,4.49,8720181457463,KOZMETIKA
REKORD EKO MAGIČNA KRPA 1/1,90775539,REKORD TIM,1.00 ko,ko,1.19,1.19,,1.19,1.19,3859888122222,PROIZVODI ZA KUĆANSTVO
SEZAM BIO ZONE 500 g,90824916,BIO ZONE,0.50 kg,ko,2.99,5.98,,2.49,2.99,3838900841136,HRANA
DESERT NESTLE TRIX 17g,90825739,NESTLE ŽITAR,0.02 kg,ko,0.85,50,,0.83,0.83,5900020045829,HRANA
TORTA SMRZNUTA RED VELVET 600 g,90830085,SLATKO I SLANO,0.60 kg,ko,11.99,20.02,,11.99,11.99,3870218009143,HRANA
VINO ŽLAHTINA SV. LUCIJA 0.75l,90276414,KATUNAR,0.75 l,ko,12.65,16.87,,12.65,12.65,3857500046857,PIĆE
ĐUMBIR KOCKA EUROCOMPANY 150g,90286931,EUROCOMPANY,0.15 kg,ko,1.89,12.6,,1.89,1.89,3872084010919,HRANA
KEKS OREO 66g,90288231,OREO,0.07 kg,ko,1.15,17.42,,1.15,1.15,7622210766175,HRANA
HIPP VOĆ PL BAN/JAB/ZOB 23g,90290056,HIPP,0.02 kg,ko,1.15,50,,0.98,1.15,4062300446052,HRANA
DOMAĆA ISTARSKA KOBASICA PAK,90290768,KONZUM,1.00 kg,kg,7.37,7.37,,5.16,7.37,,HRANA
GEL ZA TUŠIRANJE OLDSPICE WHITEWATER 400ml,90298838,OLD SPICE,0.40 l,ko,,9.35,3.74,4.99,4.99,8700216856812,KOZMETIKA
KAVA ESPRESSO ZRNO 1kg BARCAFFE,90301227,BARCAFFE,1.00 kg,ko,22.99,22.99,,22.99,22.99,3838975531673,HRANA
KAVA MUST RISTRETTO NS 10/1 50g,90307015,MUST,0.05 kg,ko,3.15,63,,3.15,3.15,8056370761036,HRANA
SREDSTVO DAX KUPAONICA 1L,90307572,DAX,1.00 l,ko,1.59,1.59,,1.59,1.59,3850334348333,SREDSTVA ZA ČIŠĆENJE
ORAH INDIJSKI VEDRINI 300g,90307595,VEDRINI,0.30 kg,ko,5.29,17.63,,5.29,5.29,3858889331121,HRANA
SLAD LEDO M6 BOX STAR KORNET 720ml,90310513,LEDO,0.72 l,ko,4.99,6.93,,3.99,3.99,3850116004655,HRANA
NAREZAK POLI CLASSIC 150g PERUTNINA,90316866,POLI,0.15 kg,ko,1.99,13.27,,1.99,1.99,3838977012897,HRANA
LIKER MOZART GOLD CHOC CREAM 0.5L,90324151,MOZART,0.50 l,ko,18.65,37.3,,18.65,18.65,9013100062053,PIĆE
UMAK ZA MESO HOT CHILLI 235 ml CARL KUHNE,90324618,KUHNE,0.24 l,ko,3.49,14.85,,3.49,3.49,40198637,HRANA
GRISSINI RUŽMARIN 125g AMOR DI PANE,90325471,AMOR DI PANE,0.13 kg,ko,1.29,10.32,,1.29,1.29,8005803010371,HRANA
NAMAZ PROTEIN COCOA CREAM 200g,90340913,POLLEO,0.20 kg,ko,5.99,29.95,,5.99,5.99,3859893008801,HRANA
ČAJ MASLAČAK AGRISTAR 50g,90341682,AGRISTAR,0.05 kg,ko,2.59,51.8,,2.59,2.59,3858886504337,HRANA
LIZALICA CHUPA CHUPS SKULL JAG/LIM 15g,90344446,CHUPA CHUPS,0.02 kg,ko,0.59,39.33,,0.47,0.59,6921211114611,HRANA
VREĆICA ZAMR HD 5L 26/1 F&P,90344728,FRESH&PACK,26.00 ko,ko,0.93,0.04,,0.93,0.93,3850334009708,PROIZVODI ZA KUĆANSTVO
JOGURT PROTEIN SKYR  200g VIND,90350353,Z BREGOV,0.20 kg,ko,1.29,6.45,,1.29,1.29,3850108031454,HRANA
BAKLAVA ORAH 500g NUBAKE,90350417,NUBAKE,0.50 kg,ko,4.51,9.02,,2.93,2.93,3859893926082,HRANA
KOMADIĆI TAMNE ČOKOLADE  100g RUF,90360048,RUF,0.10 kg,ko,2.59,25.9,,2.07,2.59,4002809024306,HRANA
ZAČIN GRILL CLASSIC  POSIPAČ 80g VEGETA NATUR,90360872,VEGETA NATUR,0.08 kg,ko,1.99,24.88,,1.49,1.99,3856020227494,HRANA
WHY MASK EYTREME HYDR 2X6ml,90362622,AFRODITA,0.01 l,ko,2.49,207.5,,2.49,2.49,3830001297416,KOZMETIKA
PILEĆI RAŽNJIĆI 400g,90363035,PIKNIK,0.40 kg,ko,5.3,13.25,,4.49,5.3,3838977035131,HRANA
KAŠA RIŽINA KOKOS 60g SUPERFOODS,90364052,SUPERFOODS BY ENCIAN,0.06 kg,ko,1.55,25.83,,1.55,1.55,3858890103434,HRANA
 PAPAR CRNI MLJEV. VR 50g VEGETA MAESTRO,90364221,VEGETA MAESTRO,0.05 kg,ko,2.29,45.8,,1.37,2.29,3850104294822,HRANA
DESERT TWIX BIJELA ČOK 46g,90364585,MARS,0.05 kg,ko,1.09,23.7,,1.09,1.09,5000159556804,HRANA
VREĆICE ZA LED KOCKICE FINO 240/1,90364682,FINO,240.39 ko,ko,1.25,0.01,,1.25,1.25,5201314981022,PROIZVODI ZA KUĆANSTVO
SLAD LEDO M4 KING DOUBLE MINI 240 ml,90370065,KING,0.24 l,ko,5.99,24.96,,5.99,5.99,3850116005973,HRANA
KVASAC SVJEŽI 42g HARMER,90373330,HARMER,0.04 kg,ko,0.35,8.33,,0.35,0.35,42436881,HRANA
AJAX BATHROOM TRIGG 750ml,90377110,AJAX,0.75 l,ko,3.99,5.32,,3.99,3.99,8718951293052,SREDSTVA ZA ČIŠĆENJE
SAKUPLJAČ VLAGE BISON TAB REF NEUTR 2X450g,90382019,BISON,0.90 kg,ko,7.99,8.88,,7.99,7.99,8710439279121,SREDSTVA ZA ČIŠĆENJE
PAPRIKAŠ SVINJSKI 300g GAVRILOVIĆ,90385431,GAVRILOVIĆ,0.30 kg,ko,3.49,11.63,,3.49,3.49,3858892721032,HRANA
OMEKŠIVAČ FROSCH BABY 750ml,90385460,FROSCH,0.75 kg,ko,3.09,4.12,,3.09,3.09,4009175941787,SREDSTVA ZA ČIŠĆENJE
ZOB PLOČ BOBI VOĆE BOROVNICA 90 G MB,90391694,MA BAKER,0.09 kg,ko,1.79,19.89,,1.79,1.79,5034444101349,HRANA
FORTIA JAG/GROŽ/CR RIB 0.5% 1kg TTOP VINDIJA,90401247,FORTIA,1.00 kg,ko,2.69,2.69,,2.19,2.69,3850108032178,HRANA
NAMAZ HUMMUS ITALIANO 200g RIBELLA,90403176,RIBELLA,0.20 kg,ko,2.25,11.25,,1.99,2.25,8606011890030,HRANA
NAMAZ HUMMUS SHIITAKE 200g RIBELLA,90403181,RIBELLA,0.20 kg,ko,2.25,11.25,,1.99,2.25,8606011898883,HRANA
LIKER GOLFER 0.7l GOOD SPIRIT,90404179,GOOD SPIRIT,0.70 l,ko,21.89,31.27,,21.89,21.89,3859893710001,PIĆE
KAVA RISTRETTO INTEN JULIUS M 10/1 NS 56g,90409306,JULIUS MEINL,0.06 kg,ko,5.29,94.46,,5.29,5.29,9000403940300,HRANA
DEO GARNIER MAGNES SPR 150ml,90410191,GARNIER,0.15 l,ko,3,20,,3,3,3600542310437,KOZMETIKA
KEKSI S ČOKOLADOM 200g RISO SCOTTI,90412581,RISO SCOTTI,0.20 kg,ko,2.65,13.25,,2.65,2.65,8001860201424,HRANA
MAJONEZA PRŽENI LUK 85g ZVIJEZDA,90432847,ZVIJEZDA,0.09 kg,ko,1.15,13.53,,0.85,0.85,3856015322180,HRANA
PAŠTETA LOSOS 95g DELAMARIS,90433141,DELAMARIS,0.10 kg,ko,1.89,19.89,,1.89,1.89,3838929551047,HRANA
KAVA LEDENA STARBUCKS FRAPP 250ML,90437980,STARBUCKS,0.25 l,ko,2.85,11.4,,2.85,2.85,5711953136108,HRANA
KAVA ROSSO MACINATO MLJ 250g HAUSBRANDT,90443037,HAUSBRANDT,0.25 kg,ko,4.64,18.56,,4.64,4.64,8080069803110,HRANA
JADRANSKI INĆUN ADRIA MARE 1kg,90453338,ADRIA MARE,1.00 kg,ko,3.69,3.69,,3.19,3.69,3856023604568,HRANA
ČETKICA COLG MAX WH CHARC DUOPACK,90478577,COLGATE,1.00 ko,ko,3.19,3.19,,2.23,3.19,8718951382602,KOZMETIKA
ROLL ON NIVEA M FRESH KICK 50ml,90483722,NIVEA,0.05 l,ko,5.59,111.8,,5.59,5.59,9005800342788,KOZMETIKA
SIRUP DVOJNI C FRUCTAL 1L,90484509,FRUCTAL,1.00 l,ko,2.99,2.99,,2.59,2.59,3838945038904,PIĆE
KEKS PREKRAŠNI PUNJ KAKAOM 220g,90485648,PREKRAŠNI KOLAČIĆI,0.22 kg,ko,2.59,11.77,,1.89,2.59,3850102011230,HRANA
NAPITAK RED BULL KRUŠKA 0.25 L,90810184,RED BULL,0.25 l,ko,1,4,,1,1,90457319,PIĆE
PODLOGA ZA TORTU TAM SWEET CHEF 400g,90810399,SWEET CHEF,0.40 kg,ko,3.49,8.73,,3.49,3.49,8605028611867,HRANA
ČAJ KOPRIVA 20X1.5g NATURAVITA,90824842,NATURAVITA,0.03 kg,ko,2.19,73,,2.19,2.19,3858884090634,HRANA
ŠJORA POKLON PAKET PRASKA,90825277,ŠJORA,1.00 ko,ko,8,8,,8,8,3859894057679,KOZMETIKA
WHITE DAY MARAMICE ZA MRLJE 12/1,90825938,WHITE DAY,12.00 ko,ko,1.99,0.17,,1.99,1.99,8681242204269,SREDSTVA ZA ČIŠĆENJE
SET PANTENE R&P SH400+REG220,90826354,PANTENE,1.00 ko,ko,7,7,,7,7,8700216614696,KOZMETIKA
TAB FINISH ULTIMATE LEMON 120 TAB,90849836,FINISH ADW,120.48 ko,ko,17.99,0.15,,17.99,19.99,5908252010745,SREDSTVA ZA ČIŠĆENJE
KAVA FLORA NS ALU 10/1 55 g BAR,90874747,BARCAFFE,0.06 kg,ko,4.69,85.27,,4.69,4.69,3838471057110,HRANA
CAPP BARCAFFE LJEŠNJAK 8/1 144 g KUT,90874757,BARCAFFE,0.14 kg,ko,3.99,28.5,,3.99,3.99,3838471057172,HRANA
VINO TERAN MATIĆ KV 0.75 L,90874783,MATIĆ VINA,0.75 l,ko,13.05,17.4,,13.05,13.05,3859891681037,PIĆE
PAPIR ZA PEČE LIST 50/1 33X42 ALUFIX,90875145,ALUFIX,1.00 ko,ko,4.99,4.99,,4.99,4.99,5949509002113,PROIZVODI ZA KUĆANSTVO
JOG GRČKI MAL/CHEESECAK 150 g KRAV,90880182,KRAVICA KRALJICA,0.15 kg,ko,1.09,7.27,,1.09,1.09,3856015332578,HRANA
SAPUN L'ANGELICA LAVANDA 100 g,90885486,L ANGELICA,0.10 kg,ko,1.15,11.5,,1.15,1.15,8017331103784,KOZMETIKA
PERLICE LENOR COTTON FRESH 195 g,90886319,LENOR,0.20 kg,ko,7.39,37.9,,7.39,7.39,8700216732178,SREDSTVA ZA ČIŠĆENJE
DOMAĆA KOB SA CRVE PAPR E 200 g VP  ,90886929,MEDVEN,0.20 kg,ko,3.69,18.45,,2.89,3.69,3859893544651,HRANA
KREMA NIVEA SUN SPF50+ 100 ml,90887289,NIVEA,0.10 l,ko,,74.7,7.47,10.69,10.69,42361114,KOZMETIKA
BRAŠNO KUKURUZNO 1 kg TENA,90890153,TENA,1.00 kg,ko,1.49,1.49,,1.49,1.49,3858887101740,HRANA
SENF AMERICANO TUBA 190 g THOMY,90890357,THOMY,0.18 kg,ko,,9.39,1.69,2.29,2.29,8445290992864,HRANA
KRASTAVAC,01405646,,1.00 kg,kg,1.29,1.29,,0.69,1.89,3850334173409,HRANA
NAMAZ VOĆ JAGODA 284g DALFOUR,01465024,ST DALFOUR,0.28 kg,ko,4.64,16.34,,4.64,4.64,3492390007443,HRANA
ŠAMPINJONI REZANI 115g PODRAVKA,01600117,PODRAVKA,0.12 kg,ko,1.59,13.83,,1.59,1.59,3850104257841,HRANA
VRAT DIMLJ K PLUS BK 1/2 VAC,02015902,K PLUS,1.00 kg,kg,9.79,9.79,,6.49,9.79,3850139285512,HRANA
CRIJEVO KOLAGENO FI 55MM CROMA,02032092,CROMA,1.00 ko,ko,1.75,1.75,,1.75,1.75,3859890197751,HRANA
SIR TVRDI RIB PAŠKI 40g PAŠKA,02055625,PAŠKA SIRANA,0.04 kg,ko,0.93,23.25,,0.93,0.93,3859889426138,HRANA
MASLAC 250g MEGGLE,02180312,MEGGLE,0.25 kg,ko,4.59,18.36,,4.59,4.59,4034900004932,HRANA
PATARAČA III SVJ MEDUZA,02195285,,1.00 kg,kg,2.59,2.59,,1.55,2.59,,HRANA
LOKARDA SVJ FIORITAL,02197509,,1.00 kg,kg,3.29,3.29,,1.97,3.29,93856024300882,HRANA
ŠARUN KOĆA SVJ CENTAURUS,02197770,,1.00 kg,kg,2.79,2.79,,1.67,2.79,,HRANA
BRANCIN LLLL SVJ CROMARIS,02199585,CROMARIS,1.00 kg,kg,16.59,16.59,,9.95,16.59,,HRANA
SLAD TWICE JAG VAN ČOK 1.7L LEDO,02351092,TWICE,1.70 l,ko,,2.11,3.59,4.49,4.49,3850116768441,HRANA
JUN KOLJENICA BK PAK PIK III KAT,02410135,PIK VRBOVEC,1.00 kg,kg,11.99,11.99,,8.39,11.99,3850139101355,HRANA
PIVO BAVARIA 0.25L BEZALK NB,03040047,BAVARIA,0.25 l,ko,1.19,4.76,,1.19,1.19,87316667,PIĆE
PELINKOVAC 28% 1L ZVEČEVO,03074102,ZVEČEVO,1.00 l,ko,10.79,10.79,,10.79,10.79,3858894170920,PIĆE
OCAT ALKOHOLNI 5L KISKO,03120042,KISKO,5.00 l,ko,5.59,1.12,,5.59,5.59,3850164310197,HRANA
KAŠICA HIPP BANA BRESK JAB 190g,03140014,HIPP,0.19 kg,ko,1.69,8.89,,1.69,1.69,9062300134251,HRANA
NEKTAR MULT JUICY 1L LIGHT,03140395,JUICY,1.00 l,ko,1.99,1.99,,1.49,1.99,3858890970364,PIĆE
NEKTAR NARANČA TO 1L,03160267,TO,1.00 l,ko,1.89,1.89,,1.59,1.89,3858890973006,PIĆE
SOK PEPSI COLA 0.33L LIM,03167267,PEPSI,0.33 l,ko,0.99,3,,0.85,0.85,3830065022566,PIĆE
ULJE MASLINOVO EX DJEV MONINI 1L,03212202,MONINI,1.00 l,ko,12.99,12.99,,8.99,12.99,80053835,HRANA
KRUH POLUBIJELI 700g MLINAR,04010004,MLINAR,0.70 kg,ko,1.04,1.49,,1.04,1.04,3858881122611,HRANA
BRAŠNO OŠTRO T-400 1kg PODRAVKA,04030162,PODRAVKA,1.00 kg,ko,0.83,0.83,,0.83,0.83,3850104223631,HRANA
PAPRIKA SLATKA 200g ŠAFRAM,04100378,ŠAFRAM,0.20 kg,ko,3.32,16.6,,3.32,3.32,3859888163072,HRANA
VAFL NAPOLITANKA VOĆNA 420g,04155567,KRAŠ,0.42 kg,ko,,5.45,2.29,2.29,3.19,3850102326235,HRANA
JUHA KOKOŠJA BISTRA S TJEST 52g PODR,04169012,PODRAVKA,0.05 kg,ko,0.89,17.12,,0.89,0.89,3850104252518,HRANA
MUESLI TAMNA ČOKOLADA 375g DR OETKER,04171123,VITALIS,0.38 kg,ko,4.19,11.17,,4.19,4.19,4000521002954,HRANA
GUSTIN 200g DR OETKER,04180015,DR OETKER,0.20 kg,ko,1.89,9.45,,1.29,1.89,5997381343664,HRANA
KREMA ZA KREMŠNITE 230g DOLCELA,04180206,DOLCELA,0.23 kg,ko,2.99,13,,2.99,2.99,3850104075810,HRANA
ČOKOLADA RIKI S RIŽOM  300g KANDIT,04210441,RIKI,0.30 kg,ko,5.69,18.97,,3.39,5.69,3858881040472,HRANA
ČOKOLADA KINDER 50g T4,04221351,FERRERO,0.05 kg,ko,1.09,21.8,,0.87,1.09,80177609,HRANA
BOMBONJERA MERCI 400g,04251538,MERCI,0.40 kg,ko,13.99,34.98,,13.99,13.99,4014400900217,HRANA
TAMPONI OB PRO COM NORMAL 32,06500266,OB,32.00 ko,ko,6.89,0.22,,6.89,6.89,3574661485218,TOALETNE POTREPŠTINE
GEL TUŠ K PLUS OLEA MI&HO 300ml,06520183,OLEA,0.30 l,ko,1.19,3.97,,1.19,1.19,3850334103215,KOZMETIKA
GEL TUŠ FAZZ CLASSIC 400 ML,06521421,FELCE AZZURA,0.40 l,ko,2.85,7.13,,2.85,2.85,8001280013973,KOZMETIKA
BOJA PALETTE ICC RFE3   0187,06540423,PALETTE ICC,1.00 ko,ko,,3.49,3.49,3.49,3.49,3838824159850,KOZMETIKA
INSTANT JACOBS CRONAT GOLD 150g,90051674,JACOBS,0.15 kg,ko,8.99,59.93,,8.99,8.99,8711000578094,HRANA
PAŠTETA JETRENA 100g ASCOMMERCE,90058329,ASCOMMERCE,0.10 kg,ko,0.69,6.9,,0.69,0.69,3858881333857,HRANA
JUHA KREM OD GLJIVA 54g PODRAVKA,90160136,PODRAVKA,0.05 kg,ko,1.39,25.74,,1.09,1.39,3850104274596,HRANA
SRED FROSCH UNIV KUHINJA 500ml,08034514,FROSCH,0.50 l,ko,3.05,6.1,,2.13,3.05,4009175953674,SREDSTVA ZA ČIŠĆENJE
ARF TEPIHEL 750ml       1944,08035403,ARF,0.75 l,ko,3.29,4.39,,2.59,3.29,3850105111944,SREDSTVA ZA ČIŠĆENJE
ŠAMPON H&S APPLE 400ml,90041246,HEAD&SHOULDE,0.40 l,ko,6.69,16.73,,3.29,6.69,5410076659456,KOZMETIKA
DESERT M&M CHOCO 200g,90059738,MARS,0.20 kg,ko,4.49,22.45,,4.49,4.49,5900951141638,HRANA
PECIVO K PLUS LIZIKA 1/1 150g,90059790,K PLUS,0.15 kg,ko,0.79,5.27,,0.65,0.79,3850334343604,HRANA
KEKS CHOCO MINIS 150g MILKA,90060897,MILKA,0.15 kg,ko,2.25,15,,1.57,2.25,7622300441715,HRANA
KREKER TUC ORIGINAL SLANI 100g,90063038,TUC,0.10 kg,ko,1.15,11.5,,0.79,1.15,5410041435702,HRANA
MARAMICE VL K PLUS DAX PODOVI 15/1,90064083,DAX,15.00 ko,ko,1.99,0.13,,1.25,1.99,3850334520081,SREDSTVA ZA ČIŠĆENJE
VINO MERLOT VRH. 0.75 L BLATO 1902,90065919,BLATO 1902,0.75 l,ko,11.59,15.45,,11.59,11.59,3859888154155,PIĆE
VINO KAPISTAN ILOK 0.187 L,90067182,ILOČKI PODRUMI,0.19 l,ko,2.29,12.25,,2.29,2.29,3859892149291,PIĆE
SLADILO MEDNO COFFEEMED PIP 5g,90067673,PIP,0.01 kg,ko,0.14,28,,0.14,0.14,3858886102298,HRANA
NEGAZ PIĆE CAPPY PULPY NAR 0.33L,90068305,CAPPY PULPY,0.33 l,ko,1.69,5.07,,1.69,1.69,54027596,PIĆE
FRISKIES SP JUNIOR PIL 2.4kg,90068412,FRISKIES,2.40 kg,ko,8.99,3.75,,6.39,6.39,7613034232205,PROIZVODI ZA KUĆANSTVO
ŠKAMP III SVJ LIBURNIJA,90074537,,1.00 kg,kg,20.89,20.89,,12.53,20.89,,HRANA
ŠAMPON PALM 2U1 ALL HAIR 350ml,90077204,PALMOLIVE,0.35 l,ko,,7.11,2.49,3.89,3.89,8718951577008,KOZMETIKA
INĆUNA FILET SLANI 160g S ULJ ARBASOL,90082417,ARBASOL,0.10 kg,ko,9.19,91.9,,9.19,9.19,3859891895175,HRANA
MINI MUFFINI 250g DR OETKER,90083175,DR OETKER,0.25 kg,ko,3.79,15.16,,3.79,3.79,5997381353960,HRANA
REFILL SCHOLL ZA UKLANJ TVRDE KOŽE,90083534,SCHOLL,0.50 ko,ko,3,6,,3,3,5052197023664,KOZMETIKA
TUNA ODREZAK FIORITAL,90096951,,1.00 kg,kg,15.99,15.99,,9.59,15.99,,HRANA
MLIJEČNI DESERT KINDER MAXI 3 PACK,90140867,FERRERO,0.11 kg,ko,2.19,20.86,,2.19,2.19,4008400551920,HRANA
SVINJSKI FILE VAC,90144266,PIK VRBOVEC,1.00 kg,kg,,7.69,7.69,5.38,5.38,3850139540925,HRANA
VINO OD VIŠNJE INCANTO 0.75L,90145281,INCANTO,0.75 l,ko,14.95,19.93,,14.95,14.95,3859891772117,PIĆE
SABLJARKA CIJELA,90151820,,1.00 kg,kg,17.59,17.59,,10.55,17.59,,HRANA
BOJA EXCELLENCE 8.12,90154977,LOREAL EXCELLANCE,1.00 ko,ko,,6.69,6.69,8.59,8.99,3600523724949,KOZMETIKA
KREMA LOREAL REVITALIFT FILLER 50ML,90155007,LOREAL,0.05 l,ko,20.49,409.8,,19.49,20.49,3600523550746,KOZMETIKA
VOĆNI NAMAZ MJEŠ VOĆE 500G PODRAVKA,90157663,PODRAVKA,0.50 kg,ko,2.99,5.98,,2.99,2.99,3850104273537,HRANA
ČOK MILKA BUBBLY WHITE 95G,90160850,MILKA,0.10 kg,ko,2.49,26.21,,1.39,2.49,7622210371706,HRANA
ČOK MILKA BUBBLY MILK 90G,90160854,MILKA,0.09 kg,ko,2.49,27.67,,1.39,2.49,7622210371638,HRANA
ORAH GROŽĐICE SEEBERGER MIX 150g,90222656,SEEBERGER,0.15 kg,ko,3.29,21.93,,3.29,3.29,4008258154229,HRANA
MLIJEKO ČOKOL 0.5L KEKS BOCA DUKAT,90230787,DUKAT,0.50 l,ko,1.69,3.38,,1.39,1.39,3850354006893,HRANA
MALA TULUMBA 500G SUNDAY,90251681,SUNDAY,0.50 kg,ko,4.44,8.88,,4.44,4.44,5319990443502,HRANA
BISCOTTI 750G SUNDAY,90251687,KOLID,0.75 kg,ko,5.97,7.96,,5.97,5.97,5319990443618,HRANA
PAPAR CRNI MLJEVENI VR VEGETA MAESTRO 100 g,90282084,VEGETA MAESTRO,0.10 kg,ko,3.59,35.9,,2.15,3.59,3850104294617,HRANA
GRILL ĆEVAPČIĆI 600g PIK,90288291,PIK VRBOVEC,0.60 kg,ko,5.09,8.48,,3.56,5.09,3850139445091,HRANA
SIR TVRDI KRAVLJI 1/4 PARMILETA,90293775,PARMILETA,1.00 kg,kg,,10.99,10.99,10.99,14.99,3858890183122,HRANA
TIJESTO SPAGHETTI 400g GRANO DORO,90296096,GRANO DORO,0.40 kg,ko,0.8,2,,0.6,0.8,3850334349804,HRANA
TIJESTO SPIRALI 400g  GRANO DORO,90296108,GRANO DORO,0.40 kg,ko,0.8,2,,0.6,0.8,3850334349828,HRANA
KEKS MINI KAKAO RIŽA 120g MISURA,90296299,MISURA,0.12 kg,ko,1.46,12.17,,1.46,1.46,8002590045654,HRANA
REGENERATOR BOTANIC THERAPY RICINUS 200ml,90310804,BOTANIC THERAPY,0.20 l,ko,,13.45,2.69,3.59,3.59,3600542114448,KOZMETIKA
KAVA BARCAFFE ESPRESSO CREMOSO 250g,90363527,BARCAFFE,0.25 kg,ko,6.49,25.96,,6.49,6.49,3838471037662,HRANA
TUNA SALATA CUS CUS 210/160g OCEAN,90372970,OCEAN,0.16 kg,ko,2.25,14.06,,2.25,2.25,3850334189066,HRANA
VL MARAMICE PAMPERS FRESH CLEAN 80/1,90385489,PAMPERS,80.00 ko,ko,2.59,0.03,,2.59,2.59,8001841077598,TOALETNE POTREPŠTINE
KOBASICA ROŠTILJ DIVLJAČ 320g LOVSKI,90406642,LOVSKI,0.32 kg,ko,5.25,16.41,,3.21,5.25,3859893534218,HRANA
TOAST CLASSIC 750g TVOJIH 5 MINUTA,90299548,TVOJIH 5 MIN,0.75 kg,ko,2.65,3.53,,2.65,2.65,8606018730476,HRANA
MLIJEKO ZAMJ APTAMIL 3 PRONUTRA 800g,90303525,APTAMIL,0.80 kg,ko,20.49,25.61,,20.49,20.49,4056631001264,HRANA
PISTACIO U LJUSCI SLANI 140g EUROCOMPANY,90303705,EUROCOMPANY,0.14 kg,ko,3.79,27.07,,3.79,3.79,3872084009739,HRANA
KAVA LAVAZZA CREME E GUSTO 250g,90306718,LAVAZZA,0.25 kg,ko,7.15,28.6,,7.15,7.15,8000070038769,HRANA
JUN LOPATICA BK MARTINJAK MHF,90308781,,1.00 kg,kg,12.99,12.99,,12.99,12.99,3859893702419,HRANA
CAPP ARABESCA IRISH 200g,90308841,ARABESCA,0.20 kg,ko,2.99,14.95,,2.99,2.99,3858886804154,HRANA
STICK REXONA W ANTIBACTERIAL + INVISIBLE 40ml,90310957,REXONA,0.04 l,ko,3,75,,3,3,87340655,KOZMETIKA
EKSTRA DŽEM OD SUHE SMOKVE  240 G,90179577,MARINA,0.24 kg,ko,3.69,15.37,,3.69,3.69,3859888295261,HRANA
VISKI CHIVAS REGAL EXTRA 0.7 LIT,90186137,CHIVAS REGAL,0.33 l,ko,44.55,135,,44.55,44.55,5000299611104,PIĆE
VODICA MICEL NIVEA NORM KOŽA 400ML,90264156,NIVEA,0.40 l,ko,,14.98,5.99,8.69,8.69,9005800299907,KOZMETIKA
SKUŠA NATURALE 102G RIO MARE,90268341,RIO MARE,0.10 kg,ko,5.09,49.9,,5.09,5.09,8004030622005,HRANA
VINO POŠIP MILINA VRH 0.75l,90279495,MILINA,0.75 l,ko,12.05,16.07,,12.05,12.05,3857000002261,PIĆE
HRANA ZA KUNIĆE CRISPY 400G,90280195,VERSELE LAGA,0.40 kg,ko,1.99,4.98,,1.99,1.99,5410340616970,PROIZVODI ZA KUĆANSTVO
VL MARAMICE BABY 56/1 VIOLETA 99% WATER,90280239,VIOLETA,55.56 ko,ko,2.55,0.05,,2.55,2.55,3870128012677,TOALETNE POTREPŠTINE
ORAH BRAZILSKI EUROCOMPANY 125g,90286917,EUROCOMPANY,0.13 kg,ko,3.29,26.32,,3.29,3.29,3872084007926,HRANA
VOD ZA USTA GEN COLD MINT ANTIBAC (PLA) 500ml,90297906,GENERA,0.50 l,ko,2.39,4.78,,1.89,2.39,8003693401606,KOZMETIKA
KAVA DOLCE GUSTO CHOCOCI 16/1 256g,90297974,DOLCE GUSTO,0.26 kg,ko,6.49,25.35,,5.29,6.49,7613035690660,HRANA
PRSNI VRŠCI RFZ MM,90303486,MM,1.00 kg,kg,7.99,7.99,,7.99,7.99,3859893170843,HRANA
BOJA SYOSS OLEO 8-60 MEDENO PLAVA,90310722,SYOSS OLEO,1.00 ko,ko,,6.49,6.49,6.49,7.99,9000101086652,KOZMETIKA
BBQ KOBASICA 400g RAWSTILJ,90317232,RAW ŠTILJ,0.40 kg,ko,3.25,8.13,,1.74,3.25,3850139442175,HRANA
KRUH SA SJEMENKAMA 410g MLINAR,90339890,MLINAR,0.41 kg,ko,1.75,4.27,,1.75,1.75,3858889890567,HRANA
GEL TUŠ L'ANGELICA ARGAN 500ml,90341637,L ANGELICA,0.50 l,ko,3.25,6.5,,1.99,3.25,8017331077122,KOZMETIKA
VODKA VIGOR ORIGINAL 0.7L,90365090,VIGOR,0.70 l,ko,9.05,12.93,,9.05,9.05,3850112142115,PIĆE
PITA S JABUKAMA 500g K PLUS,90366020,K PLUS,0.50 kg,ko,3.98,7.96,,3.98,3.98,3850334189233,HRANA
VINO ORAHOVICA GRAŠ KV 0.75L,90380620,PP ORAHOVICA,0.75 l,ko,5.55,7.4,,5.55,5.55,3859888114043,PIĆE
KOKOS BRAŠNO 200g SWEET CHEF,90389189,SWEET CHEF,0.20 kg,ko,0.89,4.45,,0.79,0.79,3838900987803,HRANA
DET PUR ALOE VERA 750ml,90401870,PUR,0.75 l,ko,,2.39,1.79,1.79,1.79,9000101386745,SREDSTVA ZA ČIŠĆENJE
BLAZINICE JASMIN NATURE SENSITIVE 100/1,90402279,JASMIN,100.00 ko,ko,1.99,0.02,,1.99,1.99,3838985884721,TOALETNE POTREPŠTINE
ULJE OD KOKOSA BEZ MIRISA 1000ml ENCIAN,90403166,ENCIAN,1.00 l,ko,7.99,7.99,,7.99,7.99,3858890103847,HRANA
KREMA ZA STOP EVELINE REVIT 75ml,90403236,EVELINE,0.08 l,ko,,29.87,2.24,2.99,2.99,5901761967944,KOZMETIKA
SIRUP OD LAVANDE 500ml,90404093,AGROPOSTA,0.50 l,ko,5.69,11.38,,5.69,5.69,3859892734718,PIĆE
SRED LABPRO DEZINFICIJENS 650ml,90406372,LABPRO,0.65 l,ko,5.29,8.14,,5.29,5.29,3850111755132,SREDSTVA ZA ČIŠĆENJE
PRSA PUREĆA U OVITKU PIK,90409797,PIK,1.00 kg,kg,13.69,13.69,,10.99,10.99,3850139520460,HRANA
ZP PLID TOT WH 75ml,90423058,PLIDENTA,0.08 l,ko,2.65,35.33,,1.85,2.65,3856007908088,KOZMETIKA
POMMES FRITES BATAT MINUTE 500g,90478441,MINUTE,0.50 kg,ko,2.99,5.98,,1.99,2.99,3858884500072,HRANA
Papar šareni. sa kor..čili. papr. Mlin. 35g. Kotanyi,90478829,KOTANYI,0.04 kg,ko,4.39,125.43,,3.98,4.39,9001414643969,HRANA
KULEN KVRGAVI 1/2 K PLUS,90484270,K PLUS,1.00 kg,kg,22.99,22.99,,16.99,16.99,3850334387776,HRANA
VINO CHARDONNAY TERRA VINEA 0.75L,90528197,TERRA VINEA,0.75 l,ko,4.99,6.65,,3.25,4.99,3850334519658,PIĆE
ČAJ TURMERIC CHAI ORGANIC 34g YOGI TEA,90568288,YOGI TEA,0.03 kg,ko,3.69,108.53,,3.69,3.69,4012824404168,HRANA
JAJE S BOMBONIMA BIP MIX 10g,90570244,BIP,0.01 kg,ko,1.33,133,,1.33,1.33,8714786284159,HRANA
SAPUN LAHOR AQUA 80g,90571740,LAHOR,0.08 kg,ko,0.89,11.13,,0.89,0.89,3850105177193,KOZMETIKA
SMOOTHIE MINUTE ENERGY MIX 250ml,90577878,MINUTE,0.25 l,ko,1.85,7.4,,1.85,1.85,3838900807088,PIĆE
PITA ZELJANICA JAMI 900g,90593678,JAMI,0.90 kg,ko,3.99,4.43,,3.19,3.99,3871832018214,HRANA
DEO NIVEA Ž PROTECT&CARE 250ml,90597882,NIVEA,0.25 l,ko,,14.36,3.59,5.39,7.19,5900017048642,KOZMETIKA
STICK OLD SPICE NIGHT PANTHER 50ml,90598666,OLD SPICE,0.05 l,ko,,74.8,3.74,4.99,4.99,8700216884617,KOZMETIKA
GEL TUŠ OLD SPICE NIGHT PANT 400ml,90598830,OLD SPICE,0.40 l,ko,,9.35,3.74,4.99,4.99,8700216875615,KOZMETIKA
GEL TUŠ/KOSA BIOB SILKY COMF 400ml,90599128,BIOBAZA,0.40 l,ko,,9.45,3.78,5.05,5.05,3856020908300,KOZMETIKA
SIR ZRNATI NATUR 180g MEGGLE,90600681,MEGGLE,0.18 kg,ko,1.79,9.94,,1.79,1.79,8594007096033,HRANA
BOMBON SWEETLY VOĆ KARAMEL 350g LIKING,90600691,LIKING,0.35 kg,ko,3.09,8.83,,3.09,3.09,8002415500153,HRANA
NEKTAR HAPPY DAY FAMILY BRESKVA 1L,90607760,HAPPY DAY,1.00 l,ko,2.29,2.29,,2.29,2.29,9008700181747,PIĆE
MG CIT COMPLEX 20 KAP MULTIVITA,90623364,MULTIVITA,20.00 ko,ko,5.49,0.27,,5.49,5.49,3858881248908,HRANA
ALTROKE BURGER 100% ANGUS 150g VP ,90633036,ALTROKE,0.15 kg,ko,2.93,19.53,,2.05,2.93,3858894290567,HRANA
MASKA LICE AURORA 7 HEAVEN MAČKA,90648966,7TH HEAVEN,1.00 ko,ko,3.05,3.05,,3.05,3.05,083800047857,KOZMETIKA
MASKA LICE AURORA 7 HEAVEN PANDA,90648975,7TH HEAVEN,1.00 ko,ko,3.05,3.05,,3.05,3.05,083800047840,KOZMETIKA
VAFL ČOKOLADA BŠ 60g GULLON,90652788,GULLON,0.06 kg,ko,,11.83,0.71,1.19,1.19,8410376058826,HRANA
KIFLICE KOKOS 225g FANOLA,90670198,FANOLA,0.23 kg,ko,2.65,11.78,,2.65,2.65,3859888257672,HRANA
NAPITAK ISO SPORT MAND YUZU NEG. 0.5L ,90672906,ISO SPORT,0.50 l,ko,1.39,2.78,,1.39,1.39,3850108078480,PIĆE
RAJČICA KONC TUBA 200g GARDEN GOOD,90673742,GARDEN GOOD,0.20 kg,ko,1.39,6.95,,1.39,1.39,3838900825112,HRANA
KRUH POLUBIJELI 700g KLARA,90675402,KLARA,0.70 kg,ko,1.04,1.49,,1.04,1.04,3858881320291,HRANA
KAVA ESPRESSO ZRNO CLAS 500g FRANCK,90707102,FRANCK,0.50 kg,ko,12.69,25.38,,12.69,12.69,3850291054001,HRANA
POSLASTICA TEKUĆA GOV.I M.TRAVA 90g,90707362,VITAKRAFT,0.09 kg,ko,2.99,33.22,,2.99,2.99,4008239235213,PROIZVODI ZA KUĆANSTVO
WHISKAS MM KLASIČNI IZBOR 12x85g,90707531,WHISKAS,1.02 kg,ko,8.69,8.52,,6.99,8.69,4008429155987,PROIZVODI ZA KUĆANSTVO
RAMA CLASSIC S MASLACEM 400g,90707912,RAMA,0.40 kg,ko,1.99,4.98,,1.99,1.99,8719200114999,HRANA
SIR NAM PHILADELPHIA ZAČINI 175g KRAFT,90707937,PHILADELPHIA,0.18 kg,ko,3.49,19.94,,3.49,3.49,7622300756413,HRANA
KAŠA ZOB LJEŠ/ČOKOLADA 65g DOBRA,90713363,DOBRA,0.07 kg,ko,0.99,15.23,,0.99,0.99,8595054908188,HRANA
PALENTA INSTANT K PLUS 500g,90725553,K PLUS,0.50 kg,ko,0.89,1.78,,0.89,0.89,3850334063120,HRANA
MUESLI RISE&SMILE CLASSIC 750g,90726177,RISE&SMILE,0.75 kg,ko,2.85,3.8,,2.85,2.85,3850334045522,HRANA
STAKLO VIOLETA FRE 750ml+SYMP 750ml,90726435,VIOLETA,1.50 l,ko,2.49,1.66,,2.49,2.49,3870128037625,SREDSTVA ZA ČIŠĆENJE
TORTELINI SA SIROM 250g MINUTE,90729780,MINUTE,0.25 kg,ko,1.59,6.36,,1.25,1.59,3850334053909,HRANA
TORTELINI S PRŠUTOM 250g MINUTE,90729783,MINUTE,0.25 kg,ko,1.59,6.36,,1.25,1.59,3850334053862,HRANA
KREMA MELEM RUKE VITAMIN 50ml,90730126,MELEM,0.05 l,ko,,53.8,2.69,2.63,3.29,3856007910913,KOZMETIKA
TUNA ODREZAK 250g WOFCO,90730929,WOFCO,0.25 kg,ko,5.99,23.96,,4.29,5.99,8436565912380,HRANA
VREĆICE ZA NAMIRNICE FINO 3L 50/1,90732203,FINO,50.00 ko,ko,1.26,0.03,,1.26,1.26,5201314909040,PROIZVODI ZA KUĆANSTVO
PIRE VOĆ COCOA ANYWAY 180g NUTRINO LAB,90734841,NUTRINO LAB,0.18 kg,ko,2.25,12.5,,2.25,2.25,8606019653675,HRANA
PAHULJICE ZOBENE NATURAL 350g,90739728,DOBRA,0.30 kg,ko,2.99,9.97,,2.99,2.99,8595054907723,HRANA
ŠAMPON AFR GINSENG 1L,90744868,AFRODITA,1.00 l,ko,3.49,3.49,,3.49,3.49,3831070658061,KOZMETIKA
DET PERSIL COLOR 40TAB,90744925,PERSIL,40.00 ko,ko,23.99,0.6,,23.99,23.99,9000101599497,SREDSTVA ZA ČIŠĆENJE
KOLAČ PITA JABUKA 6/1 470g,90745540,KATA,0.47 kg,ko,7.99,17,,5.99,7.99,3859893454967,HRANA
SIR TOPLJ LIST CHEDDAR DELISO 200g,90750917,DELISO,0.20 kg,ko,1.85,9.25,,1.85,1.85,3850334082664,HRANA
ČIPI ČIPS ULTRA SLANI 120 g,90751048,ČIPI ČIPS,0.12 kg,ko,2.19,18.25,,1.89,2.19,3856021306587,HRANA
PECIVO ČAJNO KLORELA NAR BŠ 125g DELICIA,90754806,DELICIA,0.13 kg,ko,3.49,27.92,,3.49,3.49,3859889106160,HRANA
VINO SLATKI MUŠKAT KOPER 0.75L,90759788,VINA KOPER,0.75 l,ko,10.69,14.25,,10.69,10.69,3830000700337,PIĆE
VINO MERLOT 2L,90759880,VINOLOG,2.00 l,ko,4.75,2.38,,3.55,4.75,3859894187147,PIĆE
SLAD KING MAJESTIC 450ml,90764869,KING,0.45 l,ko,6.99,15.53,,6.99,6.99,3850116064505,HRANA
SLAD FERRERO ROCHER 4x70 ml,90769694,ROCHER,0.20 l,ko,8.29,41.45,,8.29,8.29,8000500363539,HRANA
CHILLY DELICATE MARAMICE 12/1,90769705,CHILLY,12.00 ko,ko,2.99,0.25,,2.99,2.99,8002410034509,TOALETNE POTREPŠTINE
KEKS JIMMY ČOKOLADA 145g,90770539,JIMMY FANTASTIC,0.15 kg,ko,2.69,18.55,,2.69,2.69,8600939843468,HRANA
GEL ZA BRIJANJE AFRODITA MEN 150 ml,90771302,AFRODITA,0.15 l,ko,3,20,,3,3,3831070660385,KOZMETIKA
MC MP PIL RAJČ MAHUNE 405 g,90774797,MIGLIOR,0.41 kg,ko,1.19,2.94,,1.19,1.19,8007520027229,PROIZVODI ZA KUĆANSTVO
PLATA ROYAL ZAGABRIA 1150 g PLATA DO VRATA,90774883,PLATA DO VRATA,1.15 kg,ko,45.5,39.56,,42.5,42.5,3859894230256,HRANA
DEO REXONA W BRIGHT BOUQET 150 ml,90774984,REXONA,0.15 l,ko,5.29,35.27,,3.89,5.29,8720181450396,KOZMETIKA
REKORD EKO SPUŽVA AGAVE 2/1,90775514,REKORD TIM,2.00 ko,ko,1.19,0.6,,1.19,1.19,3858882683999,PROIZVODI ZA KUĆANSTVO
NEG PIĆE TOCO LIMUN KRASTAVAC 1.5 L,90784808,TOCO,1.50 l,ko,1.69,1.13,,1.69,1.69,3856028501121,PIĆE
GAZ PIĆE COCA COLA ZERO 6PACK 0.15L,90784922,COCA COLA,0.90 l,ko,3.89,4.32,,3.89,3.89,5449000241078,PIĆE
VINO ROSE WHISPERING ANGEL 0.75 L,90785231,CAVES D'ESCLANS,0.75 l,ko,25.25,33.67,,25.25,25.25,3666140026804,PIĆE
DET JAR ALL IN 1 LIMUN 116 TAB,90799842,JAR ADW,116.01 ko,ko,20.99,0.18,,20.99,20.99,8700216253482,SREDSTVA ZA ČIŠĆENJE
DET PERSIL GEL UNIV 4.95 L 110PR,90804647,PERSIL,4.95 l,ko,23.99,4.85,,23.99,23.99,9000101824438,SREDSTVA ZA ČIŠĆENJE
NAMAZ DUO PAW PATROL 180g,90809744,HAPPY LAND,0.18 kg,ko,2.99,16.61,,2.99,2.99,3897900401931,HRANA
SAVIJAČA VANILIJA MALINA 600 g MINUTE,90810839,MINUTE,0.60 kg,ko,2.29,3.82,,1.69,2.29,3850334429865,HRANA
NAMAZ KIKIRIKI MASL BIJ KREM PROT 180g GO ON,90814749,GO ON,0.18 kg,ko,4.99,27.72,,4.99,4.99,5900617044815,HRANA
LOPATICA METLICA VILEDA PREMIUM,90824672,VILEDA,1.00 ko,ko,9.99,9.99,,4.99,9.99,4023103172326,PROIZVODI ZA KUĆANSTVO
VINO SIVI PINOT ADŽIĆ 0.75 L,90824781,ADŽIĆ,0.75 l,ko,18.05,24.07,,18.05,18.05,3859890469070,PIĆE
VINO ZEL SILVANAC ST.JEROME  0.75 L,90824983,ST.JEROME,0.75 l,ko,12.55,16.73,,12.55,12.55,3858893390633,PIĆE
SALATA PILETINA TJESTENINA 160g ARGETA,90825314,ARGETA,0.16 kg,ko,4.19,26.19,,4.19,4.19,3838471055482,HRANA
SNACK VOĆ JAB/BAN/MAN/ANA 180g NUTRINO,90825346,NUTRINO,0.18 kg,ko,1.89,10.5,,1.89,1.89,8606019651619,HRANA
BOMBON IMMUNE SUPPORT KIDS 7X12.5 g MIMS,90825376,MIMS,0.09 kg,ko,5.29,60.46,,5.29,5.29,8437013374293,HRANA
MUESLI HIGH POWER PROTEIN 300 g GRACI,90825426,GRACI,0.30 kg,ko,4.39,14.63,,3.49,4.39,4751019538676,HRANA
DET DAISY JABUKA&MENTA 900 ml,90825548,DAISY,0.90 l,ko,1.49,1.66,,1.49,1.49,3838900834817,SREDSTVA ZA ČIŠĆENJE
ČEŠNJAK BIO 20 g KOTANYI,90825574,KOTANYI,0.02 kg,ko,1.49,74.5,,1.49,1.49,9001414019078,HRANA
CEJLONSKI CIMET BIO 20 g KOTANYI,90825585,KOTANYI,0.02 kg,ko,1.79,89.5,,1.79,1.79,9001414019139,HRANA
KRUH FIT 420g PAK MLINAR,90714325,MLINAR,0.42 kg,ko,,4.26,1.79,1.79,1.79,3856028400967,HRANA
TIJESTO REZ USKI JAJ SLOVA 400g,90714435,SLOVA,0.40 kg,ko,1.29,3.23,,0.89,1.29,3850334045775,HRANA
INSTANT NESCAFE GOLD ST 2X190g,90714615,NESCAFE,0.38 kg,ko,15.98,42.05,,15.98,15.98,8445290820662,HRANA
DEO DOVE EXTRA FRESH 150ml,90715121,DOVE,0.15 l,ko,,26.73,4.01,5.35,5.35,8720181284397,KOZMETIKA
OM ORNEL GOLD DREAM 1.6L + 200ml,90719833,ORNEL,1.80 l,ko,2.99,1.66,,2,2.99,3850105186157,SREDSTVA ZA ČIŠĆENJE
KEKS LOVITA PUNJ MLIJEK KREM 127g ROSH,90730000,ROSHEN,0.13 kg,ko,1.55,12.2,,1.55,1.55,4823077636400,HRANA
LOSION SOLO POS BRIJ SPORT 125ML,90730480,SOLO,0.13 l,ko,1.5,12,,1.5,1.5,5944568001442,KOZMETIKA
CROISSANT 7DAYS MIDI MARELICA 60g,90730939,CHIPITA,0.06 kg,ko,0.86,14.33,,0.65,0.86,7622202029011,HRANA
KEKS FINESSE LIMUN BIJELA ČOK 150g,90730973,FINESSE,0.15 kg,ko,2.19,14.6,,2.19,2.19,3838900830178,HRANA
TP ZEWA DELUXE JASMIN 3SL 8/1,90732967,ZEWA,8.00 ko,ko,2.79,0.35,,2.79,2.79,7322541171753,TOALETNE POTREPŠTINE
PRALINE LINDT LINDOR ASSORTED 137G,90733845,LINDT,0.14 kg,ko,7.99,58.32,,7.99,7.99,8003340807775,HRANA
PRAŠAK ZA PECIVO 6X12g DR OETKER,90735033,DR OETKER,0.07 kg,ko,0.99,13.75,,0.49,0.99,5997381375528,HRANA
DESERT KINDER PINGUI TREŠNJA 30 g,90750152,FERRERO,0.03 kg,ko,0.69,23,,0.69,0.69,8000500338056,HRANA
KAVA  PERU NS ALU 10/1 55 g BARCAFFE,90750412,BARCAFFE,0.06 kg,ko,4.69,85.27,,4.69,4.69,3838471047081,HRANA
SARDINA SALATA UMAK ADRIA MARE 100 g,90754851,ADRIA MARE,0.10 kg,ko,1.09,10.9,,1.09,1.09,3850334063359,HRANA
SIR MEKI APETINA KOCK RAJČICA 100g,90759886,ARLA,0.10 kg,ko,2.29,22.9,,2.29,2.29,5760466912198,HRANA
VINO CAB SAUVIGNON MARKOTA 0.75L,90759900,MARKOTA,0.75 l,ko,13.05,17.4,,13.05,13.05,3859893430299,PIĆE
KREMA MELEM 25ml+BALZ 4.5g+KR 10ml,90759972,MELEM,1.00 ko,ko,6,6,,6,6,3856007911774,KOZMETIKA
JOGURT DUKATOS DIVINE ČOK NAR 150g,90764654,DUKATOS,0.15 kg,ko,1.19,7.93,,0.89,1.19,3850354018391,HRANA
VINO MALVAZIJA DEKLIĆ VRH 0.75L,90764780,DEKLIĆ,0.75 l,ko,15.39,20.52,,15.39,15.39,3857500030214,PIĆE
COCKT RTD MALIBU STR DAIQUIRI 0.25L,90765273,MALIBU,0.25 l,ko,2.85,11.4,,2.85,2.85,7312040340118,PIĆE
ŠAFRAN 0.125 g VEGETA MAESTRO,90770288,VEGETA MAESTRO,0.00 kg,ko,1.99,15920,,1.99,1.99,3856020202705,HRANA
DESERT KINDER CARDS 25.6g,90770572,FERRERO,0.03 kg,ko,0.69,26.95,,0.69,0.69,80874652,HRANA
GEL TUŠ DOVE W SILKY VELVET 250 ml,90775013,DOVE,0.25 l,ko,,10.76,2.69,2.99,2.99,8720181468513,KOZMETIKA
SMOOTHIE BETT'R MANGO MARAKUJA 250 ml,90775712,BETT R,0.25 l,ko,3.09,12.36,,3.09,3.09,3800233782394,PIĆE
OM SILAN REF MAGNOLIA 594 ml,90775830,SILAN,0.59 l,ko,,4.7,2.79,2.79,2.79,9000101597431,SREDSTVA ZA ČIŠĆENJE
VODA CEDEVITA VIT LIMUN KUPINA 0.5 L,90779989,CEDEVITA,0.50 l,ko,1.15,2.3,,1.15,1.15,3850322016862,PIĆE
THE PINK STUFF  KUPAONICA 750 ml,90789834,THE PINK STUFF,0.75 l,ko,3.45,4.6,,3.45,3.45,5060033820117,SREDSTVA ZA ČIŠĆENJE
KAVA DOLCE GUSTO LUNGO 16/1 89.6g,90789910,DOLCE GUSTO,0.09 kg,ko,6.49,72.43,,5.29,6.49,8445290871992,HRANA
LOSOS FILET PACIFIČKI 250 g,90794762,OCEAN,0.25 kg,ko,3.99,15.96,,3.99,3.99,3850334098658,HRANA
EMSAL ZA DRVENE POVRŠINE 1 L,90809653,EMSAL,1.00 l,ko,4.25,4.25,,4.25,4.25,4009175964595,SREDSTVA ZA ČIŠĆENJE
ČAJ VOĆNI MULTIVITAMIN 20/1 50g TEEKANNE ,90809935,TEEKANNE,0.05 kg,ko,2.39,47.8,,2.39,2.39,5901086000944,HRANA
SLAD BIJELA ČOK MALINA 150 g FRANUI,90810870,FRANUI,0.15 kg,ko,6.99,46.62,,6.99,6.99,8437020396011,HRANA
VINO RESERVE GRAND CUVEE TOUCH 0.75L,90814802,TOUCH,0.75 l,ko,15.05,20.07,,15.05,15.05,3859893289064,PIĆE
PJENUŠAC PERLA ALBA LAGUNA 0.75L,90814875,LAGUNA,0.75 l,ko,17.05,22.73,,17.05,17.05,3858881199101,PIĆE
MJEŠAVINA TOSKANA 480 g LEDO,90824998,LEDO,0.48 kg,ko,3.99,8.3,,3.19,3.19,3850116068282,HRANA
SNACK VOĆ JAB/BAN/KEKS 100g NUTRINO,90825371,NUTRINO,0.10 kg,ko,1.19,11.9,,1.19,1.19,8606019651558,HRANA
VITAMIN C U PRAHU 500 g NUTRIGOLD,90825830,NUTRIGOLD,0.50 kg,ko,7.99,15.98,,7.99,7.99,3858891970882,HRANA
PAŠTETA  PAČJA JETR 125 g SPEC MOMENTS,90829887,SPECIAL MOMENTS,0.13 kg,ko,2.79,22.32,,2.39,2.79,3850334431820,HRANA
KAVA CREMA RICCO NS 10/1 55 g LAVAZZ,90869960,LAVAZZA,0.06 kg,ko,5.99,108.91,,5.99,5.99,8000070059832,HRANA
STICK DOVE M CLEAN 50 ml,90885858,DOVE,0.05 l,ko,,80.2,4.01,5.35,5.35,59099710,KOZMETIKA
KOBASICA VITAKRAFT PILETINA 1000 g,90886214,VITAKRAFT,1.00 kg,ko,3.85,3.85,,3.29,3.85,4008239230201,PROIZVODI ZA KUĆANSTVO
VODA VITAMIN REFRESH JUICY 0.5 L,90890138,JUICY,1.00 ko,ko,1.05,1.05,,1.05,1.05,3858890972245,PIĆE
TUNA STEAK BILJ ULJE 4X80/4X52 g EVA,90904753,EVA,0.21 kg,ko,6.99,33.61,,6.99,6.99,3856020278403,HRANA
FRISEE RADIČ 200 grama,01407872,KONZUM,0.20 kg,ko,1.49,7.45,,1.49,1.49,3850334197863,HRANA
UMAK POMODORO 400g BARILLA,01491957,BARILLA,0.40 kg,ko,,4.98,1.99,3.29,3.29,8076809513395,HRANA
KUKURUZ ŠEĆERAC 140g LIM PODRAVKA,01492145,PODRAVKA,0.14 kg,ko,1.19,8.5,,1.19,1.19,3850104221682,HRANA
ČIPS TORTILLA ČILI 200g LA FIESTA,01495134,LA FIESTA,0.20 kg,ko,2.39,11.95,,2.39,2.39,5412514934927,HRANA
NARODNA KOBASICA K PLUS VAK,02030066,K PLUS,1.00 kg,kg,3.49,3.49,,3.49,3.49,3850139285451,HRANA
POLI MINI 220g PERUTNINA,02048427,POLI,0.22 kg,ko,1.99,9.05,,1.69,1.99,3850220152839,HRANA
SIR POLUTV VARAŽDINEC 45% VINDIJA,02051594,Z BREGOV,1.00 kg,kg,12.49,12.49,,9.99,12.49,3850108055207,HRANA
PAŠTETA JETRENA 30GR GAVRILOVIĆ,02164313,GAVRILOVIĆ,0.03 kg,ko,0.95,31.67,,0.95,0.95,3858881220126,HRANA
DELIKATES PUREĆA PRSA 350g,90732877,GAVRILOVIĆ,0.35 kg,ko,4.09,11.69,,4.09,4.09,3858892724378,HRANA
ČIPI ČIPS SIR I LUK 120 g,90751046,ČIPI ČIPS,0.12 kg,ko,2.19,18.25,,1.89,2.19,3856021306563,HRANA
SLAD LOACKER NAPOLITANER 115 ml,90769918,CORNETTO,0.07 l,ko,1.99,30.15,,1.99,1.99,8005840020302,HRANA
SERUM LICE NIVEA Q10 ANTI WRIN 30 ml,90775377,NIVEA,0.03 l,ko,,466,13.98,19.99,19.99,9005800376882,KOZMETIKA
ČIST ZA PERIL RUBLJA DR BECKM 250ml,90785409,BECKMANN,0.25 l,ko,3.79,15.16,,2.65,3.79,4008455330518,SREDSTVA ZA ČIŠĆENJE
ROVUS MULTI CLEANER,90795587,ROVUS,1.00 ko,ko,29.99,29.99,,18.99,29.99,3858894408528,PROIZVODI ZA KUĆANSTVO
TIRAMISU 500 g SPECIAL MOMENTS,90825103,SPECIAL MOMENTS,0.50 kg,ko,5.99,11.98,,3.99,5.99,3850334429438,HRANA
NAPITAK BIJELA ČOK 0.2 L VINDIJA,90839716,VINDIJA,0.20 l,ko,0.99,4.95,,0.99,0.99,3850108022940,HRANA
GRAH CRVENI 400/240 g E BUONO ,90850327,E BUONO,0.24 kg,ko,0.89,3.71,,0.89,0.89,3858894141746,HRANA
NAPITAK RED BULL ZERO 0.25 L,90875398,RED BULL,0.25 l,ko,1.69,6.76,,1.19,1.19,90474637,PIĆE
ČOKOLADA MILKA SWEET EASTER 90 g,90875535,MILKA,0.09 kg,ko,1,11.11,,1,1.5,7622202210327,HRANA
HIG UL NAT CLASSIC NORMAL 40/1,90879969,NATURELLA,40.00 ko,ko,5.19,0.13,,5.19,5.19,8006540970102,TOALETNE POTREPŠTINE
ROLL ON REX Ž BIORYTHM 50 ml,90885137,REXONA,0.05 l,ko,4.75,95,,4.75,4.75,59099284,KOZMETIKA
LECHAT EX. SM HAIRBALL 400 g,90886082,LECHAT EXCELLENCE,0.40 kg,ko,3.69,9.23,,3.69,3.69,8009470060127,PROIZVODI ZA KUĆANSTVO
SHEBA FINESSE S PILETINOM 85 g,90886241,SHEBA,0.09 kg,ko,1.09,12.82,,0.89,0.89,4008429164675,PROIZVODI ZA KUĆANSTVO
DET ARIEL LE FRESH AIR 26TAB,90886277,ARIEL,26.00 ko,ko,17.99,0.69,,11.49,17.99,8700216766043,SREDSTVA ZA ČIŠĆENJE
PERLICE LENOR SPRING AWAK 195 g,90886315,LENOR,0.20 kg,ko,7.39,37.9,,7.39,7.39,8700216708418,SREDSTVA ZA ČIŠĆENJE
MAR AFR STRAW JELLY 200 ml,90887199,AFRODITA,0.20 l,ko,,67.45,13.49,17.99,17.99,3831070663454,KOZMETIKA
SPREJ AMBR SOL AFTER 150 ml,90887221,GARNIER AMBRE SOLAIR,0.15 l,ko,,52.4,7.86,10.49,10.49,3600542625975,KOZMETIKA
DESERT CASALI ČOKO BANANE MINI 110 g,90887237,CASALI,0.11 kg,ko,1.79,16.27,,1.79,1.79,9000332812662,HRANA
BOMBONI PEZ LOONEY TUNES 30 g,90887334,PEZ,0.03 kg,ko,0.99,33,,0.99,0.99,5997255705185,HRANA
VODA DETOX LJUBIČICA MANGO 0.5 L,90889887,BEALIVE,0.50 l,ko,1.69,3.38,,1.69,1.69,5304000311292,PIĆE
REG PANTENE PRO-V REP&PROT 500 ML,90889924,PANTENE,0.50 l,ko,8.89,17.78,,8.89,8.89,8700216821407,KOZMETIKA
TIJESTO ROSSOTELLE 250 g MARODI,90890028,MARODI,0.25 kg,ko,3.99,15.96,,3.99,3.99,3859894191151,HRANA
VREĆICE ZA LED LOPTA 180 kom ALUFIX,90899823,ALUFIX,180.18 ko,ko,0.79,0,,0.79,0.79,5949509002809,PROIZVODI ZA KUĆANSTVO
SET OLD SPI SG 400 ml STICK 40 ml WW,90899931,OLD SPICE,1.00 ko,ko,4.89,4.89,,4.89,4.89,8700216418966,KOZMETIKA
SLADOLED TTL KAVA KEKSI 473 ml,90899970,TASTE THE LAYERS,0.47 l,ko,4.99,10.55,,4.99,4.99,8021995014287,HRANA
PAPRIKA MIX,01400092,,0.50 kg,ko,1.99,3.98,,1.59,2.49,3859892029500,HRANA
ZAČIN CHINA ASIA 38g WOK VR KOTANYI,01490395,KOTANYI,0.04 kg,ko,1.69,44.47,,1.39,1.69,9001414418109,HRANA
DŽEM JAGODA 420g DOORA,01500025,DOORA,0.42 kg,ko,2.79,6.64,,2.79,2.79,3858894541225,HRANA
MASLINE ZELENE 200g ZVIJEZDA,01580212,ZVIJEZDA,0.20 kg,ko,2.69,13.45,,2.69,2.69,3858882213745,HRANA
HRANA HP ZA HRČKE 500g S VIT,01640121,HOBBY,0.50 kg,ko,1.89,3.78,,1.89,1.89,3838964055555,PROIZVODI ZA KUĆANSTVO
MASLAC 250g VINDIJA,02180362,Z BREGOV,0.25 kg,ko,,11.4,2.85,2.99,2.99,3850108060102,HRANA
ZAMJE KAVIJAR CRVE KAPEL 50g KLAROM,02197070,FRIEDRICHS,0.05 kg,ko,3.79,75.8,,3.79,3.79,5709505800034,HRANA
RAŽA II SVJ CENTAURUS,02197749,,1.00 kg,kg,3.39,3.39,,2.03,3.39,,HRANA
TUNJ SALATA MEXIC 2X160g BOWL RIO MA,02198511,RIO MARE,0.32 kg,ko,8.99,28.09,,4.29,8.99,8004030352612,HRANA
CRNI BAKALAR FILET 600g LEDO,02199487,LEDO,0.60 kg,ko,11.99,19.98,,11.99,11.99,3850116785134,HRANA
TRILJA OD KAMENA II SVJ MEDUZA,02199560,,1.00 kg,kg,10.09,10.09,,6.05,10.09,,HRANA
SIR NAM KAJMAK 200g VERONIKA,02398886,VERONIKA,0.20 kg,ko,2.99,14.95,,2.99,2.99,3859889622103,HRANA
PILEĆI SITNIŠ ZA JUHU VINDIJA-KOKA,02434350,CEKIN,1.00 kg,kg,4.89,4.89,,4.89,4.89,3850159110672,HRANA
JUN FILEKI ,02480015,PIK VRBOVEC,1.00 kg,kg,7.59,7.59,,7.59,7.59,3850139443547,HRANA
JUN KOSTI ,02480020,PIK VRBOVEC,1.00 kg,kg,3.79,3.79,,3.79,3.79,3850139401950,HRANA
VINO LAŠKI RIZLING ORMOŽ 1L KK,03010037,JERUZALEM,1.00 l,ko,6.29,6.29,,5,6.29,3830001600025,PIĆE
RAKIJA TRAVARICA 1L BADEL,03060987,BADEL 1862,1.00 l,ko,12.15,12.15,,12.15,12.15,3850112122193,PIĆE
WHISKEY GLENLIVET FOUNDERS RESERVE 0.7L,03085113,GLENLIVET,0.70 l,ko,40.05,57.21,,40.05,40.05,5000299609347,PIĆE
OCAT ALKOHOLNI 3L ZVIJEZDA,03120072,ZVIJEZDA,3.00 l,ko,,0.88,2.63,3.29,3.29,3858882211727,HRANA
PIVO KARLOV CRNO 0.5L POV AMB,03130040,KARLOVAČKO,0.50 l,ko,1.19,2.38,,1.19,1.19,3850103001520,PIĆE
PIVO PAN ZLATNI 0.5L POV BOCA,03131469,PAN,0.50 l,ko,1.19,2.38,,0.99,1.19,3858887580507,PIĆE
NEKTAR MARELICA KAŠASTI 0.2L,03140128,VINDI,0.20 l,ko,0.65,3.25,,0.65,0.65,3850108079258,PIĆE
PECIVO PUTER ŠTANGICA 60g KLARA,04010139,KLARA,0.06 kg,ko,0.75,12.5,,0.75,0.75,3858881321434,HRANA
TIJESTO SVRDLA 400g MARODI,04057536,MARODI,0.40 kg,ko,1.89,4.73,,1.89,1.89,3859888666085,HRANA
KAVA JUBILARNA MLJEV 400g VR FRANCK,04070059,JUBILARNA,0.40 kg,ko,8.29,20.73,,6.49,8.29,3858881085596,HRANA
ČAJ INDIJSKI FILT OMOT 30g FRANCK,04091005,FRANCK,0.03 kg,ko,2.29,76.33,,2.29,2.29,3858881082045,HRANA
JELI PILEĆI PARIZER 800 g SR,90890083,JELI,0.80 kg,ko,3.55,4.44,,3.55,3.55,3858881228320,HRANA
TJESTENINA S POVRĆEM I MASLINA 280 g,90890182,EUROVERDE,0.28 kg,ko,3.99,14.25,,3.99,3.99,8055118486521,HRANA
SOK SKIN HEALTH 330 ml JUICEFAST,90890205,JUICEFAST,0.33 l,ko,2.99,9.06,,2.99,2.99,3859894234612,PIĆE
SARDINA S POVRĆEM ADRIA MARE 105 g,90890324,ADRIA MARE,0.11 kg,ko,1.09,10.38,,1.09,1.09,3850334440839,HRANA
PUDING VAN PERFETTA 80 g DOLCELA,90894883,DOLCELA,0.08 kg,ko,1.09,13.63,,1.09,1.09,3856020277031,HRANA
NAPITAK BCAA+ CITR BAZGA 330 ml NOCC,90895219,NOCCO,1.00 ko,ko,2.99,2.99,,2.99,2.99,7340131603064,PIĆE
UMAK SALSA HOT CHIO DIO 200ML,01310397,CHIO,0.20 l,ko,2.99,14.95,,2.99,2.99,4001242108215,HRANA
GROŽĐICE PREMIUM 200g KRESTO,01310470,KRESTO,0.20 kg,ko,1.49,7.45,,1.04,1.49,3858882290814,HRANA
GRAH CRVENI 240g BONDUELLE,01550055,BONDUELLE,0.24 kg,ko,1.99,8.29,,1.39,1.99,3083680009508,HRANA
RAJČICA PELAT 400g PODRAVKA,01570981,PODRAVKA,0.40 kg,ko,1.99,4.98,,1.99,1.99,3850104073724,HRANA
MY PETS MP GOVED 1250G,01642176,MY PETS,1.25 kg,ko,1.59,1.27,,1.29,1.59,3850334180940,PROIZVODI ZA KUĆANSTVO
ŠUNKA KUHANA NAR 125g MA PIK VRBOVEC,02036499,PIK VRBOVEC,0.13 kg,ko,2.49,19.92,,1.99,2.49,3850139360516,HRANA
TRLJA I SVJ CENTAURUS,02197738,,1.00 kg,kg,4.89,4.89,,2.93,4.89,,HRANA
ORADA LLLL SVJ CROMARIS,02199584,MARIMIRNA,1.00 kg,kg,18.15,18.15,,10.88,18.15,3859892725037,HRANA
PALAMIDA SVJ MEDUZA,02199586,,1.00 kg,kg,9.09,9.09,,5.45,9.09,,HRANA
RAKIJA VILJAMOVKA ŠIMIĆ 0.7L,03060770,ŠIMIĆ,0.70 l,ko,24.69,35.27,,24.69,24.69,3859890900153,PIĆE
GIN EMPIRE 37.5% 1L MARASKA,03071259,MARASKA,1.00 l,ko,13.55,13.55,,13.55,13.55,3850158200879,PIĆE
VISKI OLD SMUGGLER 0.7L 40% BLENDED,03082792,OLD SMUGGLER,0.70 l,ko,12.69,18.13,,12.69,12.69,5010327605005,PIĆE
PIVO KARLOVAČKO LIMUN 0.5L PB,03130788,KARLOVAČKO,0.50 l,ko,1.25,2.5,,1.25,1.25,3850103002213,PIĆE
KAŠICA HIPP MLADO POVRĆE 4MJ 190g,03140003,HIPP,0.19 kg,ko,1.75,9.21,,1.75,1.75,4062300020313,HRANA
SOK 100% NARANČA JUICY 1L,03140211,JUICY,1.00 l,ko,3.99,3.99,,2.99,3.99,3858890970425,PIĆE
KREKER VLAKNA 230G WASA,04010392,WASA,0.23 kg,ko,2.95,12.83,,2.95,2.95,7300400117852,HRANA
BRAŠNO OŠTRO T-400 5kg MLINETA,04030002,MLINETA,5.00 kg,ko,3.9,0.78,,3.9,3.9,3859888419087,HRANA
KLINČIĆ MLJEVENI VR 20g KOTANYI,04100819,KOTANYI,0.02 kg,ko,1.99,99.5,,1.79,1.99,9001414015414,HRANA
PAPAR CRNI MLJEVENI 50g ŠAFRAM,04104290,ŠAFRAM,0.05 kg,ko,1.59,31.8,,1.59,1.59,3859888163089,HRANA
FANT ZA GRAH I VARIVO 60g PODRAVKA,04163558,FANT,0.06 kg,ko,1.39,23.17,,0.93,1.39,3850104075759,HRANA
ČOKOL DORINA CIJ LJEŠNJAK 100g,04210993,DORINA,0.10 kg,ko,2.29,22.9,,2.29,2.29,3850102122073,HRANA
PAP RUPČIĆI ZEWA DELUX MIRIS 3SL 10,05080135,ZEWA,10.00 ko,ko,1.95,0.2,,1.95,1.95,7322540061475,TOALETNE POTREPŠTINE
ROLL ON NIVEA BLACK&WHITE 50ml,06551138,NIVEA,0.05 l,ko,,78.2,3.91,4.19,5.59,42240709,KOZMETIKA
BRIJAČ JEDNOK Ž GILL SIM VEN3 3/1,06562118,VENUS,3.00 ko,ko,,1.3,3.91,3.89,4.89,7702018018116,KOZMETIKA
GEL GARN SN PURE 3U1 150ML,06592237,GARNIER,0.15 l,ko,6.99,46.6,,6.89,6.99,3600540565402,KOZMETIKA
SANITAR ORIGINAL LAVANDA 750ML,08031173,SANITAR,0.75 l,ko,2.59,3.45,,1.79,2.39,3850111501517,SREDSTVA ZA ČIŠĆENJE
MLIJEKO ČOKOLADNO 0.5L BOCA DUKAT,90039960,DUKAT,0.50 l,ko,1.55,3.1,,1.39,1.39,3850354006879,HRANA
BOMBONI SKITTLES WILD BERRY VR 38g,90055414,WRIGLEY,0.04 kg,ko,0.95,25,,0.68,0.95,4009900460187,HRANA
CAPP GLORIA ČOKOLADA 200g,90205336,GLORIA,0.20 kg,ko,2.79,13.95,,2.29,2.29,3850291055558,HRANA
METLA UNUTARNJA DRŠKA DAX,90276275,DAX,1.00 ko,ko,3.32,3.32,,3.32,3.32,3850334599889,PROIZVODI ZA KUĆANSTVO
CAPP FR BK 112G KUT,90281762,FRANCK,0.11 kg,ko,,29.37,3.29,3.29,3.89,3858881088375,HRANA
PILEĆA KRILA K PLUS,90290014,K PLUS,1.00 kg,kg,4.19,4.19,,4.19,4.19,3850159118074,HRANA
BLAZINICE LOLETE SENSITIVE 85/1,06500022,LOLETE,85.03 ko,ko,1.39,0.02,,1.39,1.39,3858881100244,TOALETNE POTREPŠTINE
KREMA DJ BECUTAN VITAMINSKA 200ML,06601053,BECUTAN,0.20 l,ko,,24.95,4.99,6.25,6.25,5310001204150,KOZMETIKA
DEO NIVEA SENSITIVE PROTECT 150ml,90034529,NIVEA,0.15 l,ko,,24.67,3.7,3.95,5.29,4005808734320,KOZMETIKA
PARIZER PIKO NAREZAK 200g MA,90038638,PIKO,0.20 kg,ko,2.85,14.25,,2.28,2.85,3850139190892,HRANA
ČAJ JABUKA CIMET PODRAVKA 50g,90055396,PODRAVKA,0.05 kg,ko,2.06,41.2,,2.06,2.06,3850104263064,HRANA
PECIVO OBITELJSKO K PLUS 8/1 400g,90057790,K PLUS,0.40 kg,ko,1.99,4.98,,1.99,1.99,3850334343185,HRANA
TJESTENINA OD RIŽE MIEHOEN 250g GTAN,90059084,GO-TAN,0.25 kg,ko,3.58,14.32,,3.58,3.58,8710605092011,HRANA
ČOKOLADA MILKY PLUS 90g KANDI,90059584,KANDIT,0.09 kg,ko,1.69,18.78,,1.69,1.69,3858881047693,HRANA
TIJESTO K PLUS REFIOLI PREMIUM 500g,90072952,K PLUS,0.50 kg,ko,1.39,2.78,,0.99,1.39,3850334363282,HRANA
KREKER TUC LUK 100g,90075913,TUC,0.10 kg,ko,1.15,11.5,,0.79,1.15,5998711388935,HRANA
DŽEM ŠLJIVA STEVIA K PLUS ACTIVE 330G,90076980,K PLUS,0.33 kg,ko,2.39,7.24,,2.39,2.39,3850334377623,HRANA
ČAJNI KOLAČ "TEBI NA DAR" 500g TKZ,90078492,TKZ,0.50 kg,ko,5.17,10.34,,5.17,5.17,3858884925851,HRANA
PAŠTETA SRDELA ADRIA MARE 95g,90096718,ADRIA MARE,0.10 kg,ko,1.05,11.05,,1.05,1.05,3850334395955,HRANA
RIŽA ZL POLJE ARBORIO 1KG KUT VAK,90112358,ZLATO POLJE,1.00 kg,ko,6.49,6.49,,6.49,6.49,3838700540604,HRANA
KAPARI U OCTU 100g,90135844,POLLI,0.06 kg,ko,2.45,44.55,,2.45,2.45,80090212,HRANA
ČAJ BEBIVITA JAB/MAT 6MJ+ 200g,90142199,BEBIVITA,0.20 kg,ko,3.45,17.25,,3.45,3.45,9007253102964,PIĆE
BAKALAR BIANCO 165g TRENTON,90303567,TRENTON,0.17 kg,ko,3.99,24.18,,2.99,3.99,3859893081217,HRANA
VINO GRAŠ GOLDBERG 0.75L VINA BELJE,90311502,BELJE,0.75 l,ko,27.49,36.65,,27.49,27.49,3850257019396,PIĆE
KAŠICA FRUTEK BRESKVA JOGURT 100g,90335483,FRUTEK,0.10 kg,ko,,11.9,1.19,1.19,1.39,3838945035019,HRANA
KRUH RAŽENA RUSTIKA 500g PAK KLARA,90340625,KLARA,0.50 kg,ko,2.05,4.1,,2.05,2.05,3856016904668,HRANA
KREMA ZA LICE CERA DI CUPRA ROSA 75g,90341622,CERA DI CUPR,0.08 kg,ko,4.25,56.67,,4.25,4.25,8002140050114,KOZMETIKA
PRELJEV PROSERIES ZERO CALORIES  0.425L MAYO,90344856,POLLEO,0.43 l,ko,5.49,12.92,,5.49,5.49,3859893008993,HRANA
ZP LACALUT GUM PROTECT&GENTLE WHITE 75ml,90361863,LACALUT,0.08 l,ko,4.99,66.53,,3.99,4.99,4016369546840,KOZMETIKA
MUESLI CRUNCHY ČOK BANANA 350g SANTE,90363370,SANTE,0.35 kg,ko,3.49,9.97,,3.49,3.49,5900617002617,HRANA
HIG UL LIBRESSE ALOE VER CAM NORM DUO 20/1,90363581,LIBRESSE,20.00 ko,ko,3.05,0.15,,1.99,3.05,7322540344011,TOALETNE POTREPŠTINE
KREMA HYDRA EXPERT NORM KOŽA 70ml,90380306,LOREAL,0.07 l,ko,7,100,,7,7,3600523363186,KOZMETIKA
LIKER  ANTIQUE PELINKOVAC 0.05L,90380351,BADEL 1862,0.01 l,ko,1.75,350,,1.75,1.75,3850112111289,PIĆE
DESERT RIŽA NA MLIJEKU ČOK/VAN 200g,90382636,ZOTT,0.20 kg,ko,0.86,4.3,,0.69,0.86,4014500512266,HRANA
KAVA MUST MACCHIATO DG 16/1 144g,90386155,MUST,0.14 kg,ko,5.29,36.74,,5.29,5.29,8056370761487,HRANA
MLIJEKO ZAMJ BEBIMIL 2 300g,90389157,BEBIMIL,0.30 kg,ko,6.49,21.63,,6.49,6.49,9007253105057,HRANA
TIJESTO CHIFFERI 500g AGNESI,90403778,AGNESI,0.50 kg,ko,1,2,,1,1,8001200139509,HRANA
PJENUŠAC ZLATA RAD PENINA BRUT 0.75L,90405393,PENINA,0.75 l,ko,10,13.33,,10,10,3830000341011,PIĆE
ZAČIN GRILL DOZA POVRĆE 80g KOTANYI,90405958,KOTANYI,0.08 kg,ko,2.69,33.63,,1.34,2.69,9001414003305,HRANA
MASKA FRUCT HAIR F ALOE 390ml,90410163,GARNIER FRUCTIS,0.39 l,ko,,13.31,5.19,7.49,7.49,3600542221108,KOZMETIKA
DOMAĆA KOBASICA RFZ RAVLIĆ,90427970,RAVLIĆ,1.00 kg,kg,15.69,15.69,,15.69,15.69,,HRANA
ŠTAPIĆI TWISTER HRUSTY SLANI 150g,90433051,HRUSTY,0.15 kg,ko,1.99,13.27,,1.99,1.99,3850334134622,HRANA
SIR TVRDI PECORINO ROMANO 200g,90433307,AGRIFORM,0.20 kg,ko,6.19,30.95,,4.99,6.19,8003518100141,HRANA
ARTIČOKE REZANE 285g POLLI,90442821,POLLI,0.29 kg,ko,4.19,14.7,,4.19,4.19,8001310044274,HRANA
NAPITAK OD KURKUME EKO 75ml GREEN,90448257,GREEN IN PACK,0.08 kg,ko,1.99,26.53,,1.99,1.99,3859894229021,PIĆE
KEKS DORUČAK KAK/KOK 150g FREE ZONE,90477817,FREE ZONE,0.15 kg,ko,2.92,19.47,,2.92,2.92,3838900962480,HRANA
PIĆE GAZ TH. HENRY GINGER ALE 0.2l,90478172,THOMAS HENRY,0.20 l,ko,2.19,10.95,,2.19,2.19,4251760800072,PIĆE
VAFL MANNER SNACK MINIS ČOK/MLIJ 300g,90486252,MANNER,0.30 kg,ko,3.99,13.3,,2.99,2.99,9000331607719,HRANA
ŠTAPIĆI LOLI PAPIRNATI VATENI 200/1,90486971,LOLI,200.00 ko,ko,1.79,0.01,,1.79,1.79,3858890795226,TOALETNE POTREPŠTINE
MLIJEKO ACIDOFILNO 3.2% 1000G VINDIJA,90513991,Z BREGOV,1.00 kg,ko,2.55,2.55,,2.55,2.55,3850108037296,HRANA
KEFIR I LOVE NATUR 1KG DUKAT,90514054,DUKAT,1.00 kg,ko,2.45,2.45,,2.45,2.45,3850354015956,HRANA
LAN SJEMENKE GARDEN GOOD 200g,90518723,GARDEN GOOD,0.20 kg,ko,0.59,2.95,,0.35,0.35,3838900956915,HRANA
ČOKOLADA ROCHER MILK 90g,90569204,FERRERO,0.09 kg,ko,2.49,27.67,,2.49,2.49,8000500359488,HRANA
KEKS MARIA BG 380g GULLON,90573601,GULLON,0.38 kg,ko,,6.13,2.33,3.89,3.89,8410376036169,HRANA
RIŽA DUGO ZRNO 250g BEN'S,90574019,BEN’S ORIGINAL,0.25 kg,ko,2.39,9.56,,2.39,2.39,5410673007452,HRANA
SPREJ ELSEVE HYALUR LEAVE IN 150ml,90598170,LOREAL ELSEVE,0.15 l,ko,,34.87,5.23,6.99,6.99,3600524032425,KOZMETIKA
BOJA EXCELL 2 UNIV DARK BROWN,90598207,LOREAL EXCELLANCE,1.00 ko,ko,,7.49,7.49,9.49,9.99,3600523998142,KOZMETIKA
KREMA LICE EVEL C SENS 50+ 50ml,90598785,EVELINE,0.05 l,ko,,89.2,4.46,5.95,5.95,5903416026006,KOZMETIKA
TJEST ŠKOLJKICE MRK JAJ 400g MARODI,90599564,MARODI,0.40 kg,ko,2.69,6.73,,2.69,2.69,3859888666740,HRANA
KOMPOT VOĆNI MIX 250g DEL MONTE,90623153,DEL MONTE,0.25 kg,ko,2.29,9.16,,2.29,2.29,024000024675,HRANA
SALATA PILETINA MINUTE 175g,90623230,MINUTE,0.18 kg,ko,2.99,17.07,,2.99,2.99,3850334018960,HRANA
DET FAKS AQUAMARINE 2.34kg=36PRANJA,90628165,FAKS,2.34 kg,ko,13.49,5.76,,9.44,13.49,3850105176790,SREDSTVA ZA ČIŠĆENJE
GRISSINI SIR 100g VALLEDORO,90670033,VALLEDORO,0.10 kg,ko,1.86,18.6,,1.86,1.86,8009280001587,HRANA
DET DR.BECKMANN LISTIĆI COLOR 20/1,90673034,BECKMANN,20.00 ko,ko,7.99,0.4,,4.99,7.99,4008455584812,SREDSTVA ZA ČIŠĆENJE
PRSA PILEĆA  JELI 350g,90673127,JELI,0.35 kg,ko,3.75,10.71,,3.75,3.75,3858892724392,HRANA
NAPITAK ISO SPORT NARANČA LIMUN GAZ. 1.5L,90673712,ISO SPORT,1.50 l,ko,2.25,1.5,,1.79,2.25,3850108071849,PIĆE
ŠTAPIĆI BG 80g BALVITEN,90675400,BALVITEN,0.08 kg,ko,,17.13,1.37,1.72,1.72,5907653100925,HRANA
WHISKAS SM GOVEDINA 300G,90678129,WHISKAS,0.30 kg,ko,,6.63,1.99,1.99,2.39,5998749144183,PROIZVODI ZA KUĆANSTVO
WHISKAS MM PERAD JUNIOR 85G,90678157,WHISKAS,0.09 kg,ko,0.89,10.47,,0.89,0.89,5900951301988,PROIZVODI ZA KUĆANSTVO
INSTANT NESCAFE CL LIM 200g+20g GRATIS,90697803,NESCAFE,0.20 kg,ko,9.99,49.95,,6.49,9.99,7891000365779,HRANA
BUČINE KOŠTICE SLANE 100g CESAREC,90704298,OPG CESAREC,0.10 kg,ko,2.35,23.5,,1.99,2.35,3859893456596,HRANA
SIR SVJEŽI VREĆICA 500g DALMAT SIR,90354872,DALMATINSKI SIREVI,0.50 kg,ko,2.95,5.9,,2.95,2.95,3859893220005,HRANA
TJEST. TAGLIATELLE BG 300g BARILLA,90365028,BARILLA,0.30 kg,ko,,11.97,3.59,4.79,4.79,8076809571586,HRANA
PECIVO HAMB SEZAM 6/1 300g EMMECI,90365880,EMMECI PANE,0.30 kg,ko,1.33,4.43,,1.33,1.33,8033928830239,HRANA
LOSION AFRODITA RUŽMARIN 100 ml,90771138,AFRODITA,0.10 l,ko,,51.9,5.19,6.49,6.49,3831070661931,KOZMETIKA
REGEN HERBAL ESSENCES ALOE 250 ml,90771266,HERBAL ESSENCES,0.25 l,ko,6.19,24.76,,6.19,6.19,8700216210683,KOZMETIKA
GEL TUŠ DOVE W FRESH CARE XXL 450 ml,90775088,DOVE,0.45 l,ko,5.99,13.31,,5.99,5.99,8720181471742,KOZMETIKA
DEO DOVE M EUCALYPTUS&MINT 150 ml,90775101,DOVE,0.15 l,ko,,26.73,4.01,5.35,5.35,8720181433573,KOZMETIKA
BOJA ZA OBRVE SYOSS CRNA,90775232,SYOSS,1.00 ko,ko,12.99,12.99,,10.99,12.99,9000101715781,KOZMETIKA
DEO FA PASSION FRUIT 150 ml,90775243,FA,0.15 l,ko,3.99,26.6,,2.49,3.99,9000101726732,KOZMETIKA
SLAD GRČKI JOGURT LJEŠNJAK 500 ml,90775877,KRI KRI,0.50 l,ko,3.99,7.98,,3.99,3.99,5202234251608,HRANA
PIRE VOĆNI FOCUS BIO  200 g O PLANT,90780062,O PLANT,0.20 kg,ko,1.99,9.95,,1.59,1.99,3856020270636,HRANA
AJAX POW MOUSSE BATHROOM SPR 500 ml,90785496,AJAX,0.50 l,ko,3.99,7.98,,3.99,3.99,8718951643789,SREDSTVA ZA ČIŠĆENJE
DŽEM K PLUS EXTRA VIŠNJA 350g,90794856,K PLUS,0.35 kg,ko,2.49,7.11,,1.99,2.49,3850334111371,HRANA
SALV PALOMA BOŽIĆ STARS 33X33 20/1,90800088,PALOMA,20.00 ko,ko,2.29,0.11,,2.29,2.29,3838952035606,PROIZVODI ZA KUĆANSTVO
SALV PALOMA BOŽIĆ DECORATION 33X33 20/1,90800090,PALOMA,20.00 ko,ko,2.29,0.11,,2.29,2.29,3838952035538,PROIZVODI ZA KUĆANSTVO
DET ARIEL COLOR 6.325 kg=115PR,90800780,ARIEL,6.33 kg,ko,15,2.37,,15,15,8006540940808,SREDSTVA ZA ČIŠĆENJE
VINO CHARDONNAY TOUCH 0.75L,90814809,TOUCH,0.75 l,ko,6.05,8.07,,6.05,6.05,3859893289149,PIĆE
DET DAX LIMUN 450 ml,90825530,DAX,0.45 l,ko,0.89,1.98,,0.89,0.89,3838900834763,SREDSTVA ZA ČIŠĆENJE
KEKS SPECIAL M SELECTION MIX 200g,90825662,SPECIAL MOMENTS,0.20 kg,ko,2,10,,2,2,3850334428813,HRANA
BOMBON GUM JAGODA 160g SOUR PATCH,90825671,SOUR PATCH,0.16 kg,ko,1.99,12.44,,1.99,1.99,7622202207259,HRANA
TAPAS LOSOS 150 g SPECIAL MOMENTS,90825768,SPECIAL MOMENTS,0.15 kg,ko,6.49,43.27,,5.49,6.49,3850334429155,HRANA
KRUH BIJELI PAN BAUL BG 300 g NUTRIFREE,90825926,NUTRIFREE,0.30 kg,ko,3.89,12.97,,3.89,3.89,8008696032451,HRANA
NEKTAR VINDI DISNEY BRESKVA 0.2 L,90826111,VINDI,0.20 l,ko,0.75,3.75,,0.75,0.75,3850108078305,PIĆE
KOKICE SLANE 100g BOBI,90826533,BOBI,0.10 kg,ko,1.29,12.9,,1.29,1.29,3858891590943,HRANA
KOKICE MIKROV MASLAC 3/1 300g MOGYI,90826541,MOGYI,0.30 kg,ko,2.19,7.3,,1.64,2.19,5997347556800,HRANA
TIJESTO LASAGNE SIMPLY PASTA 500 g,90835111,SIMPLY PASTA,0.50 kg,ko,1.99,3.98,,1.49,1.99,3850334428851,HRANA
KREMA MELEM GLOSSY MELT TOFF 10 ml,90850548,MELEM,0.01 l,ko,,479,4.79,4.71,5.89,3856007911927,KOZMETIKA
RAJČICA PELAT GARDEN GOOD 800/480 g,90854740,GARDEN GOOD,0.48 kg,ko,2.09,4.35,,2.09,2.09,3838900843185,HRANA
SUSHI SHIBUYA 260 g GINGER,90864852,GINGER SUSHI,0.26 kg,ko,6.99,26.88,,6.99,6.99,3859893601743,HRANA
PAHULJICE LUMPI DUO BALLS MAXX 500 g,90864984,LUMPI,0.50 kg,ko,1.59,3.18,,1.59,1.59,3850334433534,HRANA
SOK PRIRODNI JABUK MRKVA 1 L MIHALIĆ,90875110,OPG MIHALIC,1.00 l,ko,4.59,4.59,,4.59,4.59,3857500019455,PIĆE
PRALINE SPECIAL MOMENTS MAŠNA 250 g,90880030,SPECIAL MOMENTS,0.25 kg,ko,6.99,27.96,,4.89,6.99,3850334434180,HRANA
PAŠTETA SKUŠA POVRĆE 95 g ARGETA,90885809,ARGETA,0.10 kg,ko,1.49,15.68,,1.49,1.49,3838471052795,HRANA
SLAD LEDO SATIN JAGODA 900 ml,90885940,QUATTRO,0.90 l,ko,,4.43,3.99,3.99,4.99,3850116067230,HRANA
OM LENOR FA NORTHERN SOLSTICE 700 ml,90886131,LENOR,0.70 l,ko,7.39,10.56,,7.39,7.39,8700216723015,SREDSTVA ZA ČIŠĆENJE
DET DASH LAVANDA 2.7 L=60PR,90886339,DASH,2.70 l,ko,25.99,9.63,,25.99,25.99,8700216827546,SREDSTVA ZA ČIŠĆENJE
GAZ PIĆE FANTA GRAPE 0.5 L,90886664,FANTA,0.50 l,ko,1.15,2.3,,1.15,1.15,5449000338808,PIĆE
LEDENI ČAJ JANA BRESKVA ZERO 1.5 L,90887122,JANA,1.50 l,ko,1.69,1.13,,1.69,1.69,3856028506324,PIĆE
KOMBUCHA STRAWBERRY 330 ml JUICEFAST,90890210,JUICEFAST,0.33 l,ko,2.99,9.06,,2.99,2.99,3859894234780,PIĆE
SV VRAT BK ODR cca 600 g K PLUS,90890226,K PLUS,1.00 kg,kg,6.99,6.99,,4.89,6.99,3850139286298,HRANA
TORTELLINI PRŠUT 250 g PASTIFICIO,90890607,PASTIFICIO BOLOGNESE,0.25 kg,ko,1.99,7.96,,1.99,1.99,8058951350004,HRANA
GEL TUŠ L'ANG PHY KOKOS 520 ml,90890619,L ANGELICA,0.52 l,ko,1.59,3.06,,1.59,1.99,8017331091555,KOZMETIKA
PINĐUR GARDEN GOOD 540 g,90894673,GARDEN GOOD,0.54 kg,ko,4.49,8.31,,4.49,4.49,3850334434104,HRANA
CEKINA EUKALIPTUS 1 l,90895366,CEKINA,1.00 l,ko,2.19,2.19,,2.19,2.19,3850111505737,SREDSTVA ZA ČIŠĆENJE
SLAD CROCCANTINO 500 ml,90900116,CROCCANTINO,0.50 l,ko,9.99,19.98,,9.99,9.99,3859894052063,HRANA
TAB FINISH AIO MAX TAB 94,90382289,FINISH ADW,94.07 ko,ko,,0.14,12.99,24.49,24.49,5997321736280,SREDSTVA ZA ČIŠĆENJE
BOJA SYOSS 3-89 BRONČANA KAVA,90775226,SYOSS,1.00 ko,ko,,5.69,5.69,6.99,5.59,9000101732207,KOZMETIKA
BOJA SYOSS 1/4 PLAVO CRNA,06544310,SYOSS,1.00 ko,ko,,5.69,5.69,6.99,5.59,9000100633000,KOZMETIKA
TAB FINISH QUANTUM ULTIMATE REG 60,90487087,FINISH ADW,60.02 ko,ko,,0.22,12.99,24.49,24.49,5908252001217,SREDSTVA ZA ČIŠĆENJE
ŠAMP GLISS BLOND PERF 250 ml,90885511,GLISS,0.25 l,ko,,11.96,2.99,6.49,6.49,9000101617481,KOZMETIKA
KAVA JUBILARNA MLJEV 500g VR FRANCK,90488183,JUBILARNA,0.50 kg,ko,7.69,15.38,,6.49,7.69,3858881088177,HRANA
HRENOVKA TELEĆA RFZ RAVLIĆ,90494487,RAVLIĆ,1.00 kg,kg,11.49,11.49,,11.49,11.49,,HRANA
RAKIJA ŠLJIVOVICA 0.35L ZVEČEVO,90499407,ZVEČEVO,0.35 l,ko,6.69,19.11,,6.69,6.69,3858894170142,PIĆE
BURGER BEYOND 226g,90592978,BEYOND MEAT,0.23 kg,ko,5.99,26.48,,5.99,5.99,1230000068116,HRANA
KORA ZA SAVIJAČU 500g ANA,90597762,ANA,0.50 kg,ko,2.05,4.1,,2.05,2.05,3859890841012,HRANA
PANCETTA 100g NAREZAK PAOLO,90713099,ROVAGNATI,0.10 kg,ko,3.89,38.9,,3.11,3.89,8007141501771,HRANA
VODA MOJ DAN MIN NEGAZ 1.5L PET,90713241,MOJ DAN,1.50 l,ko,0.43,0.29,,0.43,0.43,3850334114358,PIĆE
NAPITAK BADEM BŠ EKO 1L BRIDGE,90713251,THE BRIDGE,1.00 l,ko,2.69,2.69,,2.69,2.69,8019428007289,HRANA
MUESLI GRANOLA CLASSIC 380g KELLOGGS,90713288,KELLOGGS,0.38 kg,ko,5.49,14.45,,5.49,5.49,5059319020334,HRANA
MUESLI GRAN CHOC NUT 380g KELLOGGS,90713290,KELLOGGS,0.38 kg,ko,5.49,14.45,,5.49,5.49,5059319020365,HRANA
SIR SVJ S VRHNJEM 500g KRAVICA,90713402,KRAVICA KRALJICA,0.50 kg,ko,3.19,6.38,,3.19,3.19,3856015328960,HRANA
KOBASICE ROŠTILJ SIR 360g KUDELIĆ,90713558,KUDELIĆ,0.36 kg,ko,,9.69,3.49,3.99,3.99,3859891672622,HRANA
BOMBONJERA ATLANTIS ČOK ŠKOLJKE 200g,90715182,ATLANTIS,0.20 kg,ko,5.29,26.45,,5.29,5.29,5310005002899,HRANA
ČIPS LAY'S OVEN BAKED JOGURT 110g,90720105,PEPSICO,0.11 kg,ko,2.59,23.55,,2.59,2.59,5900259128843,HRANA
ZP PLID SUPERFR 125ml,90725240,PLIDENTA,0.13 l,ko,2.69,21.52,,1.87,2.69,3856007910784,KOZMETIKA
INSTANT NESCAFE CREMA SENS ST 3X190g,90725556,NESCAFE,0.57 kg,ko,18.45,32.37,,18.45,18.45,8445290820761,HRANA
PIVO GRIF IPA 0.5L NB,90730836,GRIF,0.50 l,ko,2.75,5.5,,2.75,2.75,3859893353697,PIĆE
FLIPS PATOS CRITOS CHEESE 100g,90731813,PATOS,0.10 kg,ko,1.99,19.9,,1.99,1.99,8691477400145,HRANA
KREKER VK PAPIGE MED JAJE VOĆE 3/1 168G,90732191,VITAKRAFT,0.17 kg,ko,2.49,14.82,,1.99,2.49,4008239212313,PROIZVODI ZA KUĆANSTVO
BOMBON KIS TRAKE COLA 9g VIDAL,90732266,VIDAL,0.01 kg,ko,0.19,21.11,,0.19,0.19,8413178270267,HRANA
MESNE OKRUGLICE PERAD 500g ABBELEN,90734814,ABBELEN,0.50 kg,ko,3.89,7.78,,3.89,3.89,4132500003222,HRANA
BRUSNICA SUHA 400 grama,90745214,MARJAN VOĆE,0.40 kg,ko,3.99,9.98,,2.99,3.99,3859893555725,HRANA
DATULJA MEDJOUL PREMIUM 250 g,90750195,EUROCOMPANY,0.25 kg,ko,3.69,14.76,,3.69,3.69,3872084015648,HRANA
DŽEM VIŠ KUPIN JAG SQUEEZE 330 g PODR,90750765,PODRAVKA,0.33 kg,ko,2.89,8.76,,2.89,2.89,3856020270186,HRANA
DESERT CORNY PROTEIN SL KARAMELA 50g,90764977,SCHWARTAU,0.05 kg,ko,1.89,37.8,,1.89,1.89,4011800296117,HRANA
GEL TUŠ DOVE W DEEP NOUR XXL 400 ml,90775076,DOVE,0.40 l,ko,7.49,18.73,,7.49,7.49,8720181457425,KOZMETIKA
ZP PHYTODENT BRIGHT&FRESH 75 ml,90775252,PLIDENTA,0.08 l,ko,3.59,47.87,,2.49,3.59,3856007911811,KOZMETIKA
SOMAT GEL EXCELLENCE 2X684ml,90785216,SOMAT,1.37 kg,ko,,10.59,14.49,14.49,14.49,9000101819502,SREDSTVA ZA ČIŠĆENJE
CHANTECLAIR ODMAŠČ LIMUN 600 ml,90785286,CHANTE CLAIR,0.60 l,ko,3.65,6.08,,3.65,3.65,8015194522957,SREDSTVA ZA ČIŠĆENJE
SRED SANYTOL DEZINF RUBLJA 1 L,90785287,SANYTOL,1.00 l,ko,6.25,6.25,,6.25,6.25,3045206360609,SREDSTVA ZA ČIŠĆENJE
PIZZA ROCK&ROLL MARGHARITA 2X420 g,90800911,ROCK & ROLL,0.86 kg,ko,2,2.32,,2,2,5201310004732,HRANA
CROISSANT NUTELLA 4X85 g,90804741,FERRERO,0.34 kg,ko,5.99,17.62,,5.99,5.99,8000500413654,HRANA
ČOKOLADNO JAJE PAW PATROL 20g ZAINI,90809659,ZAINI,0.02 kg,ko,1.19,59.5,,1.19,1.19,80710196,HRANA
PITA S PILETINOM 550 g MINUTE,90810846,MINUTE,0.55 kg,ko,,6.81,3.74,4.99,4.99,3850334415097,HRANA
UMAK ORIGINAL BBQ 280g JACK DANIELS,90824758,JACK DANIELS,0.28 kg,ko,6.99,24.96,,6.99,6.99,0810020935578,HRANA
ČAJ SLJEZ KORIJEN 50g AGRISTAR,90824925,AGRISTAR,0.05 kg,ko,4.69,93.8,,4.69,4.69,3858886500964,HRANA
KUGLICE PISTACIJA 100 g FITFIT,90825647,FIT&FIT,0.10 kg,ko,3.99,39.9,,3.99,3.99,8683923381696,HRANA
BOMBON ŽELE VOĆNI MIX 200 g ROSHEN,90840031,ROSHEN,0.20 kg,ko,1.49,7.45,,1.49,1.49,4823077602801,HRANA
ČAJ BEAUTY  10/1 17.5G TEEKANNE,90864649,TEEKANNE,0.02 kg,ko,1.89,108,,1.89,1.89,9001475062747,HRANA
DET PERSIL EXPERT BY SILAN 2.70L=60P,90875468,PERSIL,2.70 l,ko,23.99,8.89,,23.99,23.99,9000101566819,SREDSTVA ZA ČIŠĆENJE
MASLAC LURPAK 200 g,90880065,LURPAK,0.20 kg,ko,2.99,14.95,,2.99,2.99,5740900400016,HRANA
DEO BOROTALCO MARINE 150 ml,90885452,BOROTALCO,0.15 l,ko,3.99,26.6,,1.99,3.99,8002410043099,KOZMETIKA
ROLL ON BOROTALCO UNIIQUE 50 ml,90885473,BOROTALCO,0.05 l,ko,3.99,79.8,,1.99,3.99,80766858,KOZMETIKA
KOKICE CARAME CHIL&MALI 170 g BOOMZA,90887167,BOOMZA,0.17 kg,ko,2.49,14.65,,2.49,2.49,4820196732464,HRANA
GRISSINI DULCETTI RUŽMARIN 170 g,90890120,DULCETTI,0.17 kg,ko,,5.82,0.99,1.29,1.29,3838900843499,HRANA
SENDVIČ PIKANT SALA I PROV SIR 140 G,90890184,EUROCHEF,0.14 kg,ko,2.49,17.79,,2.49,2.49,8033524203291,HRANA
ĆEVAPČIĆI 480 g K PLUS,90890234,K PLUS,0.48 kg,ko,3.59,7.48,,2.51,3.59,3850139286359,HRANA
OM DUEL BLUE DIAMOND 1.6 L,90895399,DUEL,1.60 l,ko,4.99,3.12,,4.99,4.99,8606015847009,SREDSTVA ZA ČIŠĆENJE
MRKVA,01401501,,1.00 kg,kg,0.79,0.79,,0.79,0.79,3850334173126,HRANA
BANANA SNIŽENJE,01411643,,1.00 kg,kg,1.19,1.19,,1.19,1.19,,HRANA
SRDELA SVJ MEDUZA,02193072,,1.00 kg,kg,2.39,2.39,,1.43,2.39,,HRANA
VONGOLE SVJEŽE,02197435,,1.00 kg,kg,23.99,23.99,,14.38,23.99,93856024301667,HRANA
ROMB 1/1500 SVJEŽI  MEDUZA,02197632,,1.00 kg,kg,18.19,18.19,,10.91,18.19,,HRANA
SV CARSKO MESO U CHILLI MARINADI,02400313,KONZUM,1.00 ko,ko,6.41,6.41,,4.48,6.41,,HRANA
TEL SLABINA SK S BIFTEKOM,02410040,MARTINJAK,1.00 kg,kg,11.99,11.99,,11.99,11.99,,HRANA
JUN SRCA ,02480019,PIK VRBOVEC,1.00 kg,kg,4.65,4.65,,4.65,4.65,3850139443561,HRANA
VINO POSTUP 0.75L PZ I VIN DINGAČ,03023753,PZ I VIN DINGAČ,0.75 l,ko,13.59,18.12,,13.59,13.59,3859888108028,PIĆE
 CHAMPAGNE MOET&CHANDON BRUT ROSE 0.75L,03032014,MOET&CHANDON,0.75 l,ko,79.05,105.4,,79.05,79.05,3185370074831,PIĆE
KLEPE SA MESOM 350 g BUJRUM,90830089,BUJRUM,0.35 kg,ko,4.99,14.27,,4.99,4.99,3859893922138,HRANA
SIR POLUTVRDI TRAPIST TOLLE 700 g,90859784,TOLLE,0.70 kg,ko,6.29,8.99,,6.29,6.29,5998201201911,HRANA
ŠAMPON GEL 2U1 MELEM JAG MAL 260 ml,90874869,MELEM,0.26 l,ko,,12.65,3.29,3.11,3.89,3856007912696,KOZMETIKA
SALV PALOMA CHI&WAT 33X33 3SL 20/1,90885072,PALOMA,1.00 ko,ko,1.69,1.69,,1.35,2.29,3838952035989,PROIZVODI ZA KUĆANSTVO
REG GLISS SPR LIQ 200 ml,90885485,GLISS,0.20 l,ko,,22.45,4.49,6.49,6.49,9000100256087,KOZMETIKA
WHISKAS SM GOVEDINA 800 g,90886233,WHISKAS,0.80 kg,ko,5.49,6.86,,4.35,5.49,5998749146880,PROIZVODI ZA KUĆANSTVO
DET ARIEL EX COLOR CARE 38TAB,90886273,ARIEL,37.99 ko,ko,25.49,0.67,,16.49,25.49,8700216764483,SREDSTVA ZA ČIŠĆENJE
SNACK PARMIG CRACK 20 g PARMAREGGIO,90886281,PARMAREGGIO,0.02 kg,ko,1.49,74.5,,1.39,1.49,8010721001516,HRANA
ČETKICA ORAL B KIDS 3 21 SOFT,90887402,ORAL B,1.00 ko,ko,,2.99,2.99,3.99,3.99,8700216749497,KOZMETIKA
DET PERWOLL BLACK 2 L=40PR,90890163,PERWOLL,2.00 l,ko,12.99,6.5,,12.99,12.99,9000101808445,SREDSTVA ZA ČIŠĆENJE
MORSKA SOL BOČ 120 g KOTANYI,90890557,KOTANYI,0.12 kg,ko,1.99,16.58,,1.99,1.99,9001414046241,HRANA
MJEŠ TORTA LINO LADA 320 g DOLCELA,90899889,DOLCELA,0.32 kg,ko,3.79,11.84,,3.79,3.79,3856020277314,HRANA
SPRITZ ALMARE CLASSICO 0.75L,90899975,ALMARE,0.75 l,ko,7.55,10.07,,7.55,7.55,8004595053603,PIĆE
BLITVA VEZANA KOM,01409940,,0.50 kg,ko,1.49,2.98,,1.49,1.49,3850334385925,HRANA
KRUMPIR PIRE INST 200g PODRAVKA,01491658,PODRAVKA,0.20 kg,ko,2.69,13.45,,2.69,2.69,3850104219382,HRANA
SENF LJUTI DIJON ST.200ml,01536106,MAUTNER MARK,0.20 l,ko,3.19,15.95,,3.19,3.19,3563490010098,HRANA
VRATINA DIMLJENA BK 1/2 VAC VRBOVEC,02018139,PIK,1.00 kg,kg,7.99,7.99,,7.99,7.99,3850139050714,HRANA
MASLAC 250g ZDENKA,02180301,ZDENKA,0.25 kg,ko,3.29,13.16,,3.29,3.29,3858888590345,HRANA
TUNJ KOMADI EVA 112G,02190461,EVA,0.11 kg,ko,3.69,32.95,,3.69,3.69,3850104231506,HRANA
KUNJKE FIORITAL,02191909,FIORITAL,1.00 kg,kg,11.79,11.79,,7.07,11.79,93856024300806,HRANA
MOL II SVJ MEDUZA,02195267,,1.00 kg,kg,5.89,5.89,,3.53,5.89,,HRANA
ŠKARPUNADA II SVJ MEDUZA,02195296,,1.00 kg,kg,3.79,3.79,,2.27,3.79,,HRANA
DAGNJE (STONSKE) SVJ FIORITAL,02197432,,1.00 kg,kg,3.99,3.99,,2.39,3.99,,HRANA
ŠKARPINA MEDUZA NOVI ZELAND,02197793,MEDUZA,1.00 kg,kg,29.29,29.29,,17.56,29.29,,HRANA
ŠLAG SPRAY 250ML DUKAT,02321021,BRZO&FINO,0.25 l,ko,3.49,13.96,,3.49,3.49,3850354018247,HRANA
VRHNJE ZA KUHANJE 200ml SLIM VINDIJA,02331033,Z BREGOV,0.20 l,ko,1.39,6.95,,1.25,1.39,3850108033588,HRANA
SLAD LEDO MACHO ČOKOLADA 75ML,02350635,MACHO,0.08 l,ko,1.89,25.2,,1.89,1.89,3850116612621,HRANA
SLAD KONTIKI 70ML LEDO,02351276,LEDO,0.07 l,ko,0.99,14.14,,0.99,0.99,3850116842974,HRANA
VALJUŠCI 500g LEDO,02370042,LEDO,0.50 kg,ko,2.99,5.98,,2.99,2.99,3850116535890,HRANA
PRASEĆA KL POLOVICA ,02400690,PIK VRBOVEC,1.00 kg,kg,11.35,11.35,,11.35,11.35,3850139430219,HRANA
PIL ZABATAK RFZ VINDIJA,02431389,CEKIN,1.00 kg,kg,4.19,4.19,,4.19,4.19,3850159110078,HRANA
ŽELUCI PILEĆI 500g SVJ VINDIJA,02435557,CEKIN,0.50 kg,ko,2.65,5.3,,2.65,2.65,3850159110948,HRANA
RAŽNJIĆI PUREĆI S PAPRIKOM 470g SVJ,02455512,VINDON,0.47 kg,ko,7.99,17,,6.99,6.99,3850339419083,HRANA
LIKER COINTREAU 0.7L 40% COCA COLA,03080050,COINTREAU,0.70 l,ko,23.05,32.93,,23.05,23.05,3035542004206,PIĆE
OCAT ALKOHOLNI 0.5L KISKO,03120039,KISKO,0.50 l,ko,1.05,2.1,,1.05,1.05,3850164310142,HRANA
KAŠICA FRUTEK MAREL KRUŠ 120g,03140007,FRUTEK,0.12 kg,ko,1.25,10.42,,0.99,1.25,3838945502979,HRANA
KAŠICA HIPP PILE RIŽ POVRĆE 190g,03140008,HIPP,0.19 kg,ko,1.99,10.47,,1.99,1.99,9062300100959,HRANA
KAŠICA HIPP INT ŽIT KRUŠKA 190g,03142802,HIPP,0.19 kg,ko,1.65,8.68,,1.65,1.65,9062300132400,HRANA
GAZ PIĆE SCHWEPPES TANGERINA 1.5L,03162987,SCHWEPPES,1.50 l,ko,2.25,1.5,,2.25,2.25,5449000044730,PIĆE
GAZ PIĆE COCA COLA 2L,03167351,COCA COLA,2.00 l,ko,2.29,1.15,,2.29,2.29,5449000000286,PIĆE
ULJE MASLIN EX DJ 1L ZVIJEZD,03210017,ZVIJEZDA,1.00 l,ko,,9.99,9.99,13.99,13.99,3858882211550,HRANA
ULJE BUČINO 0.5L ZVIJEZDA,03210094,ZVIJEZDA,0.50 l,ko,10.99,21.98,,10.99,10.99,3858882212052,HRANA
SVJEŽI ŠPAGETI 250g NAŠE KLASJE,04020130,AURELIA,0.25 kg,ko,2.19,8.76,,2.12,2.19,3859890561187,HRANA
KRUPICA KUKURUZNA 750g TENA,04030157,TENA,0.75 kg,ko,1.49,1.99,,1.19,1.49,3858887101757,HRANA
TIJESTO SPAGHETTONI 4 500g ZARA,04050177,PASTA ZARA,0.50 kg,ko,1.09,2.18,,1.09,1.09,8004350130044,HRANA
RIŽA ORIGINARIO 1kg SCOTTI,04060055,RISO SCOTTI,1.00 kg,ko,3.98,3.98,,2.49,2.49,8001860100017,HRANA
ZAČIN MEXICO CHILI CON CARNE 25g VR KOTANYI,04100247,KOTANYI,0.03 kg,ko,1.69,67.6,,1.39,1.69,9001414010150,HRANA
MED KADULJA HR 450g APIDAL,04131001,APIDAL,0.45 kg,ko,10.29,22.87,,10.29,10.29,3859889410021,HRANA
BRUSCHETTE 4 VRSTE SIRA 70g MARETTI,04141681,MARETTI,0.07 kg,ko,,10,0.7,0.7,0.95,3800205875604,HRANA
BISKVIT NARANČA DUO KRAŠ 250g,04144056,KRAŠ,0.25 kg,ko,2.59,10.36,,2.59,2.59,3850102922833,HRANA
MEDENO SRCE 150g VIŠNJA PIONIR,04146068,PIONIR,0.15 kg,ko,1.99,13.27,,1.99,1.99,8602300206780,HRANA
JUHA SLAVONSKA GULAŠ 76g PODRAVKA,04160506,PODRAVKA,0.08 kg,ko,1.39,18.29,,1.39,1.39,3850104007743,HRANA
VINOBRAN 10g ŠAFRAM,04180344,ŠAFRAM,0.01 kg,ko,0.39,39,,0.39,0.39,3859888163348,HRANA
MUFFINS 350g DOLCELA,04180657,DOLCELA,0.35 kg,ko,3.79,10.83,,2.99,3.79,3850104244834,HRANA
ŠLAG PJENA VODA 42g 3+1GRAT DOLCELA,04183299,DOLCELA,0.13 kg,ko,3.3,26.19,,2.55,2.55,3850104218590,HRANA
TUBA FRUTEK JAB/ŠLJIV/KRUŠ 100g,90563187,FRUTEK,0.10 kg,ko,,11.9,1.19,1.19,1.39,3838945439619,HRANA
SWIFFE KOMPL DRŽAČ 8 SUH+3 VLAŽ MAR,90569086,SWIFFER,1.00 ko,ko,19.99,19.99,,19.99,19.99,8006540316764,SREDSTVA ZA ČIŠĆENJE
FELIX MM GOVEDINA 85g,90582726,FELIX,0.09 kg,ko,0.79,9.29,,0.65,0.79,7613287489593,PROIZVODI ZA KUĆANSTVO
KEKS DOLCI CEREALI KAKAO DULCETTI 230g,90662995,DULCETTI,0.23 kg,ko,1.75,7.61,,1.75,1.75,3850334011084,HRANA
PJENUŠAC DJ. ROBBY BUBBLE MALINA 0.75L,90669468,ROBBY BUBBLE,0.75 l,ko,3.65,4.87,,3.65,3.65,8595004610420,PIĆE
GRISSINI SALTEL RUŽMARIN 100g VALLEDORO,90670035,VALLEDORO,0.10 kg,ko,1.46,14.6,,1.46,1.46,8009280001549,HRANA
KOBASICA DOM SUHA S PAPRIK K PLUS,90670454,K PLUS,1.00 kg,kg,12.49,12.49,,12.49,12.49,,HRANA
PIRE VOĆ JAB BIO 100g FRULLA,90705136,FRULLA,0.10 kg,ko,1.19,11.9,,0.89,1.19,8024985008037,HRANA
DET ČARLI KAMILICA 450ml,90468626,ČARLI,0.45 l,ko,1.39,3.09,,1.29,1.29,3850111304149,SREDSTVA ZA ČIŠĆENJE
SLAD MILKA VANILIJA ČOKOLADA 480ml,90484953,MILKA,0.48 l,ko,6.99,14.56,,6.99,6.99,4007993031192,HRANA
LIZALICE FLOPITO BLACK HEART 500g 50/1,90485137,FLORESTAL,0.50 kg,ko,3.71,7.42,,3.71,3.71,7896321019981,HRANA
DŽEM CRNO VOĆE 100% VOĆE  220g PODR,90494843,PODRAVKA,0.22 kg,ko,3.89,17.68,,3.89,3.89,3856020248505,HRANA
BRAŠNO PIR BIO ZONE 1kg,90513577,BIO ZONE,1.00 kg,ko,2.65,2.65,,2.65,2.65,3838900802960,HRANA
WC BREF GEL EXCELLENCE SHINE 700ml,90518733,BREF,0.70 l,ko,3.49,4.99,,3.49,3.49,9000101310986,SREDSTVA ZA ČIŠĆENJE
SALV PALOMA ELITE ROSE 40x40 2sl 20/1,90572893,PALOMA,20.00 ko,ko,3.95,0.2,,3.95,3.95,3838952028417,PROIZVODI ZA KUĆANSTVO
TJEST FETTUCINE 250g  LE VENEZIANE,90573284,LE VENEZIANE,0.25 kg,ko,2.19,8.76,,2.19,2.19,8009915000282,HRANA
KORICA NARANČE FINESSE 3x6gr DR OETKER,90577879,DR OETKER,0.02 kg,ko,1.59,88.33,,1.59,1.59,4000521026134,HRANA
PIĆE GAZ COCA COLA ZERO 5+1 GR 0.33 l LIM,90602705,COCA COLA,1.65 l,ko,5.45,3.3,,5.45,5.45,5000112652871,PIĆE
SIRUP KOPRIVA  0.5L BOBO,90622959,BOBO,0.50 l,ko,5.29,10.58,,5.29,5.29,3859893313684,PIĆE
TP PALOMA CLASSIC 3SL 10/1,90637879,PALOMA,10.00 ko,ko,1.75,0.18,,1.75,1.75,3838952023740,TOALETNE POTREPŠTINE
KAVA LEDENA PARMALAT ESPRESSO 200ml,90642946,PARMALAT,0.20 l,ko,1.99,9.95,,1.99,1.99,8595671300280,HRANA
TORTELLONI PRŠUT 450G AURELIA,90647855,AURELIA,0.45 kg,ko,4.79,10.64,,4.51,4.79,3859893533969,HRANA
OM ORNEL VIOLET 1.6L,90662854,ORNEL,1.60 l,ko,3.99,2.49,,3.99,3.99,3850105182197,SREDSTVA ZA ČIŠĆENJE
FLIPS BOBI MAXX 120g,90668000,BOBI,0.12 kg,ko,0.79,6.58,,0.79,0.79,3858891591087,HRANA
VODA MICEL EVELINE FACEMED 400ML,90669417,EVELINE,0.40 l,ko,,8.03,3.21,4.29,4.29,5901761919400,KOZMETIKA
MASLAC SA CVIJETOM SOLI 250g VERONIKA,90669605,VERONIKA,0.25 kg,ko,4.09,16.36,,4.09,4.09,3859889622677,HRANA
PUREĆI BATAK 1kg,90674379,ZAKŁAD DROBIARSKI,1.00 kg,kg,2.99,2.99,,2.99,2.99,,HRANA
PROTEIN BROWNIE WHITE CHOCOLATE 75g,90674578,POLLEO,0.08 kg,ko,2.49,33.2,,2.49,2.49,3856026803654,HRANA
CAPPUCCINO RITUAL CLASSIC VR 200g,90682991,RITUAL,0.20 kg,ko,1.95,9.75,,1.95,1.95,8605002356401,HRANA
SIRUP K PLUS LIMUN LIMETA 1L,90703470,K PLUS,1.00 l,ko,2.55,2.55,,2.55,2.55,3850334044372,PIĆE
ŠAMPON H&S ANTI HAIRFALL 400ml,90703756,HEAD&SHOULDE,0.40 l,ko,5,12.5,,5,5,8006540833605,KOZMETIKA
MAKARONI S JAJIMA 500g MLIN PUKANIĆ,90704300,MLIN PUKANIĆ,0.50 kg,ko,2.19,4.38,,2.19,2.19,3859892888268,HRANA
BLANC ZA IZBJELJ KOSE ANNYER 40g,90704480,ANNYER,0.04 kg,ko,3.19,79.75,,3.19,3.19,3850177008067,KOZMETIKA
KOKICE CHIO SLANE 75g,90705270,CHIO,0.08 kg,ko,1.39,18.53,,1.39,1.39,8595606209398,HRANA
PISTACIO FP EC LJUSKA SLANI 300g,90705636,EUROCOMPANY,0.30 kg,ko,7.29,24.3,,5.02,7.29,3872084015099,HRANA
MUESLI GRAN FUN&FIT VIŠNJA/TAM ČOK 330g,90726765,FUN&FIT,0.33 kg,ko,3.99,12.09,,3.99,3.99,8606015857800,HRANA
GEL TUŠ LACTOVIT LACT FIRM 600ml,90730131,LACTOVIT,0.60 l,ko,,4.98,2.99,3.99,3.99,8411135008199,KOZMETIKA
SPEC DOG EX. SP AD MINI JANJ 1.5kg,90732335,SPECIAL DOG EXCELLENCE,1.50 kg,ko,9.99,6.66,,6.99,9.99,8009470059756,PROIZVODI ZA KUĆANSTVO
MUESLI CRUNCHY WHITE CHOCO/COOKIES 300g,90739718,DOBRA,0.30 kg,ko,3.99,13.3,,3.99,3.99,8595054907945,HRANA
RUČNIK PALOMA PRO CLEAN 3SL 1/1,90749729,PALOMA,1.00 ko,ko,1.89,1.89,,1.89,1.89,3838952033893,PROIZVODI ZA KUĆANSTVO
KEKS DOLCI GRANELLI DULCETTI 350 g,90749918,DULCETTI,0.35 kg,ko,2.15,6.14,,2.15,2.15,3850334100276,HRANA
SARDINA U SUNC ULJU ADRIA MARE 100g/70g,90754843,ADRIA MARE,0.07 kg,ko,1,14.29,,1,1,3850334063434,HRANA
DESERT NA BAZI KOKOS ČOK 135g ALPRO,90759892,ALPRO,0.14 kg,ko,2.39,17.7,,2.39,2.39,5411188139928,HRANA
GEL TUŠ J&J ADULT BADEM JASM 400 ml,90765110,J&J,0.40 l,ko,,7.13,2.85,4.09,4.09,3574661384627,KOZMETIKA
GRAH CRVENI 326g/285g D AUCY,90770411,D AUCY,0.29 kg,ko,1.59,5.58,,1.59,1.59,3017800252413,HRANA
KUMIN MLJEVENI 15 g KOTANYI,90770635,KOTANYI,0.02 kg,ko,1.69,112.67,,1.39,1.69,9001414135532,HRANA
PLATA ROYAL SLAVONICA 1150 g PLATA DO VRATA,90774882,PLATA DO VRATA,1.15 kg,ko,42.5,36.96,,39.5,39.5,3859894230249,HRANA
GEL TUŠ DOVE W PETAL SOFT XXL 450 ml,90775092,DOVE,0.45 l,ko,5.99,13.31,,5.99,5.99,8720181471599,KOZMETIKA
PIRE VOĆNI GLOW BIO 200 g O PLANT,90780071,O PLANT,0.20 kg,ko,1.99,9.95,,1.59,1.99,3856020270698,HRANA
SENDVIČ TUNA MINUTE 200 g,90800565,MINUTE,0.20 kg,ko,2.99,14.95,,2.99,2.99,3850334428875,HRANA
PAGAR OČIŠČEN 400-600 PAK KONZUM,90800892,,1.00 kg,kg,13.99,13.99,,8.39,13.99,,HRANA
DET ARIEL EXTRA CLEAN 1.7L=34PR,90705916,ARIEL,1.70 l,ko,10,5.88,,10,10,8006540878781,SREDSTVA ZA ČIŠĆENJE
BOJA COMPLETE COL N67 CHOCO  7824,06541020,ANNYER,1.00 ko,ko,3.99,3.99,,3.99,3.99,3850177007824,KOZMETIKA
GEL GELCAP GENERA LIGHT 300ML,06543512,GENERA,0.30 l,ko,2.19,7.3,,2.19,2.19,8003693402450,KOZMETIKA
DEO AXE EXCITE 150ML,06550302,AXE,0.15 l,ko,,22.73,3.41,4.55,4.55,8718114650708,KOZMETIKA
LIP BALM ROS NATURAL N 0082,06580090,ROSAL,1.00 ko,ko,1,1,,1,1,3856007908552,KOZMETIKA
MLIJEKO TIJ NIVEA BODY KREMAST 250ml,06592660,NIVEA,0.25 l,ko,,22.36,5.59,5.99,7.99,4005808247349,KOZMETIKA
KREMA ROSAL FAM HYDRASOFT 250ml,06592991,ROSAL,0.25 l,ko,4.59,18.36,,4.59,4.59,3856007903359,KOZMETIKA
ŠAMPON SCHAUMA 250ml DJ JAGODA 1948,06600012,SCHAUMA,0.25 l,ko,2,8,,2,2,4015000665957,KOZMETIKA
BRIJAČ JEDNOK WILK PRONTO 5/1  18500,06630461,WILKINSON,5.00 ko,ko,1.95,0.39,,1.95,1.95,4027800080137,KOZMETIKA
TUNJ OCEAN KOMADI NATURALE 112g,90036190,OCEAN,0.11 kg,ko,1.79,15.98,,1.79,1.79,3850334350268,HRANA
DESERT KINDER MILCHSCHNITTE T5 140g,90039969,FERRERO,0.14 kg,ko,2.99,21.36,,2.49,2.49,8000500062654,HRANA
KOST 8CM 5X15g TRIXIE,90042995,TRIXIE,0.08 kg,ko,3.45,46,,3.45,3.45,4011905027876,PROIZVODI ZA KUĆANSTVO
ČAJ ZEL S JASMINOM  KUT 100g AHMAD,90047793,AHMAD,0.10 kg,ko,3.99,39.9,,3.99,3.99,054881009546,HRANA
DESERT M&M KIKIRIKI 200g,90059749,MARS,0.20 kg,ko,4.49,22.45,,4.49,4.49,5900951317910,HRANA
ULJE MASLINOVO EX DJEV 1L K PLUS,90077664,K PLUS,1.00 l,ko,9.99,9.99,,9.99,9.99,3850334394149,HRANA
ŠTAPIĆI KIKIRIKI SALTAS 40g,90082048,SALTAS,0.04 kg,ko,0.59,14.75,,0.59,0.59,3856014114359,HRANA
LAK TAFT POWER INVISIBLE 250ml,90082457,TAFT,0.25 l,ko,,11.96,2.99,2.99,4.99,9000100876520,KOZMETIKA
PAŠTETA JETRENA U TUBI 150g,90083371,GAVRILOVIĆ,0.15 kg,ko,2.49,16.6,,2.49,2.49,3858881226562,HRANA
PAŠTETA TUNJ AQ 95g,90088350,ADRIATIC QUEEN,0.10 kg,ko,2.19,23.05,,2.19,2.19,3850160208016,HRANA
PATARAČA II RZ LIBURNIJA,90097414,,1.00 kg,kg,5.49,5.49,,2.75,5.49,,HRANA
PUDING VANIL 37G 3+1g  PODRAVKA,90155240,DOLCELA,0.11 kg,ko,2.1,18.92,,1.29,1.29,3850104276514,HRANA
KOCKA KOKOŠJA 40g PODRAVKA,90161314,PODRAVKA,0.04 kg,ko,1.15,28.75,,1.15,1.15,3850104267208,HRANA
KEKSI MINI MADELEINES CHOCO 175G,90168018,ST MICHEL,0.18 kg,ko,2.59,14.8,,2.59,2.59,3178530407938,HRANA
SLANUTAK LIM  800G,90169887,PODRAVKA,0.80 kg,ko,2.79,3.49,,2.79,2.79,3850104275609,HRANA
ŠAMPON FRUCTIS GROWSTRONG 250ML,90182138,GARNIER FRUCTIS,0.25 l,ko,,9.76,2.44,3.29,3.49,3600541660564,KOZMETIKA
PEL VIOLETA AD JUNIOR PLUS 6 16+kg 48/1,90193974,VIOLETA,48.01 ko,ko,,0.25,11.99,11.99,14.4,3870128010314,TOALETNE POTREPŠTINE
VINO SAINTS HILLS MALA NEVINA 0.75L,90215031,SAINTS HILLS,0.75 l,ko,20.05,26.73,,20.05,20.05,3857000002179,PIĆE
ORAŠČIĆ MIX SEEBERGER 150g,90222663,SEEBERGER,0.15 kg,ko,4.59,30.6,,4.59,4.59,4008258150092,HRANA
LIKER KUPINA  INCANTO 0.50 L,90235851,INCANTO,0.50 l,ko,13.85,27.7,,13.85,13.85,3858891172446,PIĆE
KREMA EVEL NAT LINE KOLAG+ELAST D/N 50ml,90260542,EVELINE,0.05 l,ko,,80.2,4.01,5.35,5.35,5901761912272,KOZMETIKA
JUHA KREM RAJČICA I BOSILJAK  56G MAGGI,90260594,MAGGI,0.06 kg,ko,1.39,24.82,,1.39,1.39,7613287419866,HRANA
VRHNJE KISELO 12% MM 200G VERONIKA,90267803,VERONIKA,0.20 kg,ko,0.99,4.95,,0.99,0.99,3859889622028,HRANA
JUN MLJEVENA 540G (MA),90276065,PIK VRBOVEC,0.54 kg,ko,5.99,11.09,,4.19,5.99,3850139540611,HRANA
HRENOVKA POLI 130G PERUTNINA,90279771,POLI,0.13 kg,ko,1.05,8.08,,0.89,0.89,3850220153928,HRANA
TUBA VOĆNA HIPP JAB KRUŠ BAN 100g,90290024,HIPP,0.10 kg,ko,1.35,13.5,,1.05,1.35,4062300278530,HRANA
MED LIPA HR 450g MARKO S,90300402,MARKO S,0.45 kg,ko,7.29,16.2,,7.29,7.29,3859892918453,HRANA
DŽEM MARELICA 430g MADRE NATURA,90300422,MADRE NATURA,0.43 kg,ko,3.99,9.28,,3.99,3.99,3859892918408,HRANA
BRUSNICA VEDRINI SUHA 500g,90303748,VEDRINI,0.50 kg,ko,4.79,9.58,,4.79,4.79,3859890630470,HRANA
VINO MALVAZIJA BENVENUTI 0.75l,90308594,BENVENUTI,0.75 l,ko,17.85,23.8,,17.85,17.85,3857500050106,PIĆE
VINO CHARDONNAY 0.75L VINA BELJE,90311388,BELJE,0.75 l,ko,,8.03,6.02,5.79,6.99,3850257019198,PIĆE
LEDENI ČAJ ŠUMSKO VOĆE 0.5L FUZETEA,90311873,FUZETEA,0.50 l,ko,1.25,2.5,,1.25,1.25,5449000239167,PIĆE
ČETKICA CURAPROX CS 5460 ULTRA SOFT,90332148,CURAPROX,1.00 ko,ko,5.99,5.99,,5.99,5.99,7612412423143,KOZMETIKA
GRAŠAK 450g DUKAT,90350729,DUKAT,0.45 kg,ko,1.59,3.53,,1.59,1.59,3850354013730,HRANA
SLAD GELATISSIMO VAN ČOK JAG 2l,90360364,GELATISSIMO,2.00 l,ko,3.99,2,,3.29,3.99,3850334153241,HRANA
GIN ROKEBY'S HALF CROWN 0.7L,90361212,BURLINGTON,0.70 l,ko,15.69,22.41,,15.69,15.69,5021692118106,PIĆE
GAZ PIĆE SCHWEPPES TANGERINE 1L,90361230,SCHWEPPES,1.00 l,ko,1.79,1.79,,1.79,1.79,5449000089380,PIĆE
MIX NESCAFE 3U1 SMEĐI ŠEĆER 10X16.5g VR,90364074,NESCAFE,0.17 kg,ko,2.99,18.12,,2.29,2.99,7613036844475,HRANA
VINO CABERNET  VRH PLANTAŽE 0.75l,90364640,PLANTAŽE,0.75 l,ko,6.65,8.87,,6.65,6.65,3899003001032,PIĆE
GEL NIVEA MEN FIXATING 150ml,90377428,NIVEA,0.15 l,ko,,30.27,4.54,6.49,6.49,9005800318349,KOZMETIKA
OCAT OD NARA 500ml PONTI,90378025,PONTI,0.50 l,ko,4.49,8.98,,4.49,4.49,8001010105909,HRANA
MUESLI CRUNCH NATU BIJEL ČOK KEKSI 350g,90386071,NATUREL,0.35 kg,ko,,7.4,2.59,2.59,3.59,3858889364822,HRANA
ČAJ ŠUMSKO VOĆE 50g DAR PRIRODE,90386139,DAR PRIRODE,0.05 kg,ko,1.99,39.8,,1.99,1.99,3859892997106,HRANA
ŠAMPON GEL 2U1 MELEM MAN LIM 260 ml,90874860,MELEM,0.26 l,ko,,12.65,3.29,3.11,3.89,3856007912702,KOZMETIKA
DESERT M&M CHOCO MOULDED EGGS 70 g,90875406,MARS,0.07 kg,ko,1,14.29,,1,1.5,5000159567602,HRANA
VINO GRAŠEVINA KV 0.187L BELJE,90311449,BELJE,0.19 l,ko,2.29,12.25,,2.29,2.29,3850257019204,PIĆE
PROTEIN PROSERIES COOKIE 85g DARK CHOCOLATE,90344616,POLLEO,0.09 kg,ko,2.99,35.18,,2.99,2.99,3859893008825,HRANA
ČAJ PURE PEPPERMINT 40g TWIN,90350807,TWININGS,0.04 kg,ko,3.79,94.75,,3.79,3.79,0070177177744,HRANA
SIR TVRDI S TARTUFIMA 230g,90354681,ŠPIN,0.23 kg,ko,9.42,40.96,,9.42,9.42,3858881196650,HRANA
PEL PAMPERS PREMIUM JP S4 68/1,90360921,PAMPERS,68.03 ko,ko,26.54,0.39,,26.54,26.54,8001841104959,TOALETNE POTREPŠTINE
NAPITAK GATORADE MALINA 0.5L,90361184,GATORADE,0.50 l,ko,1.65,3.3,,1.65,1.65,8001160001113,PIĆE
ONE SP MINI GOV RIŽA 800g,90361613,ONE,0.80 kg,ko,5.49,6.86,,5.49,5.49,7613034146731,PROIZVODI ZA KUĆANSTVO
ŠAMPON FRUCTIS SOS 10U1 400ml,90361834,GARNIER FRUCTIS,0.40 l,ko,,11,4.4,6.29,6.29,3600542225397,KOZMETIKA
DEO ROLL ON GARN CONTR 50ml,90362119,GARNIER,0.05 l,ko,,73.8,3.69,4.59,4.99,3600542217422,KOZMETIKA
ŠAMPON DRY SYOSS PURE 200ml,90362162,SYOSS,0.20 l,ko,,22.45,4.49,4.49,4.49,9000101231502,KOZMETIKA
KREMA NOĆ OLEA REGENER 50ml,90362337,OLEA,0.05 l,ko,,53,2.65,3.35,3.35,3850334151315,KOZMETIKA
PIĆE GAZ COCKTA 0.33L LIM,90363697,COCKTA,0.33 l,ko,1.05,3.18,,1.05,1.05,3838471038027,PIĆE
ZP ELMEX SENS WHIT 75ml,90363714,ELMEX,0.08 l,ko,,50.53,3.79,3.59,4.79,8714789926278,KOZMETIKA
ZP ELMEX SENS PROF 75ml,90363716,ELMEX,0.08 l,ko,,63.87,4.79,4.49,5.99,8718951025998,KOZMETIKA
BOMBONIJERA MERCI PETITS CHOCO 125g,90364025,MERCI,0.13 kg,ko,3.49,27.92,,3.49,3.49,4014400925395,HRANA
NJOKI  BEZ GLUTENA 500g KADICA IL PASTAIO,90364452,IL PASTAIO,0.50 kg,ko,2.99,5.98,,2.99,2.99,8015057004224,HRANA
SMJESA ZA AM PALAČ S PROT 210g DR OETKER,90377409,DR OETKER,0.21 l,ko,2.79,13.29,,2.79,2.79,5997381365345,HRANA
HAIR FOOD FRUCTUIS BAN 390ml,90380314,GARNIER FRUCTIS,0.39 l,ko,,13.31,5.19,7.49,7.49,3600542135993,KOZMETIKA
FANT ZA ZAPEČ PILETINU  4 SIRA 40G PODRAV,90403260,FANT,0.04 kg,ko,1.39,34.75,,1.39,1.39,3856020236502,HRANA
JUHA DOMAĆA KOKOŠJA 45g ALEVA,90403435,ALEVA,0.05 kg,ko,0.69,15.33,,0.69,0.69,8600947036753,HRANA
RUČNIK PAP ZEWA 2SL 2/1,90404680,ZEWA,2.00 ko,ko,1.59,0.8,,1.59,1.59,7322541191331,PROIZVODI ZA KUĆANSTVO
DESERT CREMORE DUO ČOK 190g ZOTT,90405309,CREMORE,0.19 kg,ko,0.89,4.68,,0.89,0.89,4014500518145,HRANA
MLINCI DOM S NAR BATATOM 200g KOVAČIĆ,90412068,OPG IVAN KOVAČIĆ,0.20 kg,ko,2.12,10.6,,2.12,2.12,3858893350026,HRANA
ZP PLID SUPERFR 75ml,90423021,PLIDENTA,0.08 l,ko,2.15,28.67,,1.49,2.15,3856007908071,KOZMETIKA
PLODOVI MORA UMAK RAJČICA FROZY 500g,90423738,FROZY,0.50 kg,ko,4.91,9.82,,4.91,4.91,3858891044590,HRANA
ZP ORAL B G&E GENT WHI 2X75ml,90424349,ORAL B,0.15 l,ko,7.39,49.27,,7.39,7.39,8700216541084,KOZMETIKA
DEO REXONA  INV FR POWER 150ml,90477891,REXONA,0.15 l,ko,4.75,31.67,,3.49,4.75,8720181101922,KOZMETIKA
SWIFFER DUST NASTAVCI ZA PRAŠINU 10/1,90569071,SWIFFER,10.00 ko,ko,9.99,1,,9.99,9.99,8700216743563,SREDSTVA ZA ČIŠĆENJE
SIRUP MENTA 0.5L BOBO,90571017,BOBO,0.50 l,ko,5.29,10.58,,5.29,5.29,3859893313554,PIĆE
DŽEM EXTRA MALINA 320g PODRAVKA,90572909,PODRAVKA,0.32 kg,ko,3.89,12.16,,3.89,3.89,3856020253042,HRANA
DEO NIVEA BLA&WHI SILKY SMOOTH 250ml,90597877,NIVEA,0.25 l,ko,,14.36,3.59,5.39,7.19,9005800379050,KOZMETIKA
GEL TUŠ BIOB BOTANIKA ROSARY 250ml,90599312,BIOBAZA,0.25 l,ko,,8.96,2.24,2.99,2.99,3856020910358,KOZMETIKA
MJEŠ ZAČ ZA GRILL Q&E 40g KOTANYI,90698145,KOTANYI,0.04 kg,ko,0.98,24.5,,0.98,0.98,9001414237229,HRANA
KOLAČ MEDENA PITA K PLUS 400g ,90468092,K PLUS,0.40 kg,ko,4.99,12.48,,4.29,4.29,3850334385451,HRANA
VODA MICEL SN HYAL ALOE 400ml,90478266,GARNIER,0.40 l,ko,,14.48,5.79,7.59,7.79,3600542396608,KOZMETIKA
UMAK LJUTI STRONG 100ml VRABASCO,90485533,VRABASCO,0.10 l,ko,5.49,54.9,,5.49,5.49,3858893750215,HRANA
KEKS WELLNESS ZOBENE PAHULJICE 210g,90486701,WELLNESS,0.21 kg,ko,1.69,8.05,,1.69,1.69,8600043030525,HRANA
PAŠTETA ČAJNA  U OVITKU 100g GAVRIL,90488211,GAVRILOVIĆ,0.10 kg,ko,1.09,10.9,,1.09,1.09,3858890203172,HRANA
KOLAČI FINI DOMAĆI 290g MLINAR,90493497,MLINAR,0.29 kg,ko,4.69,16.17,,2.99,4.69,3858889893704,HRANA
ŽV GUMA MAL VANIL 21g TRUE GUM,90498542,TRUE GUM,1.00 ko,ko,2.09,2.09,,2.09,2.09,5700002082534,HRANA
SOK FRUCTAL JABUKA BISTRI 100% 1L,90499375,FRUCTAL,1.00 l,ko,2.39,2.39,,1.72,1.72,3838945007887,PIĆE
KRUPICA KUKURUZNA K PLUS 750g,90513318,K PLUS,0.75 kg,ko,0.99,1.32,,0.99,0.99,3850334413277,HRANA
KAŠICA RIBANA 500g MLIN PUKANIĆ,90518483,MLIN PUKANIĆ,0.50 kg,ko,2.05,4.1,,2.05,2.05,3859892888589,HRANA
TUBA FRUTEK VOĆNA KAŠA 100g,90563190,FRUTEK,0.10 kg,ko,,11.9,1.19,1.19,1.39,3838945039260,HRANA
LEDENI ČAJ FUZETEA BRESKVA RUŽA 1.5L,90572204,FUZETEA,1.50 l,ko,1.75,1.17,,1.75,1.75,5449000270146,PIĆE
UMAK FISHSAUCE  145ML GO TAN,90572554,GO-TAN,0.15 kg,ko,3.19,22,,3.19,3.19,8710605018684,HRANA
SIR POLUTVRDI GOUDA 150g DUKAT,90573855,PRESIDENT,0.15 kg,ko,3.19,21.27,,3.19,3.19,3850355007080,HRANA
STRJELKA SVJ FIORITAL ,90593139,,1.00 kg,kg,11.69,11.69,,7.01,11.69,93856024301377,HRANA
DESERT BELVITA TAM ČOK LJEŠNJAK 4x40g,90598020,BELVITA,0.16 kg,ko,4.09,25.56,,3.07,4.09,7622210547613,HRANA
DEO AXE M EPIC FRESH 150ml,90598285,AXE,0.15 l,ko,,22.73,3.41,4.55,4.55,8720181192128,KOZMETIKA
STICK DOVE W GO FR CUCUMBER 40ml,90598313,DOVE,0.04 l,ko,3,75,,3,3,50285662,KOZMETIKA
SLAD GELATISSIMO JAGODA 900ml,90599236,GELATISSIMO,0.90 l,ko,3.99,4.43,,2.99,3.99,3850334009548,HRANA
NAPITAK RED BULL MARELICA-JAGODA 0.25L ,90599681,RED BULL,0.25 l,ko,1.69,6.76,,1.19,1.19,,PIĆE
BOJA SYOSS OLEO 5-54 PEPELJ SVIJ SM,90703192,SYOSS OLEO,1.00 ko,ko,,6.49,6.49,6.49,7.99,9000101705201,KOZMETIKA
SLAD GELATISSIMO SANDWICH 4x110ml,90704564,GELATISSIMO,0.44 l,ko,2.99,6.79,,2.99,2.99,3850334043405,HRANA
SLAD MOCHI PISTAC LITTLE MOONS 6x32g,90704578,LITTLE MOONS,0.19 kg,ko,6.99,36.41,,4.99,6.99,5027324001860,HRANA
PROTEIN BAR KOKOS 35g,90373144,POLLEO,0.04 kg,ko,1.49,42.57,,1.49,1.49,3858892292242,HRANA
JOGURT SOJIN MAL BRUS 150g ALPRO,90381610,ALPRO,0.15 kg,ko,1.55,10.33,,1.55,1.55,5411188126430,HRANA
BUGVA SVJ LIBURNIJA,90389232,LIBURNIJA,1.00 kg,kg,2.49,2.49,,1.49,2.49,,HRANA
TOLSTOLOBIK GLAVE I REP KUPA,90389394,RIBNJACI KUPA,1.00 kg,kg,0.39,0.39,,0.23,0.39,,HRANA
DEO AXE WILD MOHITO&CEDAR 150ml,90401638,AXE,0.15 l,ko,,22.73,3.41,4.55,4.55,8720181027680,KOZMETIKA
ŠAMPON J&J KAMILICA 750ml,90403556,J&J,0.75 l,ko,9.69,12.92,,9.69,9.69,3574669907767,KOZMETIKA
KOVAČ SVJ ŽUVELA,90405509,ŽUVELA,1.00 kg,kg,37.99,37.99,,21.58,35.99,3856023601369,HRANA
SIR TVRDI EMMENTALER MEINGOLD 45% BAYREUTH,90407224,BAYREUTH,1.00 kg,kg,,7.49,7.49,7.99,7.99,4002174087210,HRANA
TELEĆI VRAT SK T BOER,90408173,T BOER & ZN,1.00 kg,kg,8.89,8.89,,7.99,8.89,,HRANA
HIG UL VIOLETA AIR FIT NIGHT 20/1,90409463,VIOLETA,20.00 ko,ko,,0.1,1.99,2.12,3.05,3870128023543,TOALETNE POTREPŠTINE
NAPITAK CANNABIS BEST DRINK 0.25L,90411218,HERBAL THERAPY,0.25 l,ko,1.89,7.56,,1.89,1.89,3859893603525,PIĆE
DEKOR PLAVI 10g DR OETKER,90412551,DR OETKER,0.01 kg,ko,0.69,69,,0.69,0.69,5907707059735,HRANA
VAFL HAPPY SWING ROLICE VANILIJA 150g,90422810,FLIS,0.15 kg,ko,1.25,8.33,,1.25,1.25,5908234805642,HRANA
VINO CUVEE ROSSI MORO 0.75l,90424787,ROSSI,0.75 l,ko,20.65,27.53,,20.65,20.65,3859891585403,PIĆE
PANCETA DALMATINSKA CCA 300g,90428248,OPSKRBA TRAD,1.00 kg,kg,20.99,20.99,,20.99,20.99,,HRANA
TEL BUT BK DOMAĆI,90468507,MARTINJAK,1.00 kg,kg,13.27,13.27,,13.27,13.27,,HRANA
PEL GAĆICE PAMPERS AB JUMBO S3 62 KOM,90477871,PAMPERS,62.04 ko,ko,,0.24,14.99,21.63,21.63,8006540069233,TOALETNE POTREPŠTINE
TABASCO SRIRACHA 256 ml MC.ILHENNY CO,90478754,TABASCO,0.26 l,ko,5.71,22.3,,5.71,5.71,0011210697003,HRANA
UMAK ARRABBIATA 190g SACLA,90484153,SACLA,0.19 kg,ko,3.29,17.32,,3.29,3.29,8001060001930,HRANA
MLIJEKO UHT 2.8% MM + D VIT 1l TE,90486605,VINDIJA,1.00 l,ko,1.02,1.02,,0.94,1.02,3850108021295,HRANA
TP VIOLETA PURE&STRONG XXL 3SL 24/1,90503264,VIOLETA,24.00 ko,ko,4.69,0.2,,4.69,4.99,3858893660255,TOALETNE POTREPŠTINE
KOKOŠ ZA PEČENJE I KUHANJE VINDIJA,90570012,CEKIN,1.00 kg,kg,2.09,2.09,,2.09,2.09,3850159110375,HRANA
DŽEM MIJEŠANO VOĆE 690g PODRAVKA,90570512,PODRAVKA,0.69 kg,ko,2.9,4.2,,2.59,2.9,3856020252304,HRANA
NAMAZ HUMMUS HERBS 200g DIV GARD,90570661,DIVAN GARDEN,0.20 kg,ko,1.72,8.6,,1.72,1.72,3859893493201,HRANA
DET FAKS SUPERAKTIV SC 2.34kg=36 PR,90572984,FAKS,2.34 kg,ko,13.49,5.76,,9.44,13.49,3850105176554,SREDSTVA ZA ČIŠĆENJE
DIM SUM MINI PACK 199g GRUPO OHANA,90577968,AS SUSHI,0.20 kg,ko,6.35,31.94,,6.35,6.35,0604580003644,HRANA
PJENUŠAVO VINO TODAY ROSE 0.75L,90599500,FERAVINO,0.75 l,ko,8.65,11.53,,8.65,8.65,3859893924002,PIĆE
SUHO ULJE AFR SUN CARE MAR 150ml,90607873,AFRODITA,0.15 l,ko,,74.6,11.19,14.99,14.99,3831070652618,KOZMETIKA
STAKLENA BOCA BATMAN BLACK 750ml,90623583,POLLEO,0.75 l,ko,14.99,19.99,,14.99,14.99,3858892299098,HRANA
LOSOS DIMLJENI 100g OCEAN,90693042,OCEAN,0.10 kg,ko,4.49,44.9,,4.49,4.49,3850334036490,HRANA
PUREĆI FILE ZABATKA 700g,90697901,VINDON,0.70 kg,ko,8.99,12.84,,8.99,8.99,3850339403228,HRANA
ROLL ON NIVEA FRESH SENS M 50ml,90699029,NIVEA,0.05 l,ko,,67.8,3.39,4.19,5.59,9005800366432,KOZMETIKA
VAFL FRONDI NOUGAT 250g KRAŠ,90702854,FRONDI,0.25 kg,ko,2.59,10.36,,1.99,2.59,3850102002221,HRANA
GEL TUŠ OLD SPICE OASIS/VAN 400ml,90703242,OLD SPICE,0.40 l,ko,,9.35,3.74,4.99,4.99,8006540838761,KOZMETIKA
SLAD GRUVI KIKIRIKI 4x75ml,90704326,SAMMONTANA,0.30 l,ko,5.99,19.97,,5.99,5.99,8005840020784,HRANA
TIJESTO PACCHERI 125 500g DE CECCO,90705015,DE CECCO,0.50 kg,ko,3.89,7.78,,3.89,3.89,8001250121257,HRANA
POLLEO SHIELDMIXER BATMAN 770ml,90707838,POLLEO,0.77 l,ko,14.99,19.47,,14.99,14.99,3858892296769,HRANA
SALV PALOMA BOŽIĆ CARTOON 33X33 20/1,90726735,PALOMA,1.00 ko,ko,2.29,2.29,,2.29,2.29,3838952034913,PROIZVODI ZA KUĆANSTVO
JUHA DOMAĆA MESNA 62g PODRAVKA,90730831,PODRAVKA,0.06 kg,ko,1.39,22.42,,1.39,1.39,3856020262952,HRANA
MILKSHAKE BANANA MINUTE  230ml,90731517,MINUTE,0.23 l,ko,1.49,6.48,,1.49,1.49,3838900829363,HRANA
NAPITAK PROT ACT ZONE ČOK 350ml,90732217,ACTIVE ZONE,0.35 kg,ko,,4.83,1.69,1.69,1.69,3838900988510,HRANA
ŠAMPON OLEA OBOJANA KOSA 300ml,90735079,OLEA,0.30 l,ko,1.29,4.3,,1.29,1.29,3850334073402,KOZMETIKA
MORTADELA PIK NATUR MA NAR 125g,90744840,PIK NATUR,0.13 kg,ko,2.49,19.92,,2.09,2.49,3850139282153,HRANA
KAVA INTESO ESP NS 30/1 171g LAVAZZA,90750515,LAVAZZA,0.17 kg,ko,15.79,92.34,,15.79,15.79,8000070054295,HRANA
CELER KORIJEN GRANULE 30g SOTINAC,90750970,OPG SOTINAC,0.03 kg,ko,1.19,39.67,,1.19,1.19,3859893718342,HRANA
SLAD MILKA JAGODA CHEESECAKE 480ml,90764933,MILKA,0.34 l,ko,6.99,20.69,,6.99,6.99,4007993034933,HRANA
UMAK TIKKA MASALA 65g MAGGI,90769821,MAGGI,0.07 kg,ko,1.79,27.54,,1.79,1.79,8445291189836,HRANA
SIR GRILL CHILI 200g DIVAN GARDEN,90770458,DIVAN GARDEN,0.20 kg,ko,2.99,14.95,,2.99,2.99,3858894600137,HRANA
VATA CIK CAK ECO 100 g SEPTONA,90770576,SEPTONA,0.10 kg,ko,2.15,21.5,,2.15,2.15,5201410110036,TOALETNE POTREPŠTINE
JUHA GOVEĐA S TJESTENINOM 37 g ALEVA,90770752,ALEVA,0.04 kg,ko,0.55,14.86,,0.55,0.55,8600947036814,HRANA
NEG PIĆE FRUCT FIRST ALOE VERA 0.5 L,90826225,FRUCTAL,0.50 l,ko,1.55,3.1,,1.55,1.55,3838945041713,PIĆE
DOVE M EUC SG250+DEO150+BOCA,90826249,DOVE,1.00 ko,ko,10,10,,10,10,8720182852113,KOZMETIKA
ČIPS PRINGLES HOT SOUR CREAM 160g,90826552,PRINGLES,0.16 kg,ko,,11.81,1.89,3.49,3.49,5053990175826,HRANA
DEO OLD SPICE CAPTAIN 250 ml,90850666,OLD SPICE,0.25 l,ko,7.49,29.96,,7.49,7.49,8006540289907,KOZMETIKA
ČOKOLADICE DORINA MINI LOVE 125 g,90869654,DORINA,0.13 kg,ko,4.99,39.92,,4.99,4.99,3850102008834,HRANA
TUNJ SLOVA KOM SUNC ULJE 145 g/104 g,90869917,SLOVA,0.11 kg,ko,1.69,15.09,,1.69,1.69,3850334171078,HRANA
VINO GRAŠEVINA ĐAKOVO 1 L,90874707,ĐAKOVAČKA,1.00 l,ko,5.79,5.79,,4.99,5.79,3859888932234,PIĆE
ČAJ SIKAVICA 50 g AGRISTAR,90874726,AGRISTAR,0.05 kg,ko,2.89,57.8,,2.89,2.89,3858886502647,HRANA
VINO VRANAC ALEXANDER GRAN CR 0.75 L,90874763,ALEXANDER,0.75 l,ko,12.99,17.32,,12.99,12.99,3859894110428,PIĆE
KEKS DOMAĆICA ORIGINAL VR 170 g,90875330,DOMAĆICA,0.17 kg,ko,1.99,11.71,,1.49,1.99,3850102014613,HRANA
ČIPS SPECIAL MOMENTS MED I SENF 100g,90879837,SPECIAL MOMENTS,0.10 kg,ko,1.19,11.9,,0.83,1.19,3850334437259,HRANA
GEL GARNIER HYALURONIC ALOE 250 ml,90885251,GARNIER,0.25 l,ko,7.99,31.96,,7.99,7.99,3600542586030,KOZMETIKA
JOG YOSHAKE JAGODA VANIL 300 g DUKAT,90885847,DUKAT,0.30 kg,ko,1.69,5.63,,1.69,1.69,3850354019312,HRANA
DET DASH REGULAR 2.1 kg=42PR,90886326,DASH,2.10 kg,ko,19.99,9.52,,19.99,19.99,8700216742030,SREDSTVA ZA ČIŠĆENJE
DET ARIEL COLOR 1.125 L=25 PR,90886375,ARIEL,1.13 l,ko,13.99,12.44,,13.99,13.99,8700216691925,SREDSTVA ZA ČIŠĆENJE
POMMES FRITES LEDO 500 g,90886971,LEDO,0.50 kg,ko,2.99,5.98,,2.99,2.99,3850116068053,HRANA
MIN VODA MIVELA GAZ 1 L PET,90886982,MIVELA,1.00 l,ko,1.69,1.69,,1.69,1.69,8600599002878,PIĆE
KOŠARICE TART 109 g 16/1 CONFILETAS,90887100,CONFILETAS,0.11 kg,ko,3.99,36.61,,3.19,3.99,8427778896154,HRANA
KEKS CHOCO FUN MINIS 100 g LEIBNIZ,90887188,BAHLSEN,0.10 kg,ko,2.79,27.9,,2.79,2.79,4017100143977,HRANA
ALOE VERA AGRADO 200 ml,90887262,AGRADO,0.20 l,ko,4.99,24.95,,4.99,4.99,8433295062248,KOZMETIKA
TUNA SALATA ACTIVE 170 g DELAMARIS,90889711,DELAMARIS,0.17 kg,ko,4.29,25.24,,4.29,4.29,3838929620026,HRANA
UMAK ZIK ZAK BLAGI 310 g PODRAVKA,90889984,PODRAVKA,0.32 kg,ko,2.49,7.78,,2.49,2.49,3856020275709,HRANA
UMAK ZIK ZAK LJUTI 310 g PODRAVKA,90889986,PODRAVKA,0.32 kg,ko,2.49,7.78,,2.49,2.49,3856020275730,HRANA
DET PERWOLL BLOSSOM 3.75 L=75PR,90890200,PERWOLL,3.75 l,ko,19.49,5.2,,19.49,19.49,9000101810233,SREDSTVA ZA ČIŠĆENJE
GIN HORTUS 0.7L GOOD SPIRIT,90452953,GOOD SPIRIT,0.75 l,ko,,35.57,26.68,,,3859893710056,PIĆE
GEL GILL SER MOISTUR 200ml 0051,06560859,GILLETTE,0.20 l,ko,,20.95,4.19,5.29,4.19,3014260220051,KOZMETIKA
REGEN GLISS SPLIT MIRAC 200ml,90484068,GLISS,0.20 l,ko,,14.95,2.99,4.79,2.99,9000101287172,KOZMETIKA
REG GLISS FULL HAIR 200 ml,90885505,GLISS,0.20 l,ko,,14.95,2.99,4.29,4.29,9000101749533,KOZMETIKA
VEGAN COOKIE BAKED 75G CHOCOLATE CHIP,90674564,POLLEO,0.08 kg,ko,,26.53,1.99,2.49,2.49,3856026804378,HRANA
ŠAMPON GLISS FULL HAIR 250 ml,90885517,GLISS,0.25 l,ko,,11.96,2.99,4.29,4.29,9000101749175,KOZMETIKA
GEL GILL ULTRA MOISTURIZING 200ml,90324322,GILLETTE,0.20 l,ko,,25.95,5.19,6.49,5.19,7702018465156,KOZMETIKA
PRAŠAK CREATINE MONOHYDRATE LIM 250 g,90839998,POLLEO,0.25 kg,ko,,83.96,20.99,27.99,27.99,3856026808819,HRANA
GEL TUŠ FA PINK JASMIN 250ml,90155221,FA,0.25 l,ko,,7.16,1.79,2.79,2.79,9000100935449,KOZMETIKA
ŠTAPIĆI TRIK KIKIRIKI 200 g,90887274,TRIK,0.20 kg,ko,,5.95,1.19,1.49,1.49,8600462042000,HRANA
ČAJ PRINCE OF WALES 50g TWININGS,90498313,TWININGS,0.05 kg,ko,4.59,91.8,,4.59,4.59,070177078799,HRANA
KEFIR K PLUS 3.5% MM 1kg PET,90518505,K PLUS,1.00 kg,ko,1.65,1.65,,1.29,1.29,3850334388162,HRANA
LJEŠNJAK JEZGRA 300g,90697958,PP ORAHOVICA,0.30 kg,ko,4.49,14.97,,3.19,4.49,3858889833809,HRANA
INSTANT JACOBS CREMA 2X200g,90725198,JACOBS,0.40 kg,ko,17.98,44.95,,17.98,17.98,3858893904786,HRANA
JOGURT ŽITARICE ACTIVE ZONE 125g,90731100,ACTIVE ZONE,0.13 kg,ko,,4,0.5,0.5,0.5,3850334063045,HRANA
UMAK PAPRIKA LJUTI 85ml SANTA MARIA,90731769,SANTA MARIA,0.09 l,ko,2.52,29.65,,2.52,2.52,7311310388027,HRANA
KOBASICA KRANJSKA ANDRO 300g,90732449,ANDRO,0.30 kg,ko,2.99,9.97,,2.99,2.99,3858892820001,HRANA
SODA BIKARBONA SPICE CHEF 500g,90734659,SPICE CHEF,0.50 kg,ko,0.99,1.98,,0.99,0.99,3850334071385,HRANA
ŠEĆER U PRAHU MAXX 600g SWEET CHEF,90740004,SWEET CHEF,0.60 kg,ko,1.49,2.48,,1.49,1.49,3850334082589,HRANA
SHEBA MM VR PERAD U UMAKU 4X85g,90745197,SHEBA,0.30 kg,ko,3.29,10.97,,2.59,2.59,4770608264819,PROIZVODI ZA KUĆANSTVO
RAVIOLI RICOTTA I ŠPINAT BG 250g LA NOVA,90754916,LA NOVA,0.25 kg,ko,,19.16,4.79,5.99,5.99,8006827630019,HRANA
LIKER PELINKOVAC GORKI 0.7L S ČAŠOM,90754926,BADEL 1862,0.70 l,ko,14.05,20.07,,14.05,14.05,3850112111593,PIĆE
KROASAN MARELICA BG 60 g NUTRIFREE,90754933,NUTRIFREE,0.06 kg,ko,2.99,49.83,,2.99,2.99,8008696031072,HRANA
PAŠTETA KOKOŠJA PRSA JUNIOR 95 g ARGETA,90765313,ARGETA,0.10 kg,ko,1.39,14.63,,1.19,1.39,3838471051712,HRANA
SAPUN TEK L'ANGELICA LAVANDA 1 L,90775206,L ANGELICA,1.00 l,ko,3.55,3.55,,3.55,3.55,8017331098936,KOZMETIKA
GAZ PIĆE FANTA ORANGE 0.3 L PET,90785017,FANTA,0.30 l,ko,0.95,3.17,,0.95,0.95,54026476,PIĆE
SOMAT RINSER LEMON 750 ml,90785182,SOMAT,0.75 l,ko,,3.99,2.99,2.99,2.99,9000101003789,SREDSTVA ZA ČIŠĆENJE
ČOKOLADNA JAJA U MREŽICI 80g MILLANO,90875421,MILLANO,0.08 kg,ko,0.3,3.75,,0.3,0.5,5905858674401,HRANA
ORADA L SVJ FIORITAL,02195401,,1.00 kg,kg,7.59,7.59,,4.55,7.59,,HRANA
OSLIĆ III SVJ FIORITAL,02197524,,1.00 kg,kg,7.49,7.49,,4.49,7.49,93856024302077,HRANA
FILE SOMA/PANGASIUSA UV  MEDUZA,02197627,,1.00 kg,kg,8.29,8.29,,4.97,8.29,,HRANA
SKUŠA FILETI U BILJ ULJU AQ 73.5G,02198489,ADRIATIC QUEEN,0.07 kg,ko,2.79,37.96,,2.79,2.79,3850160110067,HRANA
MLIJEKO SVJEŽE 3.2% 1L PURE DUKAT,02230137,DUKAT,1.00 l,ko,,1.19,1.19,1.19,1.35,3850354000501,HRANA
SV KOSTI S MESOM ,02400659,PIK VRBOVEC,1.00 kg,kg,2.85,2.85,,2.85,2.85,3850139280159,HRANA
PILEĆE USITNJ MESO SMR 500g VINDIJA,02434797,CEKIN,0.50 kg,ko,2.49,4.98,,2.49,2.49,3850159111853,HRANA
PUREĆI FILE PRSIJU MINI PAK VINDIJA,02451396,VINDON,1.00 kg,kg,13.27,13.27,,13.27,13.27,3850339402504,HRANA
PIVO LAŠKO ZLATOROG 0.5L PB,03040301,LAŠKO,0.50 l,ko,1.19,2.38,,0.99,0.99,3830001711011,PIĆE
PELINKOVAC GORKI 0.10L 31% BADEL,03070101,BADEL 1862,0.10 l,ko,1.69,16.9,,1.69,1.69,3850112110398,PIĆE
GIN BOMBAY SAPPHIRE 47% 0.7L,03070315,BOMBAY,0.70 l,ko,26.05,37.21,,26.05,26.05,5010677714006,PIĆE
PIVO KARLOVAČKO 0.33L LIM KARLOV,03130252,KARLOVAČKO,0.33 l,ko,1.15,3.48,,1.15,1.15,3850103902582,PIĆE
ULJE MASLIN EX DJ 0.5L ZVIJEZDA,03210019,ZVIJEZDA,0.50 l,ko,7.49,14.98,,7.49,7.49,3858882211574,HRANA
SVJEŽI REZANCI 250g NAŠE KLASJE,04020446,AURELIA,0.25 kg,ko,2.19,8.76,,2.12,2.19,3859890561132,HRANA
KRUPICA PŠENIČNA 400g FRANCK,04030074,FRANCK,0.40 kg,ko,1.69,4.23,,1.19,1.69,3858881081598,HRANA
BRAŠNO POLUB T-850 1kg BELJE,04031819,BELJE,1.00 kg,ko,1.19,1.19,,1.19,1.19,3850257015718,HRANA
TIJESTO GRAMIGNA 26 500g ZARA,04050193,PASTA ZARA,0.50 kg,ko,1.59,3.18,,0.89,1.59,8004350130266,HRANA
TIJESTO PASUTICE 500g KLARA M,04050539,KLARA M,0.50 kg,ko,3.85,7.7,,2.7,3.85,3859888499812,HRANA
TJESTENINA S 4 SIRA 145g TALIAN POD,04050903,TALIANETTE,0.15 kg,ko,2.49,17.17,,1.59,2.49,3850104231025,HRANA
TIJESTO K PLUS FARFALLE 31 500g,04057605,K PLUS,0.50 kg,ko,1.29,2.58,,1.29,1.29,,HRANA
CAPP ANAMARIA CL 200g VR,04070180,ANAMARIA,0.20 kg,ko,2.49,12.45,,2.19,2.49,3858881770447,HRANA
KEKS ČAJNI KOLUTIĆI 800g KRAŠ,04144062,KRAŠ,0.80 kg,ko,,3.74,2.99,3.89,3.89,3850120700079,HRANA
KREMFIX 10g DR OETKER,04180016,DR OETKER,0.01 kg,ko,0.49,49,,0.49,0.49,5997381312288,HRANA
KVASAC SUHI 7g DIGO,04180018,DIGO,0.01 kg,ko,0.75,107.14,,0.75,0.75,3859889940085,HRANA
ŽELATINA BIJELA 10g PODRAVKA,04180480,DOLCELA,0.01 kg,ko,0.89,89,,0.89,0.89,3850104227523,HRANA
LJEŠNJACI KROKANT 100g DEK DR OETKER,04181519,SCHWARTAU,0.10 kg,ko,2.98,29.8,,2.98,2.98,4000521007522,HRANA
LIZALICA CHUPA CHUPS THE BEST OF 12G,04191612,CHUPA CHUPS,0.01 kg,ko,0.39,32.5,,0.31,0.39,49814521,HRANA
BOMBONI TVRDI BOLA COLA 400g,04192245,FLORESTAL,0.40 kg,ko,3.99,9.98,,3.99,3.99,7896321002495,HRANA
DESERT KINDER JOY 20g,04220358,FERRERO,0.02 kg,ko,1.49,74.5,,1.49,1.49,80310891,HRANA
FRUTABELA JAGODA JOGURT 30g,04221479,FRUTABELA,0.03 kg,ko,0.8,26.67,,0.8,0.8,3838945501101,HRANA
MARAMICE NIVEA VIS SUHA/OSJ 25 KOM,06506384,NIVEA,25.00 ko,ko,,0.15,3.7,5.29,5.29,9005800305783,KOZMETIKA
ZP SENSOD REPAIR&PROTECT 75ML,06531332,SENSODYNE,0.08 l,ko,,79.07,5.93,6.99,6.99,5054563103789,KOZMETIKA
BOJA PALETTE ICC N4     0071,06540413,PALETTE ICC,1.00 ko,ko,,3.49,3.49,3.49,3.49,3838824159539,KOZMETIKA
REGENER ELSEVE ARGIN RESIST 200ml,06541260,LOREAL ELSEVE,0.20 l,ko,,16.75,3.35,3.59,4.49,3600522087533,KOZMETIKA
LAK ZA KOSU INTESA STRONG HOLD 500ML,06546765,INTESA,0.50 l,ko,4.29,8.58,,4.29,4.29,8003510002207,KOZMETIKA
DEO FA PINK P 150ml     6228,06552447,FA,0.15 l,ko,3.99,26.6,,2.49,3.99,3838824116204,KOZMETIKA
PATRONE Ž GILL VENUS 4/1 2709,06633037,VENUS,4.00 ko,ko,13.79,3.45,,13.79,13.79,3014260262709,KOZMETIKA
AJAX FF SPRING FLOW 1L  4933,08035449,AJAX,1.00 l,ko,3.69,3.69,,1.85,3.69,8718951278424,SREDSTVA ZA ČIŠĆENJE
DEO BOROTALCO INVISIBLE 150 ML,90042493,BOROTALCO,0.15 l,ko,,13.27,1.99,1.99,3.99,8002410041866,KOZMETIKA
KOBASICA GRANIČARSKA 80g NAR,90051551,GAVRILOVIĆ,0.08 kg,ko,2.35,29.38,,2.35,2.35,3859892502522,HRANA
SALV PALOMA MAR&SEA 33X33 3SL 20/1,90069671,PALOMA,20.00 ko,ko,2.55,0.13,,2.55,2.55,3838952021913,PROIZVODI ZA KUĆANSTVO
OSLIĆ III SVJ LIBURNIJA,90074587,,1.00 kg,kg,6.99,6.99,,3.53,5.89,,HRANA
FLIPS K PLUS HRUSTY NEUTRAL PAPRIKA 100g,90097229,HRUSTY,0.10 kg,ko,0.59,5.9,,0.59,0.59,3850334377739,HRANA
MASLAC ALPINETTA 250 g,90795150,ALPINETTA,0.25 kg,ko,2.99,11.96,,1.99,2.99,4006496018129,HRANA
SET AFR MYSTIC BLOOM GEL TUŠ+MAGL,90825694,AFRODITA,1.00 ko,ko,10,10,,10,10,3831070662495,KOZMETIKA
ČIPS OD LEĆE CHIO MORSKA SOL 65g,90825748,CHIO,0.07 kg,ko,1.99,30.62,,1.99,1.99,5996253002210,HRANA
PLOČICA TAM ČOK PROTEIN 140 g DELAVIUDA,90826527,DELAVIUDA,0.14 kg,ko,5.23,37.36,,5.23,5.23,8410223909592,HRANA
NAPITAK HELL PEACH LEMON 0.5 L,90835107,HELL,0.50 l,ko,1.69,3.38,,1.29,1.69,5999571051878,PIĆE
NAPITAK C4 ENERGY TWIST LIMEADE 0.5 L,90840016,CELLUCOR,0.50 l,ko,3.05,6.1,,3.05,3.05,842595115970,PIĆE
BUT SVINJ SK DALMATINSKA OBRADA,90859911,KOMETA,1.00 kg,kg,3.69,3.69,,3.69,3.69,,HRANA
DET PERWOLL LIGHT COLOR 3 L=60PR,90864734,PERWOLL,3.00 l,ko,,3.83,11.49,16.49,16.49,9000101827163,SREDSTVA ZA ČIŠĆENJE
GEL TUŠ OS WOLFTHORN 675 ml,90885638,OLD SPICE,0.68 l,ko,7.49,11.1,,7.49,7.49,8700216230988,KOZMETIKA
SET MELEM BIJELI BUDI MELEM,90885748,MELEM,1.00 ko,ko,12.99,12.99,,10.39,12.99,3856007912948,KOZMETIKA
WANPY DOG PIL I BAKALAR 100 g,90886088,WANPY,0.10 kg,ko,3.79,37.9,,3.79,3.79,6927749810636,PROIZVODI ZA KUĆANSTVO
ZAČINSKO BILJE DALMAT 15g BOČ KOTANY,04103238,KOTANYI,0.02 kg,ko,2.15,143.33,,1.99,2.15,9001414041444,HRANA
SOL MORSKA SITNA 5kg PVC SOLANA,04110016,SOLANA PAG,5.00 kg,ko,2.89,0.58,,2.89,2.89,3859888155398,HRANA
FLIPS SMOKI 40g SOKO ŠTARK,04141720,SOKO ŠTARK,0.04 kg,ko,0.5,12.5,,0.5,0.5,8600939507070,HRANA
BISKVIT NARANČA 125g KRAŠ,04144049,KRAŠ,0.13 kg,ko,1.39,11.12,,1.09,1.09,3850102922703,HRANA
KVIKI RIBICE 50g PODRAVKA,04145525,KVIKI,0.05 kg,ko,0.79,15.8,,0.79,0.79,3850104007606,HRANA
ČOKOL MIKADO RIŽA 300g,04215325,MIKADO,0.30 kg,ko,4.49,14.97,,4.49,4.49,3858881064201,HRANA
KEKS BISCOTTI ČOK BEZ GL 150g SCHAR,04280008,DR SCHAR,0.15 kg,ko,,21.27,3.19,3.99,3.99,8008698005347,HRANA
AROMA VIŠNJA 15ML AROMAR,04360186,AROMAR,0.02 l,ko,1.59,106,,1.59,1.59,3859888333079,HRANA
ZP AQUA FRESH&MINT 75ML,06530600,AQUAFRESH,0.08 l,ko,2.19,29.2,,2.19,2.19,5054563198457,KOZMETIKA
BOJA PALETTE DELUXE 345,06540596,PALETTE DELU,1.00 ko,ko,,4.79,4.79,4.79,4.79,3838824176710,KOZMETIKA
BOJA COLOR NAT 6 BLOND FONCE 5791,06540658,GARNIER COL NATURALS,1.00 ko,ko,,3.69,3.69,4.99,4.99,3600540335630,KOZMETIKA
DEO DOVE INVISIBLE DRY M 150ml,06550371,DOVE,0.15 l,ko,,26.73,4.01,5.35,5.35,8720181284373,KOZMETIKA
DEO DOVE INVISIBLE DRY 150ml,06550604,DOVE,0.15 l,ko,,26.73,4.01,5.35,5.35,8720181291623,KOZMETIKA
DEO GARNIER MIN ACTION CONTROL 150ml,06551820,GARNIER,0.15 l,ko,,24.6,3.69,4.59,4.99,3600540795113,KOZMETIKA
ROLL ON GARNIER MIN ACTI CONTR 50ml,06551827,GARNIER,0.05 l,ko,,73.8,3.69,4.59,4.99,3600540928870,KOZMETIKA
ROLL ON FA SPORT 50ml    9877,06552425,FA,0.05 l,ko,3.99,79.8,,2.49,3.99,9000100219877,KOZMETIKA
ROLL ON NIVEA Ž PEARL&BEAUT 50ml,06552501,NIVEA,0.05 l,ko,5.59,111.8,,4.19,5.59,42242147,KOZMETIKA
KREMA NIVEA FOR MEN 50ML INT 8122,06560149,NIVEA,0.05 l,ko,12.89,257.8,,9.59,12.89,4005808789382,KOZMETIKA
AFTERSHAVE FA MEN SPORT 100ML,06560316,FA,0.10 l,ko,6.99,69.9,,6.99,6.99,4015000527453,KOZMETIKA
LOSION DENIM 100ml ORIG 6100,06561462,DENIM BRAND,0.10 l,ko,,48.5,4.85,6.09,6.09,8008970004051,KOZMETIKA
DUCK POWER MIX ZA WC 750ML,08030845,DUCK,0.75 l,ko,3.09,4.12,,3.09,3.09,5000204164466,SREDSTVA ZA ČIŠĆENJE
GEL K PLUS DAX PODOVI LIMUN 1L,08030883,DAX,1.00 l,ko,1.59,1.59,,1.59,1.59,3850334414588,SREDSTVA ZA ČIŠĆENJE
NAMAZ NUTELLA COPPETTA T15X60 15g,90037579,NUTELLA,0.02 kg,ko,0.55,36.67,,0.49,0.49,80751151,HRANA
ČOKOLADA MILKA S LJEŠNJACIMA 80g,90045381,MILKA,0.08 kg,ko,2.09,26.13,,1.35,2.09,7622210043931,HRANA
TIJESTO K PLUS SPAGH PREMIUM 500g,90072954,K PLUS,0.50 kg,ko,1.05,2.1,,0.99,1.05,3850334363497,HRANA
TIJESTO K PLUS SPAGH PREM INT 500g,90072962,K PLUS,0.50 kg,ko,1.39,2.78,,0.89,1.39,3850334363558,HRANA
KOZICA II SVJ LIBURNIJA,90074571,,1.00 kg,kg,6.49,6.49,,3.89,6.49,,HRANA
RAŽA I SVJ LIBURNIJA,90074593,,1.00 kg,kg,6.49,6.49,,3.89,6.49,,HRANA
JUHA BISTRA S TJESTENINOM 45g,90087003,PODRAVKA,0.05 kg,ko,0.79,17.56,,0.79,0.79,3850104270185,HRANA
JOGURT NATUR GRČKI VILIKIS 150g VINDIJA,90087504,VILIKIS,0.15 kg,ko,0.99,6.6,,0.99,0.99,3850108030242,HRANA
ORAHNJAČA 500g MLINAR,90090176,MLINAR,0.50 kg,ko,4.79,9.58,,3.29,4.79,3858881126565,HRANA
PRIPRAVAK ZA ŠLAG 5+ 500ml DOLCELA,90099278,DOLCELA,0.50 l,ko,2.29,4.58,,2.29,2.29,3850104230578,HRANA
VISKI GLENMORANGIE ORIGINAL 0.7L,90142847,GLENMORANGIE,0.70 l,ko,41.85,59.79,,41.85,41.85,5010494990300,PIĆE
 PINĐUR BAKINA TAJNA 300G,90158058,BAKINA TAJNA,0.30 kg,ko,5.49,18.3,,5.49,5.49,8606011030320,HRANA
ŠAMPON H&S MENTHOL 250ml,90185481,HEAD&SHOULDE,0.25 l,ko,4.79,19.16,,4.79,4.79,8006540063385,KOZMETIKA
LIKER VIŠNJEVAC 0.7L MARASKA,90186596,MARASKA,0.70 l,ko,11.55,16.5,,11.55,11.55,3850158401146,PIĆE
KAŠA ZOB MAL VAN 65g DOBRA,90231272,DOBRA,0.07 kg,ko,0.99,15.23,,0.99,0.99,8595054904272,HRANA
KAŠA ZOB MAL 4X65G MY LIFE,90236676,MY LIFE,0.26 kg,ko,2.69,10.35,,2.69,2.69,3859892920074,HRANA
ZABATAK PILEĆI K PLUS,90270059,K PLUS,1.00 kg,kg,4.09,4.09,,4.09,4.09,3850159118067,HRANA
NAPITAK RIŽA KAKAO EKO 1L SCOT,90270263,RISO SCOTTI,1.00 l,ko,2.92,2.92,,2.92,2.92,8001860254888,HRANA
LOSION POS BRIJ NIVEA MEN PROT&CARE 100ML,90281394,NIVEA,0.10 l,ko,10.79,107.9,,8.09,10.79,9005800279589,KOZMETIKA
CAPP FR CLASSIC 112g KUT,90281750,FRANCK,0.11 kg,ko,,29.37,3.29,3.29,3.89,3858881088313,HRANA
KAVA FRANCK CLASSIC 16/1 120G,90288211,FRANCK,0.12 kg,ko,5.71,47.58,,5.71,5.71,3858881088276,HRANA
ŠARAN ŽIVI KUPA,90303589,PP ORAHOVICA,1.00 kg,kg,4.09,4.09,,2.45,4.09,,HRANA
ZAČIN BOTANICA CVIJET HIBISKUSA,90310990,BOTANICALS,0.02 kg,ko,4.69,234.5,,4.69,4.69,3858893370871,PIĆE
HUGO BLUE GRACIOSO 0.75L,90320037,HUGO,0.75 l,ko,3.25,4.33,,3.25,3.25,4002391378801,PIĆE
UMAK TARTAR VREĆICA 80g THOMY,90324329,THOMY,0.08 kg,ko,1.15,14.38,,1.15,1.15,8445291314948,HRANA
UMAK ZA MESO BBQ 235 ml CARL KUHNE,90324616,KUHNE,0.24 l,ko,3.49,14.85,,3.49,3.49,40198651,HRANA
ALOE VERA LOTTE JAGODA 0.24L,90340515,LOTTE,0.24 l,ko,1.05,4.37,,1.05,1.05,8801056094034,PIĆE
ČAJ KORIIJEN MASLAČKA EKO 50g DARVITALIS,90344421,DARVITALIS,0.05 kg,ko,3.95,79,,3.95,3.95,3858890832716,HRANA
PROTEIN MICELLAR CASEIN 454g CHOCOLATE,90345172,POLLEO,0.45 kg,ko,21.99,48.44,,21.99,21.99,3858892293737,HRANA
ULJE MASLIN SORT PICHOLI 0.25L OL IS,90346259,OL ISTRIA,0.25 l,ko,9.99,39.96,,9.99,9.99,3858881192614,HRANA
PELENE GAĆ PAMPERS PREMIUM VP S4 9-15kg 38/1,90361331,PAMPERS,38.01 ko,ko,21.63,0.57,,21.63,21.63,8001090759832,TOALETNE POTREPŠTINE
KOLAČ VIŠNJA-NUTELLA 240G,90145613,,0.24 kg,ko,3.29,13.71,,3.29,3.29,3859891673179,HRANA
ČAJ ŠUMSKO VOĆE AHMAD 20X2g,90147008,AHMAD,0.04 kg,ko,3.05,76.25,,3.05,3.05,054881000055,HRANA
ULJE MEDITERAN 1L ZVIJEZDA,90150112,ZVIJEZDA,1.00 l,ko,3.19,3.19,,3.19,3.19,3856015309273,HRANA
LAK TAFT ULTIMATE 250ml,90155230,TAFT,0.25 l,ko,,11.96,2.99,2.99,4.99,9000100923071,KOZMETIKA
KAVA DOLCE GUS CAFE AU LAIT 16/1 160g,90157464,DOLCE GUSTO,0.16 kg,ko,6.49,40.56,,5.29,6.49,7613033174704,HRANA
LISTOVI  ZA PITE I SAVIJAČE 300g CLARUM,90167353,CLARUM,0.30 kg,ko,1.25,4.17,,1.25,1.25,3858891271590,HRANA
KEKS BREAKFAST CERELAS & COCONUT  160g,90167469,BREAKFAST,0.16 kg,ko,,9.31,1.49,1.49,1.89,3856014117855,HRANA
TJEST.SLOVCA K PLUS 500G,90169317,K PLUS,0.50 kg,ko,1.29,2.58,,1.29,1.29,,HRANA
GEL ZA TUŠ I KOSU 3U1 BIOBAZA LAV KAM I LIM 400ML,90171706,BIOBAZA,0.40 l,ko,,9.45,3.78,5.05,5.05,3859889915519,KOZMETIKA
PIVO STAROPRAMEN  LIMENKA 0.50L,90173214,STAROPRAMEN,0.50 l,ko,1.65,3.3,,1.65,1.65,3850131003398,PIĆE
DAX ODSTR MRLJA OXI AKT KISIK 500ML,90212675,DAX,0.50 l,ko,2.25,4.5,,2.25,2.25,3850334571489,SREDSTVA ZA ČIŠĆENJE
ČAJ MAXI KAMILICA 40X1g NATURAVITA,90212974,NATURAVITA,0.04 kg,ko,2.19,54.75,,2.19,2.19,3858884090689,HRANA
ULJE KOKOS EKO 200ml ENCIAN,90219452,ENCIAN,0.20 l,ko,4.25,21.25,,4.25,4.25,3858890100761,HRANA
VJENČIĆI MARELICA 300G FANOLA,90220703,FANOLA,0.30 kg,ko,3.49,11.63,,3.49,3.49,3859888257955,HRANA
ČAJ TEEKANNE DETOX&SLIM 32g,90233061,TEEKANNE,0.03 kg,ko,2.59,80.94,,2.59,2.59,5901086046799,HRANA
VINO ARMAN TERAN  0.75 L,90263428,ARMAN,0.75 l,ko,15.69,20.92,,14.65,15.69,3859893024085,PIĆE
ŠUNKA OD BUTA K PLUS 150g  NAR,90316212,K PLUS,0.15 kg,ko,,12.73,1.91,2.39,2.39,3850334379108,HRANA
DŽEM MARELICA STEVIA 330g GOOD,90325665,GOOD GOOD,0.33 kg,ko,5.04,15.27,,5.04,5.04,5694230257027,HRANA
TUNA DUGOKRILAC SVJ MEDUZA,90356743,MEDUZA,1.00 kg,kg,28.99,28.99,,17.38,28.99,,HRANA
BUGVA I SVJ UV MEDUZA,90356746,MEDUZA,1.00 kg,kg,4.19,4.19,,2.51,4.19,,HRANA
KOKOT +2000 MEDUZA,90356772,MEDUZA,1.00 kg,kg,17.56,17.56,,10.53,17.56,,HRANA
SOK PRIRODNI JABUKA-CIKLA 1L MIHALIC,90404017,OPG MIHALIC,1.00 l,ko,4.59,4.59,,3.89,4.59,3857500019431,PIĆE
KVINOJA 500g BIOZONE,90406939,BIO ZONE,0.50 kg,ko,4.19,8.38,,4.19,4.19,3838900841068,HRANA
ŠTRUDLA FINESSE VIŠNJA 252g,90410779,FINESSE,0.25 kg,ko,0.7,2.78,,0.7,0.7,3850334228994,HRANA
ZP PLID EXTSMILE WH 75ml,90423056,PLIDENTA,0.08 l,ko,2.15,28.67,,1.49,2.15,3856007908033,KOZMETIKA
VINO VERALDA ROSE 0.75L,90302750,VERALDA,0.75 l,ko,10.85,14.47,,10.85,10.85,3859890332282,PIĆE
VINO CABERNET SAUVIGNON KALAZIĆ 0.75L,90308558,VINA KALAZIĆ,0.75 l,ko,7.25,9.67,,7.25,7.25,3858886364283,PIĆE
VINO CAB SAUV VRH 0.75L VINA BELJE,90311456,BELJE,0.75 l,ko,14.99,19.99,,14.99,14.99,3850257019587,PIĆE
LOSION POS BRIJ NIVEA MEN DEEP 100ml,90311549,NIVEA,0.10 l,ko,10.79,107.9,,8.09,10.79,9005800297392,KOZMETIKA
HIG UL LIBRESSE ULT NIG EXT WING 8/1,90311559,LIBRESSE,8.00 ko,ko,2,0.25,,2,2,7322540918281,TOALETNE POTREPŠTINE
VODA VITAMIN WELL DEFENCE 0.5L,90325167,VITAMIN WELL,0.50 l,ko,2.05,4.1,,2.05,2.05,7350042716050,PIĆE
GEL TUŠ L'ANGELICA MAKAD 500ml,90341617,L ANGELICA,0.50 l,ko,3.25,6.5,,1.99,3.25,8017331077085,KOZMETIKA
KLICE BROKULE 70 grama,90344509,,0.07 kg,ko,2.19,31.29,,2.19,2.19,3856028677857,HRANA
MICEL VODA GENERA S ULJEM DAM RUŽE 250ml,90344981,GENERA,0.25 l,ko,2.19,8.76,,2.19,2.19,8003693403747,KOZMETIKA
DESERT RAFFAELLO T8 80g,90353139,FERRERO,0.08 kg,ko,2.39,29.88,,2.39,2.39,8000500311585,HRANA
ULJE MAS EX DJEV ILIADA KALA 0.25L,90355195,ILIADA,0.25 l,ko,5.49,21.96,,4.89,5.49,5201043100275,HRANA
GLAZURA OD TAMNE ČOKOLADE 100g RUF,90360016,RUF,0.10 kg,ko,1.5,15,,1.35,1.69,4002809028106,HRANA
PEKMEZ K PLUS DOMAĆI ŠLJIVA 860g,90360225,K PLUS,0.86 kg,ko,3.85,4.48,,3.85,3.85,3850334152954,HRANA
BOMBONI HARIBO ŠUMSKE BOBICE 100g,90361631,HARIBO,0.10 kg,ko,1.59,15.9,,1.19,1.59,9002975328548,HRANA
ŽELATINA MLJEV GOVEĐA 10G DR OETKER,90391308,DR OETKER,0.01 kg,ko,0.99,99,,0.99,0.99,5997381375603,HRANA
SIR TVRDI MIJEŠANI 230G ŠPIN,90392429,ŠPIN,0.25 kg,ko,7.99,31.96,,7.99,7.99,3858881196551,HRANA
HOT MIX CHOL DARK 250G FRANCK,90392691,FRANCK,0.25 kg,ko,5.99,23.96,,5.99,5.99,3858881088412,HRANA
VEGETA NATUR PILETINA 75g POSIPAČ,90393065,VEGETA NATUR,0.08 kg,ko,1.99,26.53,,1.99,1.99,3856020221829,HRANA
BRAŠNO ZOBENO 800g FARINA SPECIALE,90403546,FARINA,0.80 kg,ko,1.86,2.33,,1.86,1.86,3858887101047,HRANA
MLJEVENA SUŠENA MENTA 50g BOBO,90404359,BOBO,0.05 kg,ko,,59.6,2.98,3.58,3.58,3859893313356,HRANA
RUČNIK PAP ZEWA EXTRA LONG 2SL 2/1,90404691,ZEWA,2.00 ko,ko,4.37,2.19,,4.37,4.37,7322541192932,PROIZVODI ZA KUĆANSTVO
SOK NARANČA 100% MINUTE 1L,90405741,MINUTE,1.00 l,ko,3.39,3.39,,2.99,3.39,3838900949092,PIĆE
ČOKOL LINDT EXC DARK 90% 100g,90406005,LINDT,0.10 kg,ko,4.59,45.9,,4.59,4.59,3046920029759,HRANA
VODICA LISTERINE TOTAL CARE 1l,90408937,LISTERINE,1.00 l,ko,11.79,11.79,,11.79,11.79,3574661661063,KOZMETIKA
MAG 375+VIT B6 DIRE 30g NATUREL,90410569,NATUREL,0.03 kg,ko,3.45,115,,3.45,3.45,3858889365034,HRANA
CIMET MLJEV ECONOMY 100g KOTANYI,90423162,KOTANYI,0.10 kg,ko,4.19,41.9,,3.65,4.19,9001414008126,HRANA
LINO MOJ PRVI FLIPS MRKVA 35g,90423584,LINO,0.04 kg,ko,1.95,55.71,,1.95,1.95,3856020241025,HRANA
DN UL VIOL WE CARE AIR FIT LONG 50/1  ,90424459,VIOLETA,50.00 ko,ko,,0.04,1.99,1.99,2.65,3870128023741,TOALETNE POTREPŠTINE
ROLADA MESNA  500g RAVY,90401191,RAVY,0.50 kg,ko,1.4,2.8,,0.98,1.4,8595024817953,HRANA
PIVO OŽUJSKO 6x0.50l LIM,90402959,OŽUJSKO,3.00 l,ko,7.69,2.56,,6.67,7.69,3850131005682,PIĆE
ŠAMPON J&J PURE&GENTLE 750ml,90403551,J&J,0.75 l,ko,9.69,12.92,,9.69,9.69,3574669907781,KOZMETIKA
KOLAČ BROWNIE 75g JAFFA,90403864,JAFFA,0.08 kg,ko,0.99,13.2,,0.79,0.99,8600114009160,HRANA
SOK OD MENTE 250ml,90404040,AGROPOSTA,0.25 l,ko,1.85,7.4,,1.85,1.85,3859892734510,PIĆE
ČOKOLADA RITTER RUM/LJEŠNJ/GROŽĐ 100g,90406053,RITTER SPORT,0.10 kg,ko,1.79,17.9,,1.79,1.79,4000417012005,HRANA
TORBA ZA KUPOVINU KONZUM VELIKA,90407620,K PLUS,1.00 ko,ko,1.06,1.06,,1.06,1.06,3850334129291,PROIZVODI ZA KUĆANSTVO
PIĆE GAZ SCHWEPPES TONIC SLIMLIN 1L PET,90407757,SCHWEPPES,1.00 l,ko,1.79,1.79,,1.79,1.79,5449000064219,PIĆE
ĆEVAPČIĆI 1kg  B BRAND PIK,90410227,PIK VRBOVEC,1.00 kg,ko,5.49,5.49,,3.84,5.49,3850139520590,HRANA
SIRUP BAZGA 470ml KAPRONCA,90410436,KAPRONCA,0.47 l,ko,6.29,13.38,,6.29,6.29,3859892896195,PIĆE
HIG UL VIR CLASS COMF 10/1,90424722,VIR,10.00 ko,ko,1.49,0.15,,1.49,1.49,3838985893723,TOALETNE POTREPŠTINE
SALPA SVJ ŽUVELA,90427819,,1.00 kg,kg,5.05,5.05,,3.03,5.05,,HRANA
PIVO LOWENBRAU 4X 0.5L LIM,90442914,LOWENBRAU,2.00 l,ko,3.65,1.83,,3.41,3.41,3850131005750,PIĆE
KEKS PREKRAŠNI PUNJ NOUGAT 220g,90485660,PREKRAŠNI KOLAČIĆI,0.22 kg,ko,2.59,11.77,,1.89,2.59,3850102011254,HRANA
PIVO BUDWEISER 0.5L 4PACK LIM,90486778,BUDWEISER,2.00 l,ko,5.75,2.88,,5.75,5.75,8594403704990,PIĆE
ZAČIN S CRN TART U PRAHU 50g ZIGANTE,90503307,ZIGANTE,0.05 kg,ko,14.6,292,,14.6,14.6,3858891981734,HRANA
BOMBONI LUMPI GUMENI MEDO 200g,90518145,LUMPI,0.20 kg,ko,1.39,6.95,,1.39,1.39,3850334387554,HRANA
PAPAR CRNI ZRNO XXL 100g KOTANYI,90553245,KOTANYI,0.10 kg,ko,4.49,44.9,,3.98,4.49,9001414006948,HRANA
KOBASICA OSJEČKA MAP,90570076,MM,1.00 kg,kg,13.99,13.99,,13.99,13.99,,HRANA
ŠEĆER NARANČA 10g DOLCELA,90571165,DOLCELA,0.01 kg,ko,0.39,39,,0.39,0.39,3856020238520,HRANA
SEITAN MLJEVENI 250g,90573044,ANNAPURNA,0.25 kg,ko,3.69,14.76,,3.69,3.69,3859890343615,HRANA
SLAD BOUNTY ICE CREAM 51.6g,90598703,MARS,0.05 kg,ko,1.99,38.57,,1.7,1.99,5000159483049,HRANA
SLADILO NATREEN TABLETE 120 KOM,90599783,NATREN,0.01 kg,ko,2.99,393.42,,2.99,2.99,8711000476260,HRANA
PIVO KLAAS 2L PET,90633080,KLAAS,2.00 l,ko,,0.8,1.59,1.59,1.95,3838900821398,PIĆE
BUDDY SP GOVEDINA POVRĆE 3KG,90649412,BUDDY,3.00 kg,ko,4.99,1.66,,4.99,4.99,3850334009975,PROIZVODI ZA KUĆANSTVO
KOBASICA LJUTA 300g VAK,90652709,PIK VRBOVEC,0.30 kg,ko,4.49,14.97,,4.49,4.49,3850139173994,HRANA
BUDDY MP JANJETINA 405G,90674215,BUDDY,0.41 kg,ko,0.99,2.44,,0.75,0.99,3850334018212,PROIZVODI ZA KUĆANSTVO
PILEĆI ZABATAK 500g,90674557,PERUTNINA PT,0.50 kg,ko,2.79,5.58,,2.19,2.79,3850220115780,HRANA
VALJUŠCI MINUTE 500g,90675081,MINUTE,0.50 kg,ko,1.55,3.1,,1.55,1.55,3850334018410,HRANA
VAFL NAPOLITANKA NOUGAT 327g KRAŠ,90692783,KRAŠ,0.33 kg,ko,2.85,8.72,,2.85,2.85,3850102523450,HRANA
LABELLO HYALURON MOIST 5.2g,90698991,LABELLO,0.01 kg,ko,4.75,913.46,,4.75,4.75,4005900994509,KOZMETIKA
BRUSNICA FAMILY PACK EC SUHA 300g,90705634,EUROCOMPANY,0.30 kg,ko,3.99,13.3,,2.84,3.79,3872084014498,HRANA
DET DASH REGULAR 1.85kg=37PR,90705812,DASH,1.85 kg,ko,19.59,10.59,,19.59,19.59,8006540920794,SREDSTVA ZA ČIŠĆENJE
SNACK KARAMEL LUK & PITA CHIPS 130g,90707288,ESTI,0.13 kg,ko,1.99,15.3,,0.67,1.99,5201310723732,HRANA
VL. MAR VIOLETA B SOFT MED/K 5X51/1,90707815,VIOLETA,255.10 ko,ko,6.39,0.03,,6.39,6.39,3870128036543,TOALETNE POTREPŠTINE
KIKIRIKI SLANI 150g MOGYI,90725802,MOGYI,0.15 kg,ko,1.39,9.27,,1.04,1.39,5997347541066,HRANA
PIVO GARDEN ROSA KELLER HELLES 0.44L,90726815,GARDEN,0.44 l,ko,1.99,4.52,,1.99,1.99,3858893811619,PIĆE
KREMA LICE AFRODITA KAMIL HID 50ml,90729662,AFRODITA,0.05 l,ko,11.99,239.8,,11.99,11.99,3830001297683,KOZMETIKA
KEČAP BLAGI BEZ DOD ŠEĆ 500g ZVIJEZDA,90731066,ZVIJEZDA,0.50 kg,ko,2.09,4.18,,1.49,1.49,3856015329134,HRANA
ŠUNKA PUREĆA ISTRANKA NAR 100g,90732787,VINDON,0.10 kg,ko,2.59,25.9,,2.59,2.59,3850159128929,HRANA
LIKER MEDICA NOMEN 0.7L,90734767,NOMEN,0.70 l,ko,8.05,11.5,,8.05,8.05,3858892461082,PIĆE
ČAJ PODRAVSKI BOŽIĆNI 60g PAMPA,90734963,PAMPA TEA,0.06 kg,ko,6.49,108.17,,6.49,6.49,3859891239481,HRANA
DET PERSIL GEL UNIVERSAL 2.97L=66PR,90744940,PERSIL,2.97 l,ko,23.99,8.08,,23.99,23.99,9000101598902,SREDSTVA ZA ČIŠĆENJE
DET PERSIL FBS 0.99kg=18PR,90744975,PERSIL,0.99 kg,ko,,7.06,6.99,6.99,9.99,9000101804775,SREDSTVA ZA ČIŠĆENJE
DET PERSIL UNIVERSAL 2.75kg=50PR,90745006,PERSIL,2.75 kg,ko,15,5.45,,15,15,9000101805048,SREDSTVA ZA ČIŠĆENJE
KEKS NUTRI OCAKE CEREAL 115 g ,90754720,O CAKE,0.12 kg,ko,0.89,7.74,,0.71,0.89,8600462042123,HRANA
VINO PUŠIPEL ŠIPON CMREČNJAK KV 0.75L,90764784,VINARIJA CMREČNJAK,0.75 l,ko,13.65,18.2,,13.65,13.65,3857500020765,PIĆE
COCKTAIL RTD STOCK 84 & COLA 0.25L,90764956,STOCK,0.25 l,ko,2.45,9.8,,2.45,2.45,8594005026087,PIĆE
KIKIRIKI CHIO PRŽEN EXTRA 250g,90764992,CHIO,0.25 kg,ko,2.69,10.76,,2.39,2.69,3856021306198,HRANA
PAPAR CRNI MLJEVENI 50 g SPICE CHEF,90770540,SPICE CHEF,0.05 kg,ko,0.79,15.8,,0.55,0.55,3850334100801,HRANA
ŽV GUMA ORBIT SWEETMINT BOČ 64 g,90770798,WRIGLEY,0.06 kg,ko,3.69,57.66,,3.69,3.69,4009900549981,HRANA
OM ORNEL GLOW 800 ml,90771093,ORNEL,0.80 l,ko,3.29,4.11,,2.19,3.29,3850105186522,SREDSTVA ZA ČIŠĆENJE
DET WEISSER RIESE UNIV 80TAB,90774736,WEISSER RIESE,80.00 ko,ko,18.99,0.24,,18.99,18.99,4015200036014,SREDSTVA ZA ČIŠĆENJE
KREMA VEET SENSITIVE 200ml,90598250,VEET,0.20 l,ko,,33.45,6.69,8.69,8.69,5997321774695,KOZMETIKA
SLAD BARATTOLINO VANIL PISTAC 800ml,90637845,SAMMONTANA,0.80 l,ko,5.99,7.49,,5.99,5.99,8005840096581,HRANA
DET ARIEL EXTRA CLEAN 26 TAB,90662837,ARIEL,26.00 ko,ko,10,0.38,,10,10,8001090803153,SREDSTVA ZA ČIŠĆENJE
BOMBON JABUKA TRAKICA 15g BEBETO,90698270,BEBETO,0.02 kg,ko,0.29,19.33,,0.26,0.26,8690146675112,HRANA
KAPS KAVA LATTE MACC DG 16/1 164g RITUAL,90698457,RITUAL,0.16 kg,ko,3.98,24.27,,3.98,3.98,3850334036292,HRANA
ŠUNKA DIMLJENA BK GAVRILOVIĆ,90698960,GAVRILOVIĆ,1.00 kg,kg,7.29,7.29,,7.29,7.29,3858881223240,HRANA
PATRONE GILLETTE MACH3 12/1,90699350,GILLETTE,12.00 ko,ko,34.99,2.92,,34.99,34.99,3014260323240,KOZMETIKA
PATRONE VENUS SENSITIVE 4/1,90699352,VENUS,4.00 ko,ko,20,5,,20,20,7702018352883,KOZMETIKA
NEG PIĆE CAPPY LEMONADE PINK 1.25L,90706213,CAPPY,1.25 l,ko,1.99,1.59,,1.69,1.99,5449000059185,PIĆE
ORADA LL 4FISH,90706855,4FISH,1.00 kg,kg,10.99,10.99,,4.19,10.99,,HRANA
TUBA FRUTOLINO KRUŠ/JAB/KOMOR 100g,90707664,LINO,0.10 kg,ko,1.39,13.9,,1.39,1.39,3856020261382,HRANA
TJEST ŠPAG PIR EKO 500g DENNREE,90712910,DENNREE,0.50 kg,ko,,4.96,2.48,2.99,2.99,4021851543733,HRANA
MIX NESCAFE STRONG 3U1 14g,90714058,NESCAFE,0.01 kg,ko,0.35,25,,0.35,0.35,7613038158884,HRANA
KOMPOT ANANAS KOM GARDEN G 490g,90720063,GARDEN GOOD,0.49 kg,ko,2.49,5.08,,2.49,2.49,3850334062949,HRANA
MUESLI FUN&FIT ORAŠ PLOD/SJEMENKE 250g,90726775,FUN&FIT,0.25 kg,ko,2.99,11.96,,2.99,2.99,8606015853185,HRANA
ČIPI ČIPS NAVIJAČ SLANI REBR 120 g,90751053,ČIPI ČIPS,0.12 kg,ko,2.19,18.25,,1.89,2.19,3856021306624,HRANA
AJVAR GARDEN GOOD LJUTI PREM 550g,90754908,GARDEN GOOD,0.55 kg,ko,6.59,11.98,,4.99,6.59,3850334107824,HRANA
DN ULOŠCI ALWAYS NORMAL 80/1,90769891,ALWAYS P&G,80.00 ko,ko,3.69,0.05,,2.95,2.95,4015400746812,TOALETNE POTREPŠTINE
DN UL NATURELLA LIGHT CAMOMILE 100/1,90769901,NATURELLA,100.00 ko,ko,3.99,0.04,,3.99,3.99,8001090603807,TOALETNE POTREPŠTINE
JUHA OD ŽITARICA 620 g STAGONE,90785060,BONTA DI STAGIONE,0.62 kg,ko,3.29,5.31,,3.29,3.29,8055118488327,HRANA
KAVA DG CORTADO 16/1 MEGA 5PACK 504g,90794676,DOLCE GUSTO,0.50 kg,ko,20.95,41.57,,20.95,20.95,8445291433526,HRANA
KEČAP LJUTI 310g PODRAVKA,90794914,PODRAVKA,0.31 kg,ko,1.49,4.81,,1.49,1.49,3856020273910,HRANA
LILLET BLANC 0.75 L ,90795661,LILLET,1.00 ko,ko,21.05,21.05,,21.05,21.05,3057230000253,PIĆE
LIKER TERANINO PREMIUM ŠIMIĆ 0.5 L,90814724,ŠIMIĆ,0.50 l,ko,20.05,40.1,,20.05,20.05,3859890900627,PIĆE
DŽEM EXTRA SPECIAL M JAB/CIM/VAN 230g,90825394,SPECIAL MOMENTS,0.23 kg,ko,2.99,13,,2.99,2.99,3850334430410,HRANA
SET NIVEA MEN SS AS100+PJENA200,90826319,NIVEA,1.00 ko,ko,10,10,,10,10,9005800382098,KOZMETIKA
MLIJ ČOK LAGANO JUTRO 0.5 L DUKAT,90839734,LAGANO JUTRO,0.50 l,ko,1.75,3.5,,1.75,1.75,3850354015093,HRANA
BOJA OLIA 6.0 LIGHT BROWN,90850038,GARNIER OLIA,1.00 ko,ko,7.59,7.59,,7.19,7.59,3600542601887,KOZMETIKA
SIR POLUTVRDI GAUDA cca 3.2 kg,90854801,MILCHWERKE,1.00 kg,kg,6.49,6.49,,6.49,6.49,,HRANA
RETOUCHER SC ROOT TAMNOSMEĐA 120ML,90281696,SYOSS RETUOCHER,0.12 l,ko,,47.4,5.69,6.99,6.99,9000101052794,KOZMETIKA
BRIJAČ GILLETTE MACH3 CHARC+6 PATR,90805007,GILLETTE,1.00 ko,ko,,20.79,20.79,25.99,20.79,8700216399807,KOZMETIKA
GELTUŠ FA COCNUT MILK 250ml,90214756,FA,0.25 l,ko,,7.16,1.79,2.79,2.79,9000101009859,KOZMETIKA
GEL GILL MACH3 EXTRA COMFORT 240ml,90699377,GILLETTE,0.24 l,ko,,17.46,4.19,5.29,4.19,7702018405015,KOZMETIKA
BOJA SYOSS 13/5 PLAT POSVJ,90155201,SYOSS,1.00 ko,ko,,5.69,5.69,6.99,5.59,9000100929820,KOZMETIKA
ROGAČ MLJEVENI 200g NADALINA,01311191,NADALINA,0.20 kg,ko,1.19,5.95,,1.19,1.19,3858881582156,HRANA
MATOVILAC 100 grama,01407866,KONZUM,0.10 kg,ko,1.29,12.9,,1.29,1.39,3850334197832,HRANA
AJVAR K PLUS LJUTI 350G,01481030,K PLUS,0.37 kg,ko,1.89,5.11,,1.89,1.89,3850334117564,HRANA
SUNCOKRET SJEMENKE HP 1kg  HOBBY,01640919,HOBBY,1.00 kg,ko,3.35,3.35,,3.35,3.35,3838964110513,PROIZVODI ZA KUĆANSTVO
BARANJSKA DOMAĆA KOBASICA VAC BELJE,02024476,BELJE,1.00 kg,kg,14.49,14.49,,14.49,14.49,3850257051709,HRANA
SENDVIČ NAREZAK SA SIROM 500g VINDIJ,02039515,CEKIN,0.50 kg,ko,2.95,5.9,,2.29,2.95,3850159125072,HRANA
ŠAMPINJONI REZANI 400/230g,01601033,MIKADO,0.23 kg,ko,,6.87,1.58,1.89,1.89,4007415005664,HRANA
SIR POLUTV GOUDA 48% 400g DUKAT,02055421,PRESIDENT,0.40 kg,ko,,10.48,4.19,4.19,5.19,3850355007325,HRANA
SIR POLUTV K PLUS GAUDA 45%MM,02055431,K PLUS,1.00 kg,kg,6.49,6.49,,6.49,6.49,3850334137050,HRANA
SIR TVRDI K PLUS RIBANI 40g,02055509,K PLUS,0.04 kg,ko,1.09,27.25,,1.09,1.09,3850334058492,HRANA
SIR TOPLJ TROK NATUR 140g PRESIDENT,02103193,PRESIDENT,0.14 kg,ko,1.99,14.21,,1.99,1.99,3850355001750,HRANA
MESNI RAGU 400g PODRAVKA,02169583,PODRAVKA,0.40 kg,ko,3.99,9.98,,3.99,3.99,3858886465768,HRANA
ARBUN III SVJ FIORITAL,02197517,,1.00 kg,kg,10.49,10.49,,6.29,10.49,,HRANA
MLIJEKO TRAJNO 2.8% 200ML VINDIJA,02230421,Z BREGOV,0.20 l,ko,0.65,3.25,,0.65,0.65,3850108020601,HRANA
MLIJEKO ČOKOLADNO 'ZB 0.5L VINDIJA,02230427,Z BREGOV,0.50 l,ko,1.59,3.18,,1.59,1.59,3850108023350,HRANA
TORTA SLADOLEDNA OD ČOKOLADE 1kg LED,02351374,LEDO,1.00 kg,ko,17.99,17.99,,14.39,17.99,3850116875699,HRANA
ODOJAK ,02400335,PIK VRBOVEC,1.00 kg,kg,,5.79,5.79,4.19,4.19,3850139490015,HRANA
FRITESI PIL PANIR 600g SMR VINDIJA,02435512,CEKIN,0.60 kg,ko,7.89,13.15,,7.89,7.89,3850159141478,HRANA
SV SRCE ,02480034,PIK VRBOVEC,1.00 kg,kg,3.75,3.75,,3.75,3.75,3850139280180,HRANA
KONJAK MARTELL VSOP 0.7L KUT 40%,03080081,MARTELL,0.70 l,ko,59.05,84.36,,59.05,59.05,3219820005882,PIĆE
RUM BACARDI 0.7L 37.5%,03082134,BACARDI,0.70 l,ko,18.05,25.79,,12.99,18.05,5010677013147,PIĆE
KREMA ACETO BALZAMICO 0.25L PONTI,03127025,PONTI,0.25 kg,ko,3.49,13.96,,2.79,3.49,8001010076568,HRANA
GAZ PIĆE PEPSI COLA 2L PET,03160001,PEPSI,2.00 l,ko,2.05,1.03,,1.85,2.05,3830065022627,PIĆE
LEDENI ČAJ JANA BRESKVA 1.5L,03169973,JANA,1.50 l,ko,,0.97,1.45,1.45,1.69,3858884601045,PIĆE
MRVICE KRUŠNE 250g KLARA,04010250,KLARA,0.25 kg,ko,1.29,5.16,,1.29,1.29,3858881322059,HRANA
BRAŠNO GLATKO T-550 1kg FARINA,04030358,FARINA,1.00 kg,ko,0.8,0.8,,0.8,0.8,3859890160557,HRANA
TIJESTO SPAGHETTINI 2 500g ZARA,04050178,PASTA ZARA,0.50 kg,ko,1.09,2.18,,1.09,1.09,8004350130020,HRANA
TIJESTO KRPICE S JAJIMA 400g KOLEDA,04051252,KOLEDA,0.40 kg,ko,2.25,5.63,,1.59,2.25,3859888433502,HRANA
KIM CIJELI 50g BOČ KOTANYI,04100216,KOTANYI,0.05 kg,ko,2.39,47.8,,2.09,2.39,9001414040249,HRANA
PECIVO KVIKI PERECI 50g,04140525,KVIKI,0.05 kg,ko,0.79,15.8,,0.79,0.79,3850104007200,HRANA
NIC NAC S 125g LORENZ,04141920,LORENZ,0.13 kg,ko,2.69,21.52,,2.59,2.59,4017100759000,HRANA
BISKVIT JAFFA KEKS NARANČA 150g,04144000,JAFFA,0.15 kg,ko,1.29,8.6,,1.03,1.29,8600114000013,HRANA
VAFL QUADRITOS BEZ GL 40g SCHAR,04149085,DR SCHAR,0.00 kg,ko,1.5,375,,1.5,1.5,8008698005293,HRANA
VEGETA 1kg VREĆICA PODRAVKA,04163503,VEGETA,1.00 kg,ko,7.69,7.69,,5.99,7.69,3850104047046,HRANA
OCAT RIŽIN JAPANSKI 150ML BLUE DRAGO,04163661,BLUE DRAGON,0.15 kg,ko,2.49,16.6,,2.49,2.49,5010338101749,HRANA
MUESLI CRUNCH NATU FRUIT 350g,04172621,NATUREL,0.35 kg,ko,,7.4,2.59,2.59,3.59,3858887240708,HRANA
VANILIN ŠEĆER BOURBON 10g DR OETKER,04180463,DR OETKER,0.01 kg,ko,0.5,50,,0.5,0.5,5997381337779,HRANA
BOMBON HARIBO CRVI 200g,04191372,HARIBO,0.20 kg,ko,2.45,12.25,,2.45,2.45,9002975377218,HRANA
DESERT RAFAELO 4X16X4 40g,04220023,FERRERO,0.04 kg,ko,1.19,29.75,,1.19,1.19,5413548040639,HRANA
DESERT MUNCHMALLOW 105g,04220602,MUNCHMALLOW,0.11 kg,ko,1.29,12.29,,1.03,1.29,8600114000020,HRANA
TJEST REZANCI USKI S JAJ DOM 400g RAGUSA,04350633,PARADISO,0.40 kg,ko,2.19,5.48,,2.19,2.19,3859889154543,HRANA
SAPUN TEK DOVE REF CREAM 500ml,06510231,DOVE,0.50 l,ko,3.99,7.98,,3.19,3.99,4000388179004,KOZMETIKA
GEL TUŠ PALM OS SENSIT 250ml 1322,06520157,PALMOLIVE,0.25 l,ko,2.99,11.96,,1.49,2.99,5997530171322,KOZMETIKA
ŠAMPON SCHAUMA REG NJEGA 400ml,06521655,SCHAUMA,0.40 l,ko,,7.48,2.99,2.99,4.19,3838824138923,KOZMETIKA
BOJA PALETTE ICC RF3    0464,06540396,PALETTE ICC,1.00 ko,ko,,3.49,3.49,3.49,3.49,3838824218601,KOZMETIKA
ROLL ON NIVEA FRESH M 50ml,06555167,NIVEA,0.05 l,ko,,67.8,3.39,4.19,5.59,42242864,KOZMETIKA
BRIJAČ JEDNOK GILL BL II 5/1 3278,06630018,GILLETTE,5.00 ko,ko,,0.75,3.75,3.75,4.69,7702018849031,KOZMETIKA
PATRONE GILL FUS POWER 4/1,06630398,GILLETTE,4.00 ko,ko,23.99,6,,23.99,23.99,7702018867219,KOZMETIKA
SPR K PLUS DAX UNIVER LIMUN 750ml,08030882,DAX,0.75 l,ko,1.85,2.47,,1.49,1.85,3850334164346,SREDSTVA ZA ČIŠĆENJE
SANITAR STRONG 650ml,08031150,SANITAR,0.65 l,ko,2.49,3.83,,2.19,2.49,3850111503399,SREDSTVA ZA ČIŠĆENJE
BOMBONI MENTOL LIMUN MED 100g,90036914,KANDIT,0.10 kg,ko,0.96,9.6,,0.96,0.96,3858881049789,HRANA
JUHA KREM RAJČ I MOZZ 23g FIN MINI,90045355,FINI MINI,0.02 kg,ko,0.79,34.35,,0.59,0.79,3850104260940,HRANA
PAŠTETA OD TUNE 45g ARGETA,90047233,ARGETA,0.05 kg,ko,1.29,28.67,,1.29,1.29,38381461,HRANA
PUREĆI FILE ODRESCI 450g AIA,90071899,AIA,0.45 kg,ko,,9.52,4.29,5.31,5.31,8008110001353,HRANA
SOM SVJ KUPA,90079270,,1.00 kg,kg,7.39,7.39,,4.43,7.39,,HRANA
SAPUN TEK K PLUS OLEA MILK/HON 500ml,90097699,OLEA,0.50 l,ko,1.45,2.9,,1.45,1.45,3850334567574,KOZMETIKA
SET NIVEA MOM CARE BM250+SG250,90826300,NIVEA,1.00 ko,ko,8,8,,8,8,9005800382357,KOZMETIKA
ŠARAN DIM FILET 150 g SPECIAL MOMENTS,90829647,SPECIAL MOMENTS,0.15 kg,ko,3.59,23.93,,3.19,3.59,3850334429070,HRANA
SIR KOC U ULJU S ZAČ 100 g SPEC MOM,90829921,SPECIAL MOMENTS,0.10 kg,ko,1.79,17.9,,1.29,1.79,3838900842478,HRANA
NAPITAK ČOKO CLASSIC 250 ml MILKA,90830444,MILKA,0.25 l,ko,1.55,6.2,,1.55,1.55,5711953190070,HRANA
JOGURT NA BAZI KOKOSA BOROVNICA 150 g,90840019,PLANTON,0.15 kg,ko,1.75,11.67,,1.75,1.75,5901104006279,HRANA
TP NATUR KAMILICA 150L 3SL 10/1,90850716,NATUR,10.00 ko,ko,2.65,0.27,,2.65,2.65,3850334429537,TOALETNE POTREPŠTINE
OM SILAN MALDIVES 2X1.364 L,90879921,SILAN,2.73 l,ko,5.99,2.2,,5.99,5.99,9000101830248,SREDSTVA ZA ČIŠĆENJE
DN UL NATURELLA NORM CAMOMILE 74/1,90879977,NATURELLA,74.02 ko,ko,4.09,0.06,,4.09,4.09,8006540100806,TOALETNE POTREPŠTINE
PIVO KARLOVAČKO RADLER GREJP 0.5L PB,90884831,KARLOVAČKO,0.50 l,ko,1.25,2.5,,1.25,1.25,3850103902858,PIĆE
BRIJAČ VENUS SATIN CARE,90885613,VENUS,1.00 ko,ko,,9.34,9.34,14.59,14.59,8006540816769,KOZMETIKA
GEL TUŠ MELEM BUDI MELEM 260 ml,90885736,MELEM,1.00 ko,ko,3.99,3.99,,3.19,3.99,3856007912924,KOZMETIKA
SET MELEM LJUBIČASTI BUDI MELEM,90885739,MELEM,1.00 ko,ko,10.49,10.49,,8.39,10.49,3856007912931,KOZMETIKA
KOMPOT ANANAS KOL 565/340 g EXCELS,90886671,EXCELSIOR,0.34 kg,ko,2.49,7.32,,2.49,2.49,9001397508217,HRANA
TIJESTO SEPIATELLE 250 g MARODI,90890026,MARODI,0.25 kg,ko,3.99,15.96,,3.99,3.99,3859894191144,HRANA
MASLINE PUNJ SIR 200 g SPEC MOMENTS,90890034,SPECIAL MOMENTS,0.20 kg,ko,3.99,19.95,,3.99,3.99,3838900842546,HRANA
VANILICE SA DŽEMOM OD ŠLJIVA 230 g,90890378,PIRAMIDA,0.23 kg,ko,2.99,13,,2.99,2.99,8606104138957,HRANA
BOMBON HARIBO VOĆNE ROLE 25g,04190172,HARIBO,0.03 kg,ko,0.49,19.6,,0.49,0.49,4001686372234,HRANA
BOMBON RICOLA ORGIN BILJNA 40g KUT,04190250,RICOLA,0.04 kg,ko,1.59,39.75,,1.59,1.59,7610700923061,HRANA
BOMBON ŠUMI FRU FRU 400g,04190386,ŠUMI,0.40 kg,ko,4.99,12.48,,4.99,4.99,3838700040944,HRANA
LIZALICA CHUPA CHUPS FRUIT 12g,04199030,CHUPA CHUPS,0.01 kg,ko,0.39,32.5,,0.31,0.39,84196675,HRANA
ŽV GUMA ORBIT SPEARMINT DRAŽEJE 14g,04200009,WRIGLEY,0.01 kg,ko,0.99,70.71,,0.99,0.99,50173822,HRANA
BOMBON DEKSTROZA MALINA 39g NATUREL,04280396,NATUREL,0.04 kg,ko,0.75,19.23,,0.75,0.75,5999038501861,HRANA
AROMA BANANA 15ML AROMAR,04360092,AROMAR,0.02 l,ko,1.59,106,,1.59,1.59,3859888333062,HRANA
SAPUN TEK K PLUS OLEA ROS/JOG 500ml,06514016,OLEA,0.50 l,ko,1.45,2.9,,1.45,1.45,3850334567390,KOZMETIKA
BOJA COLOR NAT 10 BLOND TRES 5678,06540660,GARNIER COL NATURALS,1.00 ko,ko,,3.69,3.69,4.99,4.99,3600540335678,KOZMETIKA
GEL ANNYER EXTRA STRONG 100ml,06542948,ANNYER,0.10 l,ko,3.45,34.5,,3.45,3.45,3850177007183,KOZMETIKA
DEO AXE AFRICA 150ml    5874,06550028,AXE,0.15 l,ko,,22.73,3.41,4.55,4.55,8717644013045,KOZMETIKA
ROLL ON NIVEA Ž FRE 50ml 8095,06555060,NIVEA,0.05 l,ko,,83.8,4.19,4.19,4.19,42241553,KOZMETIKA
LOSION RALON 85ML POS B 2252,06560094,RALON,0.09 l,ko,3.69,43.41,,3.69,3.69,3856007900976,KOZMETIKA
KREMA ZA RUKE NIV ANTI Q10 100ML,06591480,NIVEA,0.10 l,ko,5.39,53.9,,5.39,5.39,9005800325934,KOZMETIKA
BOJA COL SENSAT 4.60,90032860,GARNIER COL SENSATION,1.00 ko,ko,,3.99,3.99,4.99,5.29,3600541136014,KOZMETIKA
ŠAMPON PANTEN INTENZ REG 250ml,90034822,PANTENE,0.25 l,ko,4.09,16.36,,3.05,3.05,8006540532089,KOZMETIKA
FRISKIES BEGGIN' STRIPS SLANINA 120G,90052123,FRISKIES,0.12 kg,ko,1.99,16.58,,1.45,1.99,7613033445149,PROIZVODI ZA KUĆANSTVO
UMAK SOJA MANJE SOLI 250ML KIKOM,90060162,KIKKOMAN,0.25 l,ko,,16.84,4.21,6.49,6.49,8715035130302,HRANA
GAZ PIĆE ORANGINA 0.33L LIM,90068273,ORANGINA,0.33 l,ko,1.45,4.39,,1.45,1.45,3857500011015,PIĆE
NAPITAK BADEM BEZ ŠEĆ 1L ALPRO,90081448,ALPRO,1.00 l,ko,3.79,3.79,,3.79,3.79,5411188112709,HRANA
DESERT KINDER BUENO WHITE 117g,90087734,FERRERO,0.12 kg,ko,3.19,27.26,,3.19,3.19,8000500121436,HRANA
NAPOLITANKA CLASIC 740g,90089101,KOESTLIN,0.74 kg,ko,4.79,6.47,,4.79,4.79,3856014114977,HRANA
VODKA  38% 0.1L MARASKA,90092263,MARASKA,0.10 l,ko,1.69,16.9,,1.69,1.69,3850158409104,PIĆE
GEL OLIVAL VRAŽJA KAN 250ml,90115915,OLIVAL,0.25 l,ko,3.29,13.16,,3.29,3.29,3859892751296,KOZMETIKA
UMAK CURRY SQUEEZE 250ML DEVELEY,90140644,DEVELEY,0.25 l,ko,2.99,11.96,,2.09,2.99,4006824991032,HRANA
KREMA EVEL BIO HYALUR 4D 50+ 50ML,90155264,EVELINE,0.05 l,ko,,107,5.35,7.15,7.15,5907609336163,KOZMETIKA
SIR POLUTV GOUDA MAP 150G VINDIJA,90155294,VINDIJA SIREVI,0.15 kg,ko,2.99,19.93,,2.99,2.99,3850108058215,HRANA
ŠAMPINJONI CIJELI BONDUELLE 280G,90157681,BONDUELLE,0.17 kg,ko,1.99,11.71,,1.39,1.99,3083681007640,HRANA
KAŠA ZOB BRUS CHIA 50g ENCIAN,90186362,SUPERFOODS BY ENCIAN,0.05 kg,ko,0.89,17.8,,0.89,0.89,3858890101478,HRANA
SENF DIJON 200ML MAILLE,90193971,MAILLE,0.20 l,ko,3.99,19.95,,3.99,3.99,3036810201280,HRANA
NEGAZ PIĆE FRUCTAL DVOJNI C 1L,90219855,FRUCTAL,1.00 l,ko,,1.49,1.49,1.39,1.89,3838945031936,PIĆE
DOMAĆA SARMA 400g CARNEX,90220105,CARNEX,0.40 kg,ko,3.69,9.23,,3.69,3.69,8600012700336,HRANA
JOGURT VOĆNI JAGODA 150g VINDIJA,90229161,Z BREGOV,0.15 kg,ko,,3.27,0.49,0.49,0.65,3850108037838,HRANA
SIR TVRDI KRAVLJI 1/8 PAGUS,90247949,PAŠKA SIRANA,1.00 kg,kg,22.49,22.49,,18.99,22.49,3859892884253,HRANA
TJEST PENNE BEZ GL 400g BARILLA,90270297,BARILLA,0.40 kg,ko,,8.78,3.51,4.69,4.69,8076809545457,HRANA
BRISAČ PODA MIKROFIBRA ZAMJ KRPA DAX,90276230,DAX,1.00 ko,ko,3.32,3.32,,3.32,3.32,3850334599438,PROIZVODI ZA KUĆANSTVO
PANCETA ROLANA NARESCI 90G,90280104,DOBRO,0.09 kg,ko,2.39,26.56,,2.39,2.39,3850133800834,HRANA
HRANA ZA KORNJAČE BRIKETI 250ML,90280116,VITAKRAFT,0.25 l,ko,4.15,16.6,,3.29,4.15,4008239189530,PROIZVODI ZA KUĆANSTVO
ZAČIN ORIGANO USITNJ VR 5g VEGETA MAESTRO,90282031,VEGETA MAESTRO,0.01 kg,ko,0.89,178,,0.49,0.89,3850104294570,HRANA
KOLAČ MAĐARICA 500g MLINAR,90295417,MLINAR,0.50 kg,ko,,10.98,5.49,6.49,6.49,3856028401162,HRANA
SRIJEMSKA SLJEME NAR 80g MA,90298683,SLJEME,0.08 kg,ko,1.99,24.88,,1.99,1.99,3850139012446,HRANA
RIŽA PARBOILED VAKUM ZLATO PO  1kg,90302221,ZLATO POLJE,1.00 kg,ko,4.69,4.69,,4.69,4.69,3838700540420,HRANA
PUDING SPEC ZA CHEESECAKE 80g DR. OETKER,90332443,DR OETKER,0.08 kg,ko,1.15,14.38,,1.15,1.15,5997381363037,HRANA
ČOKOLADA FINESSE MLIJEČNA 80g,90335283,FINESSE,0.08 kg,ko,1.03,12.88,,1.03,1.03,3850334342973,HRANA
KAŠICA FRUTEK MARELICA ŽITARICE 100g,90335479,FRUTEK,0.10 kg,ko,,11.9,1.19,1.19,1.39,3838945035026,HRANA
PEL PAMPERS AB MAXIPACK S3 70/1,90335522,PAMPERS,70.03 ko,ko,,0.21,14.99,14.99,14.99,8001090948656,TOALETNE POTREPŠTINE
KREMA ZA LICE CERA DI CUPRA ROSA 100ml,90341627,CERA DI CUPR,0.10 l,ko,5.29,52.9,,5.29,5.29,8002140151408,KOZMETIKA
PROSERIES ENERGY GEL 40g ORANGE,90344474,POLLEO,0.04 kg,ko,1.99,49.75,,1.99,1.99,3859893008771,PIĆE
ULJE MAS EX DJEV LECCINO 0.25L OL IS,90346274,OL ISTRIA,0.25 l,ko,9.99,39.96,,9.99,9.99,3858881193727,HRANA
LAMPUGA SVJEŽA LIBURNIJA,90349194,LIBURNIJA,1.00 kg,kg,8.99,8.99,,5.39,8.99,,HRANA
SIR TVRDI LEĆEVAČKI 300g DALMAT SIR,90354876,DALMATINSKI SIREVI,0.30 kg,ko,6.29,20.97,,5.29,6.29,3859893220326,HRANA
TP VIOLETA STRONG&SOFT BRESKVA 20/1 3SL,90360577,VIOLETA,20.00 ko,ko,4.49,0.22,,4.49,4.49,3859892289652,TOALETNE POTREPŠTINE
ČIPS LAY'S SPICY PAPRIKA 130g,90705996,PEPSICO,0.13 kg,ko,2.19,16.85,,1.89,1.89,5900259130709,HRANA
GOURMET PERLE MM TEL JANJ ZEC 4X85g,90707981,GOURMET,0.34 kg,ko,3.09,9.09,,2.49,3.09,7613031584765,PROIZVODI ZA KUĆANSTVO
OM SILAN FRESH SKY 880ml,90713167,SILAN,0.88 l,ko,3.65,4.15,,3.65,3.65,9000101581195,SREDSTVA ZA ČIŠĆENJE
DET WEISSER RIE GEL ORCH 4.5L 100PR,90713673,WEISSER RIESE,4.50 l,ko,18.99,4.22,,18.99,18.99,9000101563870,SREDSTVA ZA ČIŠĆENJE
ŠAMPON GLISS 400ml+REG MIRAC 200ml,90714507,GLISS,1.00 ko,ko,5.99,5.99,,5.99,5.99,3838824433073,KOZMETIKA
SARDINA PIKANT 70g EVA,90720243,EVA,0.07 kg,ko,1.69,24.14,,1.69,1.69,3856020262679,HRANA
ZP PLID EXT WHI 125ml,90725250,PLIDENTA,0.13 l,ko,2.79,22.32,,1.95,2.79,3856007910777,KOZMETIKA
PAH ZOBENE RISE&SMILE SITNE VR 500g,90726109,RISE&SMILE,0.50 kg,ko,0.79,1.58,,0.79,0.79,3850334063168,HRANA
VODA NEGAZIRANA PROLOM 1.5L,90735139,PROLOM VODA,1.50 l,ko,2.05,1.37,,2.05,2.05,8600169600022,PIĆE
ČIPS RIŽA SOL PAPAR LIMETA 60G B YOND,90739846,B YOND,0.06 kg,ko,1.29,21.5,,1.29,1.29,3800233091151,HRANA
ČEŠNJOVKA 200g VP PIVAC,90739956,PIVAC,0.20 kg,ko,3.35,16.75,,3.35,3.35,3858881616165,HRANA
PEL VIOLETA JUNIOR 5 GIANT 104/1,90745250,VIOLETA,103.95 ko,ko,22.99,0.22,,22.99,22.99,3870128033023,TOALETNE POTREPŠTINE
SLAD TORTERIE CRVEN GREJP MENT 500 ml,90769869,TORTERIE MACARON,0.38 l,ko,6.99,18.38,,6.99,6.99,3859893855917,HRANA
QUINOA 150g/140g D AUCY,90770415,D AUCY,0.14 kg,ko,1.29,9.21,,1.29,1.29,3017800252543,HRANA
LIKER TRAVA INCANTO 0.5L,90770433,INCANTO,0.50 l,ko,13.55,27.1,,13.55,13.55,3858891172644,PIĆE
KEKS BOOM BOX MINI BAN TAM ČOK  20 g,90770979,BOOM BOX,0.02 kg,ko,0.49,24.5,,0.49,0.49,3856027801246,HRANA
KREMA BAD DUO ORIGINAL 94 g,90771188,BLEND-A-DENT,0.09 kg,ko,,60.11,5.65,7.55,7.55,8006540300053,KOZMETIKA
MASKA HERBAL ESSENCES COCON 300 ml,90771243,HERBAL ESSENCES,0.30 l,ko,5,16.67,,5,5,8700216209922,KOZMETIKA
ŠAMPON PANTENE MIRAC VOLUME 250 ml,90771257,PANTENE,0.25 l,ko,5.99,23.96,,4.49,4.49,8700216323543,KOZMETIKA
ROLL ON REXONA W COTTON DRY 50 ml,90774981,REXONA,0.05 l,ko,3,60,,3,3,59095620,KOZMETIKA
LIP BALM MELEM CICA CREAM 4.5 g,90775257,MELEM,0.00 kg,ko,,738.64,3.25,3.19,3.99,3856007911668,KOZMETIKA
BOJA COMPLETE COL N93 MED,90775328,ANNYER,1.00 ko,ko,3.99,3.99,,3.99,3.99,3850177007985,KOZMETIKA
KREMA LICE OLIVAL ROUT REDELIG 50 ml,90775504,OLIVAL,0.05 l,ko,4,80,,4,4,3858892694787,KOZMETIKA
ENERGETSKI NAPITAK URAGAN ZERO 0.25L,90784845,URAGAN,0.25 l,ko,0.79,3.16,,0.79,0.79,3850108073010,PIĆE
VINO VALLE KOZLOVIĆ 0.7L,90785235,KOZLOVIĆ,0.70 l,ko,15.29,21.84,,14.55,14.55,3859893243035,PIĆE
KAKAO NAPITAK VITAMIN 15g STEVIQ,90794793,STEVIQ,0.02 kg,ko,0.89,59.33,,0.89,0.89,3858893680253,HRANA
ZP PLIDENTA E WHITE 125 ml + ČETKICA,90795184,PLIDENTA,1.00 ko,ko,2.79,2.79,,2.79,2.79,3856007912061,KOZMETIKA
GRAH SMEĐI 240g GIANA,90800118,GIANA,0.24 kg,ko,0.79,3.29,,0.79,0.79,8594012794948,HRANA
KEKS DOMAĆICA EXTRA CHOCO LJEŠ VR 220g,90805064,DOMAĆICA,0.22 kg,ko,3.19,14.5,,2.49,3.19,3850102009633,HRANA
PIVO LP KAJ-EL APA 0.5 L LIM,90809792,LEPI DEČKI,0.50 l,ko,2.35,4.7,,2.35,2.35,3859893292897,PIĆE
SLAD TAMNA ČOK MALINA 150 g FRANUI,90810876,FRANUI,0.15 kg,ko,6.99,46.62,,6.99,6.99,8437020396028,HRANA
ZOB PLOČICA BAD/TREŠ 100g FLAP JACK,90829790,FLAP JACK,0.10 kg,ko,1.59,15.9,,1.59,1.59,5999884751274,HRANA
BUČINE KOŠTICE BESKORKE VEDRINI 250g,90850470,VEDRINI,0.25 kg,ko,2.19,8.76,,2.19,2.19,3858889332104,HRANA
ZP ELMEX CARIES PROTECTION 2X75 ml,90850477,ELMEX,0.15 l,ko,10.45,69.67,,8.49,8.49,8714789992204,KOZMETIKA
TARALLI DULCETTI MEDITERRANEO 300 g,90851039,DULCETTI,0.30 kg,ko,,4.97,1.49,1.79,1.79,3850334431301,HRANA
PEL PAMPERS PREMIUM JP S6 50/1,90874774,PAMPERS,1.00 ko,ko,26.54,26.54,,26.54,26.54,8700216865029,TOALETNE POTREPŠTINE
TIJESTO FARFALLE DURUM 400 g ZP,90890100,ZLATO POLJE,0.40 kg,ko,1.99,4.98,,1.99,1.99,3856020278953,HRANA
TIJESTO PENNE DURUM 500 g ZP,90890103,ZLATO POLJE,0.50 kg,ko,1.99,3.98,,1.99,1.99,3838700021462,HRANA
SALV NATUR PREM PLAV 33X33 3SL 30/1,90894729,NATUR,30.00 ko,ko,0.99,0.03,,0.99,0.99,3850334432131,PROIZVODI ZA KUĆANSTVO
FILET OSLIĆA FIORITAL,90895216,FIORITAL,1.00 kg,kg,15.99,15.99,,9.59,15.99,93856024302985,HRANA
NAMAZ PROTEIN PISTACIJA 200 g ZOE,90895224,ZOE,0.20 kg,ko,5.99,29.95,,5.99,5.99,3856026713335,HRANA
SIR FETA 200 g DELISO,90895229,DELISO,0.20 kg,ko,2.99,14.95,,2.99,2.99,3850334433725,HRANA
ROYAL BRAND 0.1 L MARASKA,90904683,MARASKA,1.00 ko,ko,1.69,1.69,,1.69,1.69,3850158201340,PIĆE
TIKVICE,01401776,,1.00 kg,kg,1.49,1.49,,1.29,1.49,3850334173195,HRANA
KUPINA 125 grama,01410050,,0.13 kg,ko,2.49,19.92,,2.49,2.49,3858885875513,HRANA
DINJA,01410547,,1.00 kg,kg,2.99,2.99,,2.99,3.29,3850334173577,HRANA
HREN 200g STAKLO PODRAVKA,01492032,PODRAVKA,0.20 kg,ko,1.99,9.95,,1.59,1.99,3850104209444,HRANA
GRAŠAK BONDUELLE LIM 265g,01550053,BONDUELLE,0.27 kg,ko,1.99,7.51,,1.39,1.99,3083680047364,HRANA
HRANA HP ZA KANARINCE S VIT 500g,01640456,HOBBY,0.50 kg,ko,2.25,4.5,,2.25,2.25,3838964001057,PROIZVODI ZA KUĆANSTVO
KOSTI SUHE VRBOVEC RFZ,02013503,PIK VRBOVEC,1.00 kg,kg,3.85,3.85,,3.85,3.85,3850139250152,HRANA
MORTADELA VAC PIK VRBOVEC,02036477,PIK VRBOVEC,1.00 kg,kg,10.89,10.89,,8.49,8.49,3850139170986,HRANA
ROMB SVJ FIORITAL,02195327,,1.00 kg,kg,18.99,18.99,,11.39,18.99,93856024301278,HRANA
INĆUN SVJ  FIORITAL,02197507,,1.00 kg,kg,2.59,2.59,,1.55,2.59,93856024300530,HRANA
NAPITAK ZOB 1 L OATLY,90880039,OATLY,1.00 l,ko,3.39,3.39,,3.39,3.39,7394376621093,HRANA
DEO DOVE Ž ACAI 150 ml,90885149,DOVE,0.15 l,ko,,26.73,4.01,5.35,5.35,8720181291418,KOZMETIKA
GEL VENUS SATIN CARE 190 ml,90885689,VENUS,0.19 l,ko,,44.79,8.51,13.29,13.29,8700216026635,KOZMETIKA
DET ARIEL EX STAIN REMOV 1.35 L=30PR,90886431,ARIEL,1.35 l,ko,17.99,13.33,,11.49,17.99,8700216691390,SREDSTVA ZA ČIŠĆENJE
PRALINE ČOKOL SLAVONIJA 280 g KANDIT,90904670,KANDIT,0.28 kg,ko,2.99,10.68,,2.99,2.99,3856024806084,HRANA
CIPAL SVJEŽI FIORITAL,02193155,,1.00 kg,kg,4.99,4.99,,2.93,4.89,93856024300196,HRANA
LIP BALM K PLUS OLEA SHINE 4.8g,90044411,OLEA,0.01 kg,ko,1.09,227.08,,1.09,1.09,3850334203229,KOZMETIKA
POKLON PAKET SELJAČKA KOLA,90046993,LUBIN,0.75 l,ko,31.89,42.51,,31.89,31.89,3859891501151,PIĆE
WINTERA K PLUS NAR 100g MA,90050061,K PLUS,0.10 kg,ko,1.99,19.9,,1.99,1.99,3850139051322,HRANA
BOŽIĆNA PURETINA SVJ -POLOVICA VINDIJA,90054102,VINDON,1.00 kg,kg,6.99,6.99,,6.99,6.99,3850339407073,HRANA
BISKVIT IŠLERI S EUROCREMOM 250g,90074891,EUROCREM,0.25 kg,ko,3.19,12.76,,3.19,3.19,8600946443002,HRANA
PASTRVA SVJ OČIŠĆENA ROSSI,90076575,,1.00 kg,kg,7.39,7.39,,3.75,7.39,,HRANA
BJELILO ZA KAVU ANAMARIA 150g,90078280,ANAMARIA,0.15 kg,ko,2.09,13.93,,2.09,2.09,3858881772977,HRANA
KIM MLJEVENI 35G BOČ KOTANYI,90185510,KOTANYI,0.04 kg,ko,2.39,68.29,,2.09,2.39,9001414240250,HRANA
LAK SYOSS CERAMIDE 300ML,90213548,SYOSS,0.30 l,ko,,15.5,4.65,4.65,4.65,9000100988537,KOZMETIKA
DESERT KINDER BUENO T4 172g,90261131,FERRERO,0.17 kg,ko,3.99,23.2,,3.99,3.99,5020411113828,HRANA
TRIPICE KUHANE 500g PIVAC,90307731,PIVAC,0.50 kg,ko,3.99,7.98,,2.79,3.99,3858881611351,HRANA
DŽEM OD ŠIPKA BAKINA TAJNA 375g,90308313,BAKINA TAJNA,0.38 kg,ko,3.99,10.64,,3.99,3.99,8606102785368,HRANA
SOL MORSKA SITNA PVC 1kg SOLANA NIN,90311296,SOLANA NIN,1.00 kg,ko,0.79,0.79,,0.79,0.79,3859888595118,HRANA
PLOČICA VOĆNA EKO DATULJA LJEŠNJAK 25g FIT&FIT,90320128,FIT&FIT,0.03 kg,ko,0.73,29.2,,0.73,0.73,8681917252205,HRANA
ALL IN ONE MINI CRNA 230 gr,90325913,IDEAL,0.23 kg,ko,3,13.04,,3,3,3045206157131,SREDSTVA ZA ČIŠĆENJE
RAKIJA ZLATNA KAJSIJA 40% 0.7L,90339539,ZLATNA,0.70 l,ko,24.35,34.79,,24.35,24.35,3870474000533,PIĆE
SOM SVJ ODREZAK KONZUM,90341037,,1.00 kg,kg,9.99,9.99,,5.99,9.99,,HRANA
BOMBON HARIBO MEKANI MEDO 200g,90342861,HARIBO,0.20 kg,ko,2.45,12.25,,2.45,2.45,9002975401210,HRANA
BOMBON HARIBO COLA ROLICA 25g,90342877,HARIBO,0.03 kg,ko,0.49,19.6,,0.49,0.49,4001686383025,HRANA
DET FAKS GEL BABY 900ml=18 PR,90354368,FAKS,0.90 l,ko,6.99,7.77,,3.99,6.99,3850105167910,SREDSTVA ZA ČIŠĆENJE
NAPITAK GATORADE NARANČA 0.5L,90361199,GATORADE,0.50 l,ko,1.65,3.3,,1.65,1.65,8001160001144,PIĆE
TOLSTOLOBIK FILET KUPA,90389277,RIBNJACI KUPA,1.00 kg,kg,5.69,5.69,,3.41,5.69,,HRANA
ROLL ON MELEM DRAG ULJA 50ml,90403150,MELEM,0.05 l,ko,3.99,79.8,,3.19,3.99,3856007907524,KOZMETIKA
PIVO KARLOVAČKO LAGER 2l,90403527,KARLOVAČKO,2.00 l,ko,3.65,1.83,,3.65,3.65,3850103902162,PIĆE
SIRUP OD MALINE 500ml,90404095,AGROPOSTA,0.50 l,ko,9.09,18.18,,9.09,9.09,3859892734688,PIĆE
ČAJ MAJČINA DUŠICA 40G,90404282,SUBAN,0.04 kg,ko,2.65,66.25,,2.39,2.65,3858882912389,HRANA
SNACK OD SIRA PROVANSA 100g,90405663,ILE DE FRANCE,0.10 kg,ko,3.85,38.5,,3.85,3.85,3480341002685,HRANA
PAH ZOBENE RISE&SMILE SITNE 500g,90410927,RISE&SMILE,0.50 kg,ko,0.79,1.58,,0.79,0.79,3838900820704,HRANA
VALJUŠCI MINUTE 1kg,90467867,MINUTE,1.00 kg,ko,2.59,2.59,,2.59,2.59,3850334386687,HRANA
CROISSANT MINI SEZAM SUNNY 1kg,90467874,SUNNY,1.00 kg,ko,1.99,1.99,,1.99,1.99,3850334386779,HRANA
PEL GAĆICE PAMPERS JUMBOPACK S7 38 KO,90477873,PAMPERS,38.01 ko,ko,21.63,0.57,,21.63,21.63,8006540069387,TOALETNE POTREPŠTINE
DESERT ČOK ŽIV CARSTVO 15gX5KOM KRAŠ,90486243,ŽIVOTINJSKO CARSTVO,0.08 kg,ko,2.79,37.2,,2.79,2.79,3850102010738,HRANA
VINO TO GO CHARDONNAY 0.187L PET,90495058,WINE TO GO,0.19 l,ko,2.39,12.78,,2.39,2.39,3859893101953,PIĆE
JOGURT B'AKTIV JAGODA PET 1KG DUKAT,90514052,B'AKTIV,1.00 kg,ko,,2.29,2.29,2.29,2.85,3850354015826,HRANA
PANCETA DALMAT 100g PUNTICA,90514266,OPG PUNTICA,0.10 kg,ko,3.19,31.9,,3.19,3.19,3859893363436,HRANA
DN UL LIBRESSE DUO LONG 50/1,90568386,LIBRESSE,50.00 ko,ko,3.19,0.06,,3.19,3.19,7322541350530,TOALETNE POTREPŠTINE
ENERG NAPITAK PROGAME VIŠNJA 0.5L ,90573806,PROGAME,0.50 l,ko,1.49,2.98,,1.49,1.49,3858890877830,PIĆE
KROASAN MINI VANILIJA 65g QUICKIE,90582796,QUICKIE,0.07 kg,ko,0.73,11.23,,0.73,0.73,3872324000304,HRANA
ŠAMPON FRUCT HAIR F COCO BUTT 350ml,90598175,GARNIER FRUCTIS,0.35 l,ko,4,11.43,,4,4,3600542432696,KOZMETIKA
SIR POLUTV ŠPANJ KOZJI S VINOM 130g,90598992,Q CONCEPT,0.13 kg,ko,4.59,35.31,,4.59,4.59,5902431274768,HRANA
DET ECOVER OSJ RUBLJE 750ml=16PR,90600493,ECOVER,0.75 l,ko,3,4,,3,3,5000204246766,SREDSTVA ZA ČIŠĆENJE
ARF STAKLO CITRUS 650 ml,90627895,ARF,0.65 l,ko,1.79,2.75,,1.49,1.49,3850105181077,SREDSTVA ZA ČIŠĆENJE
KEKS ČAJNI KOLUTIĆI 420g LASTA,90662957,LASTA,0.42 kg,ko,2.39,5.69,,2.39,2.39,3870128029989,HRANA
VINO MUSCAT TEMJANIKA BOVIN  0.75L,90669256,BOVIN,0.75 l,ko,12.45,16.6,,12.45,12.45,5319990221278,PIĆE
TEL LEĐA SK MARTINJAK DOMAĆA,90669297,MARTINJAK,1.00 kg,kg,12.49,12.49,,12.49,12.49,3859893702532,HRANA
SIR PARMIGGIANO REGG RIBANI 60g,90672986,PARMAREGGIO,0.06 kg,ko,1.86,31,,1.86,1.86,8010721001509,HRANA
DET FAKS BABY&SENS 1.17KG=18 PR,90673723,FAKS,1.17 kg,ko,7.99,6.83,,7.99,7.99,3850105180445,SREDSTVA ZA ČIŠĆENJE
VAFL MANNER BRESKVA 185g,90600220,MANNER,0.19 kg,ko,2.59,14,,1,1,9000331628363,HRANA
PIVO PAULANER HP KELLER 0.5L LIM,90602737,PAULANER,0.50 l,ko,1.79,3.58,,1.49,1.79,4004866220639,PIĆE
DESERT DANONINO BAN/JAG/MAR 6X50g,90602759,DANONINO,0.30 kg,ko,2.59,8.63,,2.59,2.59,4009700035783,HRANA
LOSOS DIMLJENI REZANI 100g VIČI,90602920,VIČI,0.10 kg,ko,5.19,51.9,,5.19,5.19,4770190035040,HRANA
TUBA NUTR BIO JAB/BRES/BAN 100g,90623102,NUTRINO,0.10 kg,ko,,10.1,1.01,1.19,1.19,8606019653828,HRANA
VITAMIN K2D3 15 KAP MULTIVITA,90623367,MULTIVITA,15.00 ko,ko,5.49,0.37,,5.49,5.49,3858881248960,HRANA
DET PERFEKTE WASCHE ZELENI 4.305L=123PR,90642759,PERFEKTE WASCHE,4.31 l,ko,4.49,1.04,,4.49,4.49,4262358180018,SREDSTVA ZA ČIŠĆENJE
ČOKOLADA FINESSE NOISETTE 220g,90648594,FINESSE,0.22 kg,ko,3.39,15.41,,3.39,3.39,3838900807651,HRANA
MASKA LICE AURORA 7 HEAVEN JEDNOROG,90648972,7TH HEAVEN,1.00 ko,ko,3.05,3.05,,3.05,3.05,083800052714,KOZMETIKA
VAFL KREM ŠTAPIĆI LJEŠNJAK 200g LASTA,90662984,LASTA,0.20 kg,ko,2.39,11.95,,2.39,2.39,3870128030060,HRANA
VAFL KREM ŠTAPIĆI BIJELA ČOK 200g LASTA,90662989,LASTA,0.20 kg,ko,2.39,11.95,,2.39,2.39,3870128032071,HRANA
VODA VITAMIN OSHEE ELEKTROLITI 0.25L,90673625,OSHEE,0.25 l,ko,1.29,5.16,,1.25,1.25,5908260255855,PIĆE
KRUH LOW CARB BG 190g BALVITEN ,90675417,BALVITEN,0.19 kg,ko,,16.74,3.18,3.98,3.98,5907653104817,HRANA
NEG.PIĆE MEDONJA ŠUMSKO VOĆE 0.2L,90677850,MEDONJA,0.20 l,ko,0.43,2.15,,0.43,0.43,8606100139880,PIĆE
KOMPOT VIŠNJA GARDEN GOOD  680/340g,90677947,GARDEN GOOD,0.34 kg,ko,1.85,5.44,,1.59,1.85,3850334028228,HRANA
DRINK MILK SLAM ČOKOL 30g,90678469,QUICK MILK,0.03 kg,ko,0.85,28.33,,0.85,0.85,5996071650648,HRANA
DET ARIEL M SPRING 2.475kg=45PR,90705865,ARIEL,2.48 kg,ko,10,4.04,,10,10,8006540940549,SREDSTVA ZA ČIŠĆENJE
KEKS SENDVIČ ČOKO KREMA 180g ROSHEN,90729992,ROSHEN,0.18 kg,ko,1.35,7.5,,1.35,1.35,4823077609077,HRANA
JOGURT 1kg MLJEKARA MARINA,90750927,MLJEKARA MARINA,1.00 kg,ko,2.69,2.69,,2.69,2.69,3859892438128,HRANA
KREMA NIVEA BABY PELEN PODRUČ 100 ml,90759661,NIVEA,0.10 l,ko,,51.8,5.18,6.49,6.49,9005800369150,KOZMETIKA
VINO MERLOT BUHAČ VRH 0.75L,90764786,VINO BUHAČ,0.75 l,ko,8.55,11.4,,8.55,8.55,3859892110581,PIĆE
FANT UMAK CURRY 28 g PODRAVKA,90770338,FANT,0.03 kg,ko,1.19,42.5,,1.19,1.19,3856020269401,HRANA
MASKA PANTENE MIRAC HYDRATION 300 ml,90771236,PANTENE,0.30 l,ko,15.99,53.3,,11.99,11.99,8700216173346,KOZMETIKA
PLATA SPALATIUM 1150 g PLATA DO VRATA,90774871,PLATA DO VRATA,1.15 kg,ko,27.5,23.91,,24.5,24.5,3859894230034,HRANA
GEL TUŠ AXE JUNGLE FRESH 400 ml,90775107,AXE,0.40 l,ko,4.95,12.38,,4.95,4.95,8720181442902,KOZMETIKA
KREMA RUKE BIOB FLOWER ROMAN 50 ml,90775391,BIOBAZA,0.05 l,ko,2.99,59.8,,2.99,2.99,3856020914516,KOZMETIKA
KAVA CLASSIC NS 10/1 57g FRANCK,90673611,FRANCK NC,0.06 kg,ko,4.49,78.77,,4.49,4.49,3850291053684,HRANA
TORTILLA PŠEN 6X25cm 370g HRUSTY,90702818,HRUSTY,0.37 kg,ko,1.59,4.3,,1.19,1.59,8605002359730,HRANA
JUHA KREM BUNDEVA 500ml PODRAVKA,90703001,PODRAVKA,0.50 l,ko,1.99,3.98,,1.99,1.99,3856020264666,HRANA
TABASCO SWEET&SPICY 300g TABASCO,90703482,TABASCO,0.30 kg,ko,4.98,16.6,,4.98,4.98,0011210694002,HRANA
SLAD TOBLERONE ŠTAPIĆ 3x90ml,90703697,TOBLERONE,0.27 l,ko,6.99,25.86,,6.99,6.99,4007993033806,HRANA
CARSKO POVRĆE GARDEN GOOD 1kg,90703982,GARDEN GOOD,1.00 kg,ko,2.49,2.49,,1.79,2.49,3838900835333,HRANA
VINO GRK MILJAS 0.75L,90704054,MILJAS,0.75 l,ko,20,26.67,,20,20,0745114208705,PIĆE
IMUNO MIX FAMILY PACK EC 300g,90705642,EUROCOMPANY,0.30 kg,ko,4.69,15.63,,3.22,4.69,3872084014511,HRANA
DET OSJ VIOLETA COLOR 1.8L,90706015,VIOLETA,1.80 l,ko,6.89,3.83,,6.89,6.89,3870128035362,SREDSTVA ZA ČIŠĆENJE
SIR TVRDI RIBANAC VINTAGE 40g,90706019,PRESIDENT,0.04 kg,ko,1.59,39.75,,1.29,1.59,3850355007851,HRANA
SANYTOL VIŠENAM ČIŠĆ I DEZ GREJP 500ml,90706132,SANYTOL,0.50 l,ko,3.45,6.9,,3.45,3.45,3045206312066,SREDSTVA ZA ČIŠĆENJE
ENERGETSKI NAPITAK URAGAN 0.25L,90706517,URAGAN,0.25 l,ko,0.79,3.16,,0.79,0.79,3850108073119,PIĆE
SLAD KINDER ČOKOLADA 4x55ml,90707139,KINDER,0.15 l,ko,5.99,39.41,,4.99,5.99,8000500406427,HRANA
 LASAGNE ALLA BOLOGNESE CHEF 400g,90707750,EUROCHEF,0.40 kg,ko,4.99,12.48,,4.99,4.99,8013554010007,HRANA
JOGURT SENSIA FIBERS VOĆNI MIX 150g,90707899,SENSIA,0.15 kg,ko,0.69,4.6,,0.69,0.69,3850354017721,HRANA
GEL TUŠ FA MYSTIC MOMENTS 400ml DUO,90713858,FA ,0.80 l,ko,4.99,6.24,,4.99,4.99,3838824432915,KOZMETIKA
KOLAČIĆ KIKIRIKI PROTEIN 40g BITEME,90713966,BITEME,0.04 kg,ko,2.49,62.25,,2.49,2.49,3859893725395,HRANA
HRENOVKE EXTRA XXL 1200g,90714592,PP,1.20 kg,ko,2.65,2.21,,2.65,2.65,3850220153997,HRANA
DEKOR CVJETIĆI MARCIPAN 24G DR OETKER,90725429,SCHWARTAU,0.02 ko,ko,3.99,166.25,,3.99,3.99,4000521021450,HRANA
NJOKI 500g,90725832,SLOVA,0.50 kg,ko,1.19,2.38,,1.19,1.19,3850334044778,HRANA
GEL TUŠ AFRODITA FROZEN DREAM 250ml,90730071,AFRODITA,0.25 l,ko,2.99,11.96,,2.99,2.99,3831070659983,KOZMETIKA
SKYR PROTEIN VIŠNJA 330g Z BREGOV,90732918,Z BREGOV,0.33 kg,ko,1.69,5.12,,1.69,1.69,3850108037524,HRANA
SRDELA SLANA EDMU 70/120g PELAGOS,90733497,PELAGOS,0.07 kg,ko,4.09,58.43,,4.09,4.09,3859893545450,HRANA
DET TEK CHICCO SENSITIVE 1500ml,90733798,CHICCO,1.50 l,ko,9.49,6.33,,9.49,9.49,8058664122325,SREDSTVA ZA ČIŠĆENJE
ŠAMPON AFR ČEŠNJ 950ml,90744848,AFRODITA,0.95 l,ko,4.79,5.04,,4.79,4.79,3831070661696,KOZMETIKA
DET PERWOLL BLACK 3L=60PR,90745022,PERWOLL,3.00 l,ko,,3.83,11.49,11.49,11.49,9000101809527,SREDSTVA ZA ČIŠĆENJE
REGEN HERBAL ESSENCES ORANGE 250 ml,90771258,HERBAL ESSENCES,0.25 l,ko,6.19,24.76,,6.19,6.19,8700216210317,KOZMETIKA
DEO LACTOVIT Ž LACTOUREA 200 ml,90775585,LACTOVIT,0.20 l,ko,4.79,23.95,,3.59,4.79,8411135008939,KOZMETIKA
OM LENOR CHERRY BLOSSOM 925 ml,90785277,LENOR,0.93 l,ko,4,4.32,,4,4,8700216326605,SREDSTVA ZA ČIŠĆENJE
NAPITAK MONSTER GREEN ZERO 0.5L,90785356,MONSTER,0.50 l,ko,1.95,3.9,,1.95,1.95,5061013940139,PIĆE
ČIST ZA PERILICU POSUĐ DR BECKM 100g,90785407,BECKMANN,0.10 kg,ko,2.89,28.9,,2.02,2.89,4008455583815,SREDSTVA ZA ČIŠĆENJE
KAVA LEDENA LANDESSA CAPPUCCINO 230 ML,90789810,LANDESSA,0.23 l,ko,1.99,8.66,,1.99,1.99,9004380014306,HRANA
DŽEM K PLUS EXTRA MALINA 350g,90794838,K PLUS,0.35 kg,ko,2.99,8.54,,1.99,2.99,3850334112934,HRANA
KEKS BAIOCCHI 28 g BARILLA,90800111,BARILLA,0.03 kg,ko,0.69,24.64,,0.52,0.69,80417934,HRANA
SENDVIČ MOZZARELLA MINUTE 220 g,90800571,MINUTE,0.22 kg,ko,2.99,13.6,,2.99,2.99,3850334421234,HRANA
UMAK SLATKO KISELI 355g MAGGI,90814900,MAGGI,0.36 kg,ko,,8.42,2.99,4.99,4.99,8445291506688,HRANA
NAMAZ KARAMEL 380g BONNE MAMAN,90824949,BONNE MAMAN,0.38 kg,ko,5.19,13.66,,5.19,5.19,3045320523355,HRANA
TJESTENINA SPIRALE BG 500 g FREE ZONE,90825447,FREE ZONE,0.50 kg,ko,,3.98,1.99,2.49,2.49,3838900841563,HRANA
KETCHUP LJUTI 455g HEINZ,90825689,HEINZ,0.46 kg,ko,2.99,6.57,,2.99,2.99,5900783009564,HRANA
BOŽIĆNA VREĆICA VELIKA 542.50g,90825728,FILIR,0.54 kg,ko,3.35,6.18,,3.35,3.35,3858891165707,HRANA
PLOČICA KARAMELA BEZ DOD ŠEĆ 29 g NEOH,90825955,NEOH,0.03 kg,ko,1.99,68.62,,1.99,1.99,9120085630907,HRANA
ŠAMPON PANTENE 3U1 REPAIR&PR 325 ml,90850411,PANTENE,0.33 l,ko,5.99,18.43,,4.49,4.49,8700216567084,KOZMETIKA
ŠAMPON MELEM BLONDE 300 ml,90850560,MELEM,0.30 l,ko,,22.63,6.79,6.39,7.99,3856007912382,KOZMETIKA
GRAH BIJELI CAN GARDEN GOOD 420/240g,90854717,GARDEN GOOD,0.24 kg,ko,0.79,3.29,,0.79,0.79,3838900842928,HRANA
KEKS FINESSE PUNJ LJEŠ KREMA 150 g,90864730,FINESSE,0.15 kg,ko,1.69,11.27,,1.69,1.69,3850334106209,HRANA
VINO GRAŠEVINA VINEA 1 L,90874760,VIZBA VALANDOVO,1.00 l,ko,3.99,3.99,,2.99,3.99,3859894110091,PIĆE
ŠAMP GLISS FULL HAIR 400 ml,90885514,GLISS,0.25 l,ko,,17.96,4.49,6.49,6.49,9000101749298,KOZMETIKA
STICK OS TIGER CLAW 50 ml,90885623,OLD SPICE,0.05 l,ko,,59.8,2.99,3.99,3.99,8006540424575,KOZMETIKA
ČETKICA ORAL B PRO EXPERT 2/1,90885800,ORAL B,2.00 ko,ko,5.29,2.65,,5.29,5.29,8700216445962,KOZMETIKA
ROLL ON 48 FRESH 50 ml,90886120,ILIRIJA,0.05 l,ko,4.45,89,,4.45,4.45,3838980813818,KOZMETIKA
OM LENOR COTTON FRESH 987 ml,90886197,LENOR,1.00 l,ko,,3.49,3.49,4.79,6.39,8700216724524,SREDSTVA ZA ČIŠĆENJE
SLADOLED CDO JAG&VAN&ČOK 1.3 l,90886349,UNILEVER,1.30 l,ko,7.39,5.68,,5.99,7.39,8711327674912,HRANA
GAZ PIĆE FANTA TUTTI FRUT ZERO 0.5 L,90886642,FANTA,0.50 l,ko,1.15,2.3,,1.15,1.15,5449000334657,PIĆE
PILEĆA PRSA DIMLJEN S&FIT 100 g  PER,90886736,PERUTNINA,0.10 kg,ko,1.99,19.9,,1.99,1.99,3838977022162,HRANA
FLIPS CLIPSY SIR/KECAP/ORIGANO 85 g,90887016,PEPSICO,0.09 kg,ko,,12.12,1.03,1.29,1.29,8606033741471,HRANA
KOŠARICE LISNATO 60 g 12/1 CONFILETA,90887098,CONFILETAS,0.06 kg,ko,4.99,83.17,,3.99,4.99,8427778896178,HRANA
STUDENT MIX 300 g NATURA PLUS,90895303,NATURA,0.30 kg,ko,5.49,18.3,,5.49,5.49,3858893922629,HRANA
DET DUEL COLOR CARE 2.45 L,90895410,DUEL,2.45 l,ko,11.99,4.89,,11.99,11.99,8606015847122,SREDSTVA ZA ČIŠĆENJE
MASLINE ZEL PAP 100g DOY AGROSEVILLA,01581069,AGROSEVILLA,0.10 kg,ko,1.79,17.9,,1.79,1.79,8410522000303,HRANA
TARTUFI I ŠAMPINJONI 180g ZIGANTE,01600106,ZIGANTE,0.18 kg,ko,9.29,51.61,,9.29,9.29,3859889179423,HRANA
PEDIGREE DENTASTIX SREDNJI 180G,01640064,PEDIGREE,0.18 kg,ko,2.99,16.61,,2.39,2.99,5010394984584,PROIZVODI ZA KUĆANSTVO
GOURMET GOLD MM GOVED PILET 85g,01641892,GOURMET,0.09 kg,ko,0.89,10.47,,0.69,0.89,7613032816766,PROIZVODI ZA KUĆANSTVO
FRISKIES T-BONZ 150G,01642011,FRISKIES,0.15 kg,ko,1.99,13.27,,1.45,1.99,4000487223332,PROIZVODI ZA KUĆANSTVO
POSEBNA 1000g VINDIJA,02041342,CEKIN,1.00 kg,kg,3.65,3.65,,3.65,3.65,3850159125522,HRANA
SIR POLUTV DIMSI BLOK 3kg DUKAT,02053912,PRESIDENT,1.00 kg,kg,13.19,13.19,,13.19,13.19,3850355007400,HRANA
SIR TOP TROK ŠUNKA 140g ZDENKA,02103202,ZDENKA,0.14 kg,ko,2.25,16.07,,1.79,2.25,3858888590116,HRANA
PUREĆI NAREZAK 150g PODRAVKA,02166664,PODRAVKA,0.15 kg,ko,1.89,12.6,,1.89,1.89,3850104031748,HRANA
MASLAC I KLASA 20g FOLIJA DUKAT,02180151,DUKAT,0.02 kg,ko,0.49,24.5,,0.49,0.49,3850355001521,HRANA
TUNJ KOMADIĆI BILJ ULJ  EVA 112g,02190459,EVA,0.11 kg,ko,2.29,20.45,,2.29,2.29,3850104267031,HRANA
ZUBATAC 500/1000 SVJ UV MEDUZA,02197635,,1.00 kg,kg,25.89,25.89,,15.52,25.89,,HRANA
OVČICA SVJ UV MEDUZA,02197649,,1.00 kg,kg,15.19,15.19,,9.11,15.19,,HRANA
FILE PANGASIUSA PAKIRANI KONZUM,02197676,,1.00 kg,kg,8.59,8.59,,4.91,8.19,,HRANA
TOLSTOLOBIK SVJ REZ RIBNJAK,02197824,RIBNJAK,1.00 kg,kg,3.69,3.69,,2.21,3.69,,HRANA
PAPALINA SVJ PAK KONZUM,02199548,,1.00 kg,kg,2.39,2.39,,1.43,2.39,,HRANA
PUDING MLIJEČ ČOKOL 125g ČAŠA VIND,02320209,VINDIJA,0.13 kg,ko,0.65,5.2,,0.49,0.65,38500039,HRANA
MLIJEČNI DESERT KINDER PINGUI 30g D,02324049,FERRERO,0.03 kg,ko,0.69,23,,0.69,0.69,4008400290126,HRANA
MLIJEKO KISELO 3.2% 400g VINDIJA,02330097,Z BREGOV,0.40 kg,ko,1.29,3.23,,1.29,1.29,3850108031683,HRANA
CRISPY POPS PA PILEĆE OKRUGLICE 500g,02370034,CEKIN,0.50 kg,ko,7.69,15.38,,5.99,7.69,3850159141935,HRANA
PIL ZABATAK OBIT PAK VINDIJA,02430046,CEKIN,1.00 kg,kg,5.29,5.29,,3.49,3.49,3850159110573,HRANA
DET ARIEL COLOR 3.87 L=86 PR,90886593,ARIEL,3.87 l,ko,20.99,5.42,,20.99,20.99,8700216691796,SREDSTVA ZA ČIŠĆENJE
BOJA SYOSS 5/8 LJEŠNJAK SMEĐA,06544302,SYOSS,1.00 ko,ko,,5.69,5.69,6.99,5.59,9000100633345,KOZMETIKA
LIKER JAGERMEISTER COOLPACK 0.35L,90361953,JAGERMEISTER,0.35 l,ko,,22.23,7.78,,,4067700021977,PIĆE
PATLIĐAN,01400049,,1.00 kg,kg,1.99,1.99,,1.99,1.99,3850334172945,HRANA
JABUKA FUJI,01410468,,1.00 kg,kg,1.79,1.79,,1.19,1.19,3850334386052,HRANA
JABUKA ZELENA 2 kg,01411196,,2.00 kg,ko,2.19,1.1,,2.19,2.19,3850334049087,HRANA
SENF ČAŠA 250g JUTRO,01530158,JUTRO,0.25 kg,ko,2.52,10.08,,2.52,2.52,4025891003257,HRANA
TABASCO LJUTI AROMA DIMA 60ML MC ILH,01491960,TABASCO,0.06 l,ko,4.64,77.33,,4.64,4.64,0011210607040,HRANA
RAJČICA PASIRANA 680g PODRAVKA,01570376,PODRAVKA,0.68 kg,ko,2.59,3.81,,2.59,2.59,3850104242915,HRANA
KULEN 300g PODRAVKA,02024511,PODRAVKA,0.30 kg,ko,6.99,23.3,,6.99,6.99,3858886466383,HRANA
DARLING SP MESO POVRĆE 500g,01640598,DARLING,0.50 kg,ko,2.19,4.38,,2.19,2.19,7613032933746,PROIZVODI ZA KUĆANSTVO
GOURMET PERLE MM GRILL PILETIN 85G,01640603,GOURMET,0.09 kg,ko,0.89,10.47,,0.69,0.89,7613032867942,PROIZVODI ZA KUĆANSTVO
SKUŠA SVJEŽA FIORITAL,02190353,,1.00 kg,kg,6.99,6.99,,4.19,6.99,93856024301346,HRANA
TRLJA I SVJ MEDUZA,02195273,,1.00 kg,kg,4.89,4.89,,2.93,4.89,,HRANA
PASTRVA OČIŠ SVJ PAK KONZUM,02198767,,1.00 kg,kg,7.39,7.39,,3.75,7.39,,HRANA
ŠLAG SPRAY 250ML MEGLE ADRIA,02320018,MEGGLE,0.25 l,ko,3.19,12.76,,3.19,3.19,8585002595065,HRANA
SIRUTKA 1/1  VERONIKA,02329047,VERONIKA,1.00 l,ko,0.99,0.99,,0.99,0.99,3859889622288,HRANA
SIR K PLUS ZRNATI 20% MM 200g,02398938,K PLUS,0.20 kg,ko,1.33,6.65,,0.99,1.33,3850334058515,HRANA
JUN TRBUŠINA  M PAK PIK III KAT,02412008,PIK VRBOVEC,1.00 kg,kg,10.99,10.99,,7.69,10.99,3850139640090,HRANA
PIL KRILA KOKA RFZ VINDIJA,02433947,CEKIN,1.00 kg,kg,,3.15,3.15,5.19,5.19,3850159110252,HRANA
HRENOVKE 200g VAC GAVRILOVIĆ,02044225,GAVRILOVIĆ,0.20 kg,ko,2.19,10.95,,2.19,2.19,3858881224766,HRANA
TUNJ SALATA KUKURUZ 160g BOWL RIO MA,02198507,RIO MARE,0.16 kg,ko,4.69,29.31,,2.15,4.69,8004030022010,HRANA
SARDINA U MASLINOVOM ULJU AQ 73.5g,02198479,ADRIATIC QUEEN,0.07 kg,ko,1.99,27.07,,1.99,1.99,3850160101065,HRANA
VRHNJE KISELO 12% 900g DUKAT,02334277,BRZO&FINO,0.90 kg,ko,3.99,4.43,,3.99,3.99,3850354009863,HRANA
VODA IZVORSKA STUDENA 0.5L,03180007,STUDENA,0.50 l,ko,0.79,1.58,,0.79,0.79,3856022300188,PIĆE
KRUH PAN BAULETO BIJELI 400g BARILLA,04016532,BARILLA,0.40 kg,ko,2.05,5.13,,2.05,2.05,8076809504720,HRANA
BRAŠNO NAM ZA DIZ TIJ T-550 1kg MLIN,04030091,MLINETA,1.00 kg,ko,1.3,1.3,,1.3,1.3,3859888419063,HRANA
RIŽA MJEŠAVINA 3 ZRNA 800g GALLO,04064009,RISO GALLO,0.80 kg,ko,4.49,5.61,,3.59,4.49,8001420011296,HRANA
ČAJ ENGLISH BREAKFAST 50g,04095668,TWININGS,0.05 kg,ko,4.25,85,,4.25,4.25,0070177077693,HRANA
ZAČIN ZA MEDENJAKE 27g VR KOTANYI,04100183,KOTANYI,0.03 kg,ko,1.35,50,,1.15,1.35,9001414015223,HRANA
MJEŠ ZAČINA TALIJAN 48g MLIN KOTANY,04100447,KOTANYI,0.05 kg,ko,3.98,82.92,,3.98,3.98,9001414041178,HRANA
PAPRIKA SLATKA DELIKAT 100g ŠAFRAM,04100731,ŠAFRAM,0.10 kg,ko,1.59,15.9,,1.59,1.59,3859888163317,HRANA
BRONHOVITAL 250g MEDO-FLOR,04130379,MEDO FLOR,0.25 kg,ko,5.29,21.16,,5.29,5.29,3859888378773,HRANA
KEKS PAN DI STELLE 350g 488001,04140028,BARILLA,0.35 kg,ko,4.59,13.11,,3.44,4.59,8076809574075,HRANA
KEKS GRANCEREALE CLASSICO 250g,04140499,BARILLA,0.25 kg,ko,1.99,7.96,,1.39,1.99,8076809540124,HRANA
BRUSCHETTE RAJČ/MASL/ORIG 70g MARETT,04141679,MARETTI,0.07 kg,ko,,10,0.7,0.7,0.95,3800205875109,HRANA
VAFL NAPOLITANKA LJEŠ 50g KRAŠ,04150052,KRAŠ,0.05 kg,ko,1,20,,1,1,3850102323463,HRANA
BISKVIT MILKA MALINA 147g,04151218,MILKA,0.15 kg,ko,1.79,12.18,,1.09,1.79,7622300479107,HRANA
NEKTAR BRESKVA  FRUCTAL1L,03140489,FRUCTAL,1.00 l,ko,2.39,2.39,,1.72,1.72,3838945508988,PIĆE
ČAJ SIR WINSTON EARL GREY 35g,04090030,SIR WINSTON,0.04 kg,ko,2.39,68.29,,2.39,2.39,5901086050727,HRANA
JUHA SVATOVSKA 58g PODRAVKA,04161003,PODRAVKA,0.06 kg,ko,,18.79,1.09,1.09,1.39,3850104004964,HRANA
KAŠICA INST ČOKOLINO 1kg VREĆ,04170091,LINO,1.00 kg,ko,8.99,8.99,,6.49,8.99,3850104017537,HRANA
KAŠICA HIPP ŠLJIVE 125g,04170894,HIPP,0.13 kg,ko,1.15,9.2,,1.15,1.15,9062300106739,HRANA
DESERT ČOK LIZAL ŽIC LIZLI 15G KRAŠ,04210485,ŽIVOTINJSKO CARSTVO,0.02 kg,ko,0.69,46,,0.48,0.69,38500633,HRANA
PRAL LINDT LINDOR ASSORT BALLS 200g,04219619,LINDT,0.20 kg,ko,9.99,49.95,,6.99,9.99,7610400082556,HRANA
BOMBON ŽELE NARESCI 100g KANDIT,04240060,KANDIT,0.10 kg,ko,1.05,10.5,,1.05,1.05,3858881044517,HRANA
TIJESTO PENNE RIGATE 73 500g BARILLA,04360209,BARILLA,0.50 kg,ko,1.95,3.9,,1.95,1.95,8076802085738,HRANA
BOMBONJERA TOFFIFEE 15KOM 125g,04390185,TOFFIFEE,0.13 kg,ko,,15.12,1.89,1.89,2.99,4014400400007,HRANA
BRILJANTIN AFR LIGHT 125ML 4309,06540250,AFRODITA,0.13 l,ko,4.19,33.52,,4.19,4.19,3830001294309,KOZMETIKA
PJENA TAFT GLANZ 200ml  3667,06542678,TAFT,0.20 l,ko,,14.95,2.99,2.99,4.99,3838824083667,KOZMETIKA
KREMA ZA RUKE ATRIX 150ML 0047,06590145,ATRIX,0.15 l,ko,3.99,26.6,,3.99,3.99,9005800375519,KOZMETIKA
KREMA NIVEA 75ML        1039,06590158,NIVEA,0.08 l,ko,,31.6,2.37,2.55,3.39,42163176,KOZMETIKA
KREMA ZA RUKE NEUTROGENA BR UPIJ 75,06594389,NEUTROGENA,0.08 l,ko,,52.13,3.91,4.89,4.89,3574660239829,KOZMETIKA
ULJE ZA NJEGU HIPP BABYS 200ML,06600203,HIPP,0.20 l,ko,3.29,16.45,,3.29,3.29,4062300419445,KOZMETIKA
DET ARIEL OXI 1.65 kg=30PR,90886310,ARIEL,2.00 kg,ko,17.99,9,,11.49,17.99,8700216739146,SREDSTVA ZA ČIŠĆENJE
ČIPS CHIO OVEN SLANI 100 g,90886914,CHIO,0.10 kg,ko,2.19,21.9,,1.79,2.19,5996253002401,HRANA
PANIRANI PILEĆI CORDON BLEU 300 g,90886968,CEKIN,0.30 kg,ko,4.29,14.3,,4.29,4.29,3850159141331,HRANA
KOŠARICE CVIJET 42 g 12/1 CONFILETAS,90887092,CONFILETAS,0.04 kg,ko,5.99,142.62,,4.79,5.99,8427778896185,HRANA
NAPITAK BLUE HEAVEN 0.25 L,90887105,BEALIVE,1.00 ko,ko,0.79,0.79,,0.79,0.79,3857500144003,PIĆE
SVINJSKI KARE MARINIRANI BK VAC,90894975,DILMAR,1.00 kg,kg,,7.99,7.99,6.29,8.99,,HRANA
ČOKOLADA DUBAI  62 g NELINO,90899984,NELINO,0.06 kg,ko,1.99,32.1,,1.99,1.99,8606018945290,HRANA
LUČICE 290/150 g NATURETA,01490836,NATURETA,0.15 kg,ko,2.25,15,,2.25,2.25,3831029520470,HRANA
MORTADELA S MASLIN VAC PIK VRBOVEC,02036291,PIK VRBOVEC,1.00 kg,kg,10.89,10.89,,8.49,8.49,3850139310863,HRANA
OCAT JABUČNI S LIMUNOM I LEMETOM 0.5L MAUTNER,03120051,MAUTNER MARK,0.50 l,ko,3.69,7.38,,3.69,3.69,9011900137773,HRANA
PIVO STAROČEŠKO SVIJ LAGER 0.5L PB,03130670,STAROČEŠKO,0.50 l,ko,1.09,2.18,,1.09,1.09,3859892222017,PIĆE
CHILI U PRAHU 50g KOTANYI,04100388,KOTANYI,0.05 kg,ko,2.39,47.8,,2.39,2.39,9001414040102,HRANA
TP VLAŽNI DJ VIOLETA 60/1,05081012,VIOLETA,59.99 ko,ko,2.25,0.04,,1.69,2.25,3870128007833,TOALETNE POTREPŠTINE
BRISAČ PODA PLOSNATI ACTIVE MAX MOP,05512792,VILEDA,1.00 ko,ko,26.99,26.99,,26.99,26.99,8001940006642,PROIZVODI ZA KUĆANSTVO
VREĆA SMEĆE EXTRA 140L 10/1 GEA,05520606,GEA,10.00 ko,ko,3.45,0.35,,3.45,3.45,3870075000970,PROIZVODI ZA KUĆANSTVO
ROLL ON NIVEA Ž DRY 50ml 6115,06555061,NIVEA,0.05 l,ko,,83.8,4.19,4.19,4.19,42241706,KOZMETIKA
ŠAMPON PANTEN INTENZ REG 400ML,90034829,PANTENE,0.40 l,ko,5.99,14.98,,2.99,2.99,5410076561834,KOZMETIKA
BOMBON KARAMELA VOĆNA NIMM2 90g,90042890,NIMM2,0.09 kg,ko,1.19,13.22,,1.19,1.19,4014400910810,HRANA
KAVA SANTA MARIA 400g ANAMARIA,90044534,SANTA MARIA,0.40 kg,ko,5.99,14.98,,5.99,5.99,3858881773202,HRANA
ČAJ ZELENI S NARANČOM TEEKANNE 35g,90047784,TEEKANNE,0.04 kg,ko,1.99,56.86,,1.99,1.99,5901086002610,HRANA
TJEST S UMAKOM 5X80g INDOMIE,90048398,INDOMIE,0.40 kg,ko,2.65,6.63,,2.65,2.65,5285000390589,HRANA
ZIGANTE KOLEKCIJA 3/1,90049913,ZIGANTE,0.09 kg,ko,15.93,176.82,,15.93,15.93,3859889179737,HRANA
SIR POLUTVRDI RIBANI PIZZAMIX 200g,90055132,FRISCHPACK,0.20 kg,ko,3.29,16.45,,3.29,3.29,4004164019485,HRANA
KIKIRIKI PRŽEN BEZ ULJA SPICY 125g,90059422,CHIO,0.13 kg,ko,1.79,14.32,,1.79,1.79,3856021302299,HRANA
ČOKOLADA MLIJ BEZ ŠEĆ 80g DORINA,90062786,DORINA,0.08 kg,ko,2.99,37.38,,2.99,2.99,3850102128433,HRANA
PAPRIKA MINI MIX SLATKA 200 grama,90077169,,0.20 kg,ko,1.69,8.45,,1.69,1.99,3858885878859,HRANA
ŠAMPON PALM MASLINA 350ml,90078218,PALMOLIVE,0.35 l,ko,,7.11,2.49,3.89,3.89,8718951577039,KOZMETIKA
RAJČICA BEEF,90088578,,1.00 kg,kg,2.49,2.49,,2.49,2.79,3850334401465,HRANA
KRASTAVAC K PLUS SLATKO KISELI 350G,90149943,K PLUS,0.35 kg,ko,2.49,7.11,,2.15,2.49,3850334520500,HRANA
PIVO GRIMBERGEN DOUBLE AMBREE 0.33 l OW,90183863,GRIMBERGEN,0.33 l,ko,2.25,6.82,,2.25,2.25,3858887585526,PIĆE
SEAWEED SALAD 112G GRUPO OHANA,90184696,AS SUSHI,0.11 kg,ko,5.29,47.23,,5.29,5.29,0604580001428,HRANA
KAŠA PROSO 500g BIO ZONE,90225682,BIO ZONE,0.50 kg,ko,1.79,3.58,,1.79,1.79,3838900841075,HRANA
SMOOTHIE MINUTE ANA BAN KOK 250ml,90227725,MINUTE,0.25 l,ko,1.85,7.4,,1.85,1.85,3838900802854,PIĆE
DN UL OLEA LARGE 50/1,90249940,OLEA,50.00 ko,ko,2.16,0.04,,2.16,2.16,3850334579454,TOALETNE POTREPŠTINE
CAPP FR KOKOS BIJE ČOK KUT 148g,90281767,FRANCK,0.15 kg,ko,,22.23,3.29,3.29,3.89,3858881088351,HRANA
SPUŽVA ABRAZIVNA OSJ POVRŠINE DAX 2/1,90289993,DAX,2.00 ko,ko,0.4,0.2,,0.28,0.4,3850334608260,PROIZVODI ZA KUĆANSTVO
VIVIS SVJEŽI KREM SIR ČILI 100g,90299405,VIVIS,0.10 kg,ko,,10.9,1.09,1.09,1.29,3850108058949,HRANA
VINO MERLOT 0.75L VINA BELJE,90311415,BELJE,0.75 l,ko,8.29,11.05,,8.29,8.29,3850257020293,PIĆE
KLICE KRESA 70 grama,90344507,,0.07 kg,ko,2.19,31.29,,2.19,2.19,3857500059437,HRANA
ULJE J&J BABY ALOE VERA 300ml,90361035,J&J,0.30 l,ko,6.25,20.83,,6.25,6.25,3574669909181,KOZMETIKA
PIĆE GAZ PEPSI LIMETA 0.5L PET,90361514,PEPSI,5.00 l,ko,1.05,0.21,,1.05,1.05,3830065021095,PIĆE
SERUM EVELINE 4D SCAL 250ml,90362476,EVELINE,0.25 l,ko,,23.64,5.91,7.89,7.89,5901761967708,KOZMETIKA
TEKUĆI SAPUN VANILLA 1 L,90362596,AFRODITA,1.00 l,ko,5.69,5.69,,5.69,5.69,3831070651208,KOZMETIKA
BUNDEVA JEZGRA SJEM GARDEN GOOD 150g,90363770,GARDEN GOOD,0.15 kg,ko,1.49,9.93,,0.99,1.39,3838900956892,HRANA
OIL NUMBERS ARE GOOD COCONUT 500g,90364374,POLLEO,0.50 kg,ko,8,16,,8,8,3858892290903,HRANA
RUČNIK PAP PALOMA MULTIFUN 2SL 4/1,90401403,PALOMA,4.00 ko,ko,1.55,0.39,,1.55,1.55,3838952025775,PROIZVODI ZA KUĆANSTVO
INSTANT NESCAFE GOLD BK ST 200G,90402284,NESCAFE,0.20 kg,ko,14.99,74.95,,14.99,14.99,7613033006951,HRANA
TIJESTO SVJ LISNATO MINUTE 275g,90402351,MINUTE,0.28 kg,ko,,3.6,0.99,0.99,1.25,3850334279514,HRANA
SOLNA KISELINA 1L ISPOD 9% DOMUS,90109031,DOMUS,1.00 l,ko,1.75,1.75,,1.75,1.75,3859890392316,SREDSTVA ZA ČIŠĆENJE
ŠAMPON PR OP KOSE 400ml SUBRINA,90114708,SUBRINA,0.40 l,ko,5.19,12.98,,5.19,5.19,3838980522130,KOZMETIKA
RIŽA CARNAROLI 1 kg GALLO,90129258,RISO GALLO,1.00 kg,ko,6.49,6.49,,5.19,6.49,8001420010831,HRANA
VODKA BELVEDERE 0.7L      ,90131143,BELVEDERE,0.70 l,ko,46.49,66.41,,46.05,46.05,5901041003003,PIĆE
TJESTENINA S JAJIMA GNIJEZDA GO TAN 250g,90150249,GO-TAN,0.25 kg,ko,2.89,11.56,,2.89,2.89,8710605028430,HRANA
ŠAMPON FRUCTIS COCONUT WATER 250ml,90361823,GARNIER FRUCTIS,0.25 l,ko,,9.76,2.44,3.29,3.49,3600541970410,KOZMETIKA
GEL TUŠ FA PINK JASM 400ml,90362034,FA,0.40 l,ko,,6.38,2.55,2.55,3.99,9000100935531,KOZMETIKA
KREMA EVELINE ALOE VERA 125ml,90362474,EVELINE,0.13 l,ko,,20.64,2.58,3.45,3.45,5901761967623,KOZMETIKA
LIKER TERANINO INCANTO 0.5L,90363309,INCANTO,0.50 l,ko,14.05,28.1,,14.05,14.05,3858891172743,PIĆE
GEL TUŠ PALM MILK&HONEY 750ml,90363670,PALMOLIVE,0.75 l,ko,6.49,8.65,,6.49,6.49,8714789526508,KOZMETIKA
NEKTAR VINDI VIŠNJA 1LČEP,90366120,VINDI,1.00 l,ko,1.99,1.99,,1.59,1.99,3850108074475,PIĆE
FILE TUNE LIBURNIJA,90382850,LIBURNIJA,1.00 kg,kg,18.19,18.19,,10.91,18.19,,HRANA
PLOČICA LJEŠNJAK WOMAN LINE 30g,90386002,WOMAN LINE,0.03 kg,ko,1.19,39.67,,1.19,1.19,8585004500371,HRANA
ČAJ ŠIPAK 50g DAR PRIRODE,90386143,DAR PRIRODE,0.05 kg,ko,1.39,27.8,,1.39,1.39,3859892997090,HRANA
PALENTA INSTANT 450g ŠAFRAM,90391189,ŠAFRAM,0.45 kg,ko,0.85,1.89,,0.85,0.85,3859890104001,HRANA
GRAH SA DIM SVINJ REBRICAMA 300G GAVRILOVIĆ,90393004,GAVRILOVIĆ,0.30 kg,ko,3.59,11.97,,3.59,3.59,3858892721018,HRANA
DEO SPR MELEM RUŽA 150ml,90403186,MELEM,0.15 l,ko,3.99,26.6,,3.19,3.99,3856007907616,KOZMETIKA
BRAŠNO HELJDINO 1kg FARINA SPECIALE,90403548,FARINA,1.00 kg,ko,3.69,3.69,,3.69,3.69,3858887101023,HRANA
VEET EXPERT KREMA 100 ml,90885042,VEET,1.00 ko,ko,,4.99,4.99,6.49,6.49,5997321776569,KOZMETIKA
MASKA ELSEVE FULL RES 300 ml,90885153,LOREAL ELSEVE,0.30 l,ko,,17.43,5.23,6.99,6.99,3600523883486,KOZMETIKA
NADJEV JABUKA CIMET SPEC MOM 750 g,90885717,SPECIAL MOMENTS,0.75 kg,ko,3.99,5.32,,3.99,3.99,3850334437600,HRANA
NEG PIĆE CAPRI SUN SAF 10PACK 0.2 L,90900055,CAPRI SONNE,2.00 l,ko,3.99,2,,3.99,3.99,4000177407622,PIĆE
BANANA,01410437,,1.00 kg,kg,1.44,1.44,,1.44,1.44,3850334173539,HRANA
PEC BOMBICE SA SJEM PAK 4 240g DON,04014012,PET MINUTA,0.24 kg,ko,2.59,10.79,,2.59,2.59,3858885560273,HRANA
INSTANT KAVA GOLD 100g BOČICA FRANC,04070405,FRANCK,0.10 kg,ko,5.49,54.9,,5.49,5.49,3850291055244,HRANA
KREMA MELEM 10ML,06591359,MELEM,0.01 l,ko,,249,2.49,2.44,3.05,3856007901416,KOZMETIKA
MLIJEKO KISELO ČVRSTO 900g VINDIJA,90035997,Z BREGOV,0.90 kg,ko,2.39,2.66,,2.39,2.39,3850108031812,HRANA
TARTUFATA BIJELA 80g ZIGANTE,90039055,ZIGANTE,0.08 kg,ko,11.28,141,,11.28,11.28,3859892291853,HRANA
KOLAČ MAĐARICA 500g KUSTURA,90044871,KUSTURA KOLAČI,0.50 kg,ko,6.63,13.26,,6.63,6.63,3859892623760,HRANA
POKLON PAKET TOP,90046998,LUBIN,0.75 l,ko,23.29,31.05,,23.29,23.29,3859891501175,PIĆE
CERESIT STOP VLAZI MINI TAB REF 2/1,90048262,CERESIT,2.00 ko,ko,11.49,5.75,,11.49,11.49,5997272385209,SREDSTVA ZA ČIŠĆENJE
ČOKOL ZA KUH DESSERT NOIR 205g,90074938,NESTLE,0.21 kg,ko,5.49,26.78,,3.49,5.49,7613035159860,HRANA
LISTOVI ZA PITE I SAVIJ PAN PEK 500g,90107158,PAN PEK,0.50 kg,ko,1.86,3.72,,1.86,1.86,3859890733102,HRANA
ŠUNKA PUREĆA EXCLUSIVE CCA 2600G,90141575,SLIM&FIT,1.00 kg,kg,12.99,12.99,,12.99,12.99,3850220152709,HRANA
GUSTIN XXL 400G DR OETKER,90147347,DR OETKER,0.40 kg,ko,2.49,6.23,,2.49,2.49,5997381355292,HRANA
TJESTENINA RAMEN NOODLES GO TAN 250g,90150245,GO-TAN,0.25 kg,ko,2.92,11.68,,2.92,2.92,8710605028447,HRANA
MED DALMATINSKOG KRŠA HR 250G APIDAL,90179290,APIDAL,0.25 kg,ko,7.29,29.16,,7.29,7.29,3859889410236,HRANA
TJESTENINA PENNE RIGATE 500g RUMMO,90238624,RUMMO,0.50 kg,ko,1.99,3.98,,1.99,1.99,8008343200660,HRANA
PAHULJICE KRAŠ KE RINGS 250g,90262770,KRAŠ EXPRESS,0.25 kg,ko,2.75,11,,2.75,2.75,3850102509140,HRANA
PIVO GARDEN CRAFT PILSNER 0.33L,90302349,GARDEN,0.33 l,ko,1.45,4.39,,1.16,1.45,3859893153174,PIĆE
 SPUMANTE COSTAROSS GRAN CUVEE 0.75L,90306905,COSTAROSS,0.75 l,ko,5.75,7.67,,5.75,5.75,8010719002280,PIĆE
BLAZINICE VATE PERFORIRANE TO.TO 60/1,90312147,TOTO,60.02 ko,ko,2.99,0.05,,2.99,2.99,3838985882109,TOALETNE POTREPŠTINE
NJOKI 500G LE VENEZIANE,90312838,LE VENEZIANE,0.50 kg,ko,5.44,10.88,,5.44,5.44,8009915008707,HRANA
GEL NIVEA 3-DAY BEARD 200ml,90362142,NIVEA,0.20 l,ko,7.59,37.95,,7.59,7.59,9005800308432,KOZMETIKA
PELENE GAĆ PAMPERS PREM VP S6 15+kg 31/1,90362284,PAMPERS,31.01 ko,ko,21.63,0.7,,21.63,21.63,8001090759917,TOALETNE POTREPŠTINE
ZP PARADONT HERBAL 75ml,90370039,PARODONTAX,0.08 l,ko,5.55,74,,2.99,5.55,5054563949615,KOZMETIKA
KREMA NIVEA Q10 EXTRA NOUR DN 50ml,90377450,NIVEA,0.05 l,ko,,254.4,12.72,18.19,18.19,9005800319223,KOZMETIKA
ČAJ ZELENI S LIMUNOM 40g TWININGS,90391166,TWININGS,0.04 kg,ko,4.78,119.5,,4.78,4.78,070177173159,HRANA
VOĆNI NAMAZ OD ŠIPKA 300gr  BOKUN,90403917,BOKUN,0.33 kg,ko,4.19,12.7,,4.19,4.19,3859891224104,HRANA
VAFL MANNER ORIGINAL 200g,90403937,MANNER,0.20 kg,ko,2.25,11.25,,2.25,2.25,9000331627229,HRANA
SOK PRIRODNI JABUKA 1L MIHALIC,90404007,OPG MIHALIC,1.00 l,ko,4.29,4.29,,3.79,4.29,3857500019417,PIĆE
MLIJEKO ZAMJ HIPP PRE COMB 600g,90406104,HIPP,0.60 kg,ko,13.55,22.58,,13.55,13.55,4062300398894,HRANA
VINO DIVLJI KUPIN 0.75L GROŠEK,90408752,GROŠEK,0.75 kg,ko,,8.79,6.59,8.09,8.09,3859893708008,PIĆE
SIRUP MENTA 470ml KAPRONCA,90410441,KAPRONCA,0.47 l,ko,6.29,13.38,,6.29,6.29,3859892896218,PIĆE
ULJE CRNI KIM HLAD PREŠ 250ml LETIFICO,90412456,LETIFICO,0.25 l,ko,11.94,47.76,,11.94,11.94,3859893457043,HRANA
VODA FUNKC JANA VIT ANTIOX 1.5L,90428073,JANA,1.50 l,ko,1.79,1.19,,1.59,1.59,3858890875607,PIĆE
BOMBONI NARANČA + VIT C BŠ 45G PULMOLL,90478699,PULMOLL,0.05 kg,ko,2.19,48.67,,2.19,2.19,4002590703954,HRANA
DEPILACIJSKI PRAŠAK LIDERA 200g,90484040,ILIRIJA,0.20 l,ko,7.89,39.45,,7.89,7.89,3838980810176,KOZMETIKA
POÉSIE DÉLICE JELLY CHICKEN KA 85g,90425449,VITAKRAFT,0.09 kg,ko,0.1,1.18,,0.1,0.1,4008239597939,PROIZVODI ZA KUĆANSTVO
JOGURT JOGOB DRINK JAG/BRES 250g ZOTT,90432820,JOGOBELLA,0.25 kg,ko,0.93,3.72,,0.93,0.93,4014500504520,HRANA
ČAJ VOĆNI BRUSNICA MALINA 45g TEEKANNE,90438007,TEEKANNE,0.05 kg,ko,2.59,57.56,,2.59,2.59,5901086001385,HRANA
LIKER ŠUMSKO VOĆE 0.75L HARMUND,90452941,HARMUND,0.75 l,ko,16.69,22.25,,16.69,16.69,3859893459061,PIĆE
ROLL ON NIVEA Ž ORIG CARE 50ml,90572271,NIVEA,0.05 l,ko,,83.8,4.19,4.19,4.19,42428930,KOZMETIKA
ECOVER UNIV LIMUN&ĐUMBIR 1L,90600528,ECOVER,1.00 l,ko,6.29,6.29,,4.79,5.99,5000204254914,SREDSTVA ZA ČIŠĆENJE
NAPITAK FLEXWATER VIŠNJA 0.71L,90607827,FLEXWATER,0.71 l,ko,1.99,2.8,,1.99,1.99,5304000311186,PIĆE
KEKS FINESSE BROWNIE COOKIES 200g,90473058,FINESSE,0.20 kg,ko,2.19,10.95,,2.19,2.19,3850334197849,HRANA
KREKER SLANI XXL 180g ELEPHANT,90478177,ELEPHANT,0.18 kg,ko,1.89,10.5,,1.59,1.89,5949040201082,HRANA
FLIPS TIP TOP CUBICS 100g,90478794,TIP TOP,0.10 kg,ko,1.55,15.5,,1.55,1.55,3856021303302,HRANA
MARAMICE VL ASEPSOL FRESH 20/1,90484547,ASEPSOLETA,20.00 ko,ko,1.75,0.09,,1.75,1.75,3856007908439,KOZMETIKA
PIZZA LEDO CAPRICCIOSA 330g,90485042,LEDO,0.33 kg,ko,3.99,12.09,,3.99,3.99,3850116038155,HRANA
ČAJ LEDENI JANA MALINA HIBISKUS 1.5l,90485713,JANA,1.50 l,ko,,0.97,1.45,1.45,1.69,3858890876321,PIĆE
OM VIOLETA LAGOON 900ml,90493223,VIOLETA,0.90 l,ko,2.65,2.94,,2.65,2.65,3870128025998,SREDSTVA ZA ČIŠĆENJE
MED CVJETNI 450g APIMEL,90494346,APIMEL,0.45 kg,ko,4.39,9.76,,4.39,4.39,3859888851078,HRANA
BOMBONI ĐUMB BILJE EKO 90g ALPENB,90498426,ALPENBAUER,0.09 kg,ko,2.29,25.44,,2.29,2.29,4054451250060,HRANA
PIĆE GAZ SKY COLA 0.33L LIM,90528165,SKY,0.33 l,ko,0.89,2.7,,0.89,0.89,3875000182318,PIĆE
MARAMICE NIVEA INTIMO ALOE WAT 15/1,90563123,NIVEA,15.00 ko,ko,3.59,0.24,,3.59,3.59,42419884,TOALETNE POTREPŠTINE
VINO PLAVAC PREMIUM MALI MILATIĆ 0.75L,90568517,OPG IVO MILATIĆ,0.75 l,ko,13.35,17.8,,13.35,13.35,3857500048288,PIĆE
SWIFFER VL MARAMICE ZA POD 20/1,90569106,SWIFFER,20.00 ko,ko,9.99,0.5,,9.99,9.99,8006540308288,SREDSTVA ZA ČIŠĆENJE
BOMBON PEACH RINGS 80g BEBETO,90569933,BEBETO,0.08 kg,ko,0.99,12.38,,0.93,0.93,8690146658412,HRANA
LAK ZA KOSU MODESTA 500ml,90572511,MODESTA,0.50 l,ko,4.49,8.98,,4.49,4.49,3850177000634,KOZMETIKA
LECHAT EX SM ADULT 400g,90572756,LECHAT EXCELLENCE,0.40 kg,ko,3.69,9.23,,2.59,3.69,8009470060110,PROIZVODI ZA KUĆANSTVO
MED MEDITERANSKI 450g MEDO-FLOR,90573271,MEDO FLOR,0.45 kg,ko,6.29,13.98,,6.29,6.29,3859892827526,HRANA
ENERG NAPITAK PROGAME MANGO-MARELICA 0.5L,90573802,PROGAME,0.50 l,ko,1.49,2.98,,1.49,1.49,3858890877861,PIĆE
ORADA XXL TOTAL FISH,90587754,TOTAL,1.00 kg,kg,15.69,15.69,,9.41,15.69,,HRANA
REGENER SCHAUMA 7 TRAVA 250ml,90587882,SCHAUMA,0.25 l,ko,,11.96,2.99,2.99,4.19,9000101658088,KOZMETIKA
BRIJAČ JEDNOK VENUS SENSITIVE 3/1,90598762,VENUS,3.00 ko,ko,,2.37,7.11,8.89,8.89,7702018491544,KOZMETIKA
MASKA STOP EVELIN 30% UREA 75ml,90598778,EVELINE,0.08 l,ko,,32.8,2.46,3.29,3.29,5901761967937,KOZMETIKA
GEL INT NJEGA JAJOPER GENTL 100ml,90599135,BIOBAZA,0.10 l,ko,,29.9,2.99,3.99,3.99,3856020907006,KOZMETIKA
KEKS MOTO KAKAO MLIJEKO 192g,90599674,MOTO,0.19 kg,ko,1.79,9.33,,1.49,1.79,3850102522705,HRANA
CIDER SOMERSBY KRUŠKA 0.5L LIM,90607839,SOMERSBY,0.50 l,ko,1.79,3.58,,1.49,1.79,3858887583850,PIĆE
 KIKIRIKI MASLAC PROTEIN GO ON SL KARAM 350g ,90617779,GO ON,0.35 kg,ko,4.99,14.26,,4.99,4.99,5900617039798,HRANA
KEKS KEKSOLINO MULTIGRAIN 140g,90617943,LINO,0.14 kg,ko,1.89,13.5,,1.89,1.89,3856020254858,HRANA
TEQUILA SAN JOSE SILVER 35% 0.7L,90632920,SAN JOSE,0.70 l,ko,15.05,21.5,,15.05,15.05,3107872600394,PIĆE
ZUBATAC 1/2 ŽUVELA ,90648043,ŽUVELA,1.00 kg,kg,26.59,26.59,,15.94,26.59,,HRANA
MY PETS MP GOVEDINA 405G,90648735,MY PETS,0.41 kg,ko,0.79,1.95,,0.79,0.79,3850334010056,PROIZVODI ZA KUĆANSTVO
ROLL ON NIVEA Ž DERM DRY CONT 50ml,90669215,NIVEA,0.05 l,ko,3,60,,3,3,9005800357751,KOZMETIKA
KAPSULE ILLY LUNGO 120.6g 18/1 ,90669628,ILLY,0.12 kg,ko,11.59,96.58,,11.59,11.59,8003753198200,HRANA
ČOKOL SEKA I BRACO MLIJEKO 85g,90670472,MIKADO,0.09 kg,ko,1.25,14.71,,1.25,1.25,3858881065376,HRANA
PRALINE AFTER EIGHT 199g,90673010,AFTER EIGHT,0.20 kg,ko,8.99,45.18,,8.99,8.99,8593893784000,HRANA
SET BIOB GENTLEM SG+JAJOPER+ROLL ON,90673336,BIOBAZA,1.00 ko,ko,9.99,9.99,,9.99,9.99,3856020911188,KOZMETIKA
BOMBON GUMENI JUICY DROP 57g BAZOOKA,90673679,BAZOOKA,0.06 kg,ko,2.99,52.46,,2.99,2.99,5011053022272,HRANA
ČAJ ROOIBOS 20/1 40g ETS,90674802,ENGLISH TEA SHOP,0.04 kg,ko,4.49,112.25,,4.49,4.49,0680275029106,HRANA
GEL TUŠ L'ANG JAB I CIMET 500ML,90674886,L ANGELICA,0.50 l,ko,1.99,3.98,,1.99,1.99,8017331085202,KOZMETIKA
ALU FOLIJA 30MX29cm F&P,90675175,FRESH&PACK,1.00 ko,ko,2.65,2.65,,1.99,1.99,3850334431561,PROIZVODI ZA KUĆANSTVO
NAMAZ BILJ NATUR GREEN VIE 200g,90678074,GREEN VIE,0.20 kg,ko,3.18,15.9,,3.18,3.18,5292874002265,HRANA
WHISKAS MM PERAD SENIOR 4X85G,90678154,WHISKAS,0.34 kg,ko,2.75,8.09,,2.75,2.75,5900951301759,PROIZVODI ZA KUĆANSTVO
PORK KNUCKLE VAK PIK,90682723,PIK VRBOVEC,1.00 kg,kg,10.19,10.19,,6.41,10.19,3850139130188,HRANA
MJEŠ ZAČ ZA VARIVO Q&E 26g KOTANYI,90698155,KOTANYI,0.03 kg,ko,0.98,37.69,,0.98,0.98,9001414037300,HRANA
OM VIOLETA LUX 1.55L,90699070,VIOLETA,1.55 l,ko,4.55,2.94,,2.99,4.55,3870128035324,SREDSTVA ZA ČIŠĆENJE
BISKVIT SUNNY MARELICA 200g 8/1,90702784,SUNNY,0.20 kg,ko,1.45,7.25,,1.45,1.45,3850334043955,HRANA
KEKS MILKA CHOCO BISCUITS 150 g,90774858,MILKA,0.15 kg,ko,3.39,22.6,,2.37,3.39,7622300590970,HRANA
LECHAT EX. SM HAIRBALL 1.5 kg,90775449,LECHAT EXCELLENCE,1.50 kg,ko,10.69,7.13,,7.48,10.69,8009470060165,PROIZVODI ZA KUĆANSTVO
MLIJEKO TR 2.8% EDGE 6X1 L DUKAT,90775600,DUKAT,6.00 l,ko,6.12,1.02,,6.12,6.12,3850354016892,HRANA
VINO SAUVIG BLANC SANTA LUCIA 0.75 l,90800268,SANTA LUCIA,0.75 l,ko,5.55,7.4,,3.99,3.99,7804661040718,PIĆE
MATOVILAC BIO 90 g,90809858,ORGANIC WILD ROCKET,0.09 kg,ko,1.59,17.67,,1.59,1.59,3856028689225,HRANA
ČAJNA 300 g XXL NAR PODRAVKA,90810347,PODRAVKA,0.30 kg,ko,5.99,19.97,,5.99,5.99,3856020261870,HRANA
UMAK CHINESE CHILLI 355g MAGGI,90814873,MAGGI,0.36 kg,ko,,8.42,2.99,4.99,4.99,8445291538672,HRANA
SIR TVRDI GRANA PAD 150 g SPECIAL MOMENTS,90825077,SPECIAL MOMENTS,0.15 kg,ko,4.99,33.27,,3.99,4.99,3850334429476,HRANA
DŽEM EXTRA SPECIAL M SMOKVA MALINA 230g,90825411,SPECIAL MOMENTS,0.23 kg,ko,2.99,13,,2.49,2.99,3850334430434,HRANA
ZOB PLOČICA KOKOS/TREŠ 100g FLAP JACK,90829875,FLAP JACK,0.10 kg,ko,1.59,15.9,,1.59,1.59,5999884751328,HRANA
GRAH BIJELI GARDEN GOOD 800/480 g,90854725,GARDEN GOOD,0.48 kg,ko,1.49,3.1,,1.49,1.49,3838900842904,HRANA
PIRE VOĆNI JAB BAN MAL KUP 200 g BB,90875503,BOOM BOX,0.20 kg,ko,1.99,9.95,,1.49,1.99,3856027802021,HRANA
USKRŠNJA POKLON KUT S RUČKOM 363 g,90879786,FILIR,0.36 kg,ko,4.99,13.75,,3.99,4.99,3858891165943,HRANA
GEL AMINO ZORINA MAST 120 ml,90885221,ZORINA MAST,0.12 l,ko,12.99,108.25,,12.99,12.99,3859894008442,KOZMETIKA
REG SYOSS REPAIR DEEP 400 ml,90885538,SYOSS,0.40 l,ko,8.99,22.48,,8.99,8.99,9000101743821,KOZMETIKA
SET MELEM KIKI 3X10 ml,90885711,MELEM,0.03 l,ko,,223,6.69,6.31,7.89,3856007912764,KOZMETIKA
DET ARIEL COLOR 1.8 L=40 PR,90886384,ARIEL,1.80 l,ko,17.99,9.99,,11.49,17.99,8700216691604,SREDSTVA ZA ČIŠĆENJE
ZOB KEKSI SRC BRU/VIŠ/CHIA 100 g RO,90890175,ROW SPIRIT,0.10 kg,ko,2.19,21.9,,2.19,2.19,3859894094193,HRANA
HREN,01402173,,1.00 kg,kg,2.99,2.99,,2.99,4.99,3850334386021,HRANA
KUPUS BIJELI 300 grama,01407868,KONZUM,0.30 kg,ko,1.29,4.3,,1.29,1.29,3850334197955,HRANA
UMAK RAJČICA BOSILJAK 400g BARILLA,01490006,BARILLA,0.40 kg,ko,,4.98,1.99,3.29,3.29,8076809513456,HRANA
UMAK PRIPREMA ZA BOLOGNESE 400g BARI,01490213,BARILLA,0.40 kg,ko,,4.98,1.99,3.29,3.29,8076809513654,HRANA
UMAK PESTO S RIKULOM 190g SACLA,01490809,SACLA,0.19 kg,ko,3.59,18.89,,3.59,3.59,8001060005273,HRANA
GRAH CRVENI 460g PODRAVKA,01529015,PODRAVKA,0.46 kg,ko,2.19,4.76,,2.19,2.19,3850104020728,HRANA
MASLINE CRNE 210G MEDITERAN,01581033,MEDITERAN,0.21 kg,ko,2.19,10.43,,2.19,2.19,3859889307260,HRANA
WHISKAS TEMPTAT PIL SIR 60g,01641143,WHISKAS,0.06 kg,ko,1.89,31.5,,1.55,1.89,5998749146798,PROIZVODI ZA KUĆANSTVO
LISTIĆI OD SIRA I BILJNE MASTI 300g,02103168,SLOVA,0.30 kg,ko,1.72,5.73,,1.72,1.72,3850334058805,HRANA
ŠKARPINA SVJ 1000-2000 FIORITAL,02199485,,1.00 kg,kg,42.99,42.99,,25.78,42.99,,HRANA
MLIJEKO TRAJNO 3.8% 1L BOCA DUKAT,02230472,DUKAT,1.00 l,ko,1.69,1.69,,1.69,1.69,3850354006091,HRANA
STEPKO 1000g VERONIKA,02329050,VERONIKA,1.00 kg,ko,1.15,1.15,,1.15,1.15,3859889622356,HRANA
KISELO VRHNJE MILERAM 22% 400g VIND,02331193,Z BREGOV,0.40 kg,ko,2.39,5.98,,2.39,2.39,3850108036442,HRANA
SIR NAM CLASSIC 200g VINDIJA,02390868,Z BREGOV,0.20 kg,ko,1.99,9.95,,1.39,1.99,3850108059076,HRANA
SIR SVJEŽI POSNI K PLUS 500g,02390962,K PLUS,0.50 kg,ko,,2.7,1.35,1.56,1.56,3850334535276,HRANA
PILEĆI MINI FILE 400g VINDIJA,02435527,CEKIN,0.40 kg,ko,6.29,15.73,,5.15,4.89,3850159110900,HRANA
STOCK 84 0.7L,03070711,STOCK,0.70 l,ko,15.05,21.5,,9.99,15.05,8000440396390,PIĆE
VODKA TROJKA 1l 37.5%  SEGESTICA,03073775,SEGESTICA,1.00 l,ko,10.05,10.05,,10.05,10.05,3850112144027,PIĆE
VISKI TALISKER 10 YO 0.7L AMEC,03080396,TALISKER,0.70 l,ko,88.99,127.13,,88.99,88.99,5000281005416,PIĆE
VISKI GENTLEMAN JACK 0.7L,03081009,JACK DANIELS,0.70 l,ko,38.85,55.5,,38.85,38.85,5099873038758,PIĆE
VISKI SOUTHERN COMFORT 0.7L,03082372,SOUTHERN COM,0.70 l,ko,20.19,28.84,,20.19,20.19,1210000100511,PIĆE
NEKTAR BRES MAR JAB JUICY 1L,03140143,JUICY,1.00 l,ko,1.99,1.99,,1.49,1.99,3858890970159,PIĆE
SOK BOROVNICA 500ml BIOTTA,03150007,BIOTTA,0.50 l,ko,9.35,18.7,,9.35,9.35,7618500944774,PIĆE
MIN VODA MIVELA GAZ 0.5 L PET,03180928,MIVELA,0.50 l,ko,1.29,2.58,,0.5,0.5,8600599002816,PIĆE
MIN VODA RADENSKA NATURELLE 1.5L,03181200,RADENSKA,1.50 l,ko,,0.57,0.85,0.85,0.99,3830000624565,PIĆE
KRUH RAŽENI SUNCOKRET 500g MASTER,04010634,MASTERMACHER,0.50 kg,ko,2.49,4.98,,2.49,2.49,4000446001742,HRANA
SVJEŽI ZELENI REZANCI 250g NAŠE KL,04020447,AURELIA,0.25 kg,ko,2.19,8.76,,2.12,2.19,3859890561163,HRANA
CROISSANT 7DAYS MINI KAKAO 185g,04029804,CHIPITA,0.19 kg,ko,2.65,14.32,,1.85,2.65,7622202215292,HRANA
TIJESTO TAGLIATELLE 104 500g ZARA,04050153,PASTA ZARA,0.50 kg,ko,1.99,3.98,,1.99,1.99,8004350131041,HRANA
TIJESTO PUŽIĆI SREDNJI 400g MARODI,04057538,MARODI,0.40 kg,ko,1.89,4.73,,1.89,1.89,3859888666061,HRANA
TIJESTO K PLUS PENNE RIGATE 49 500g,04057604,K PLUS,0.50 kg,ko,1.29,2.58,,1.29,1.29,,HRANA
RIŽA INTEGRALNA 1kg GALLO,04060023,RISO GALLO,1.00 kg,ko,4.59,4.59,,3.67,4.59,8001420000788,HRANA
RIŽA ORO PARAB 1kg SCOTTI,04060050,RISO SCOTTI,1.00 kg,ko,3.98,3.98,,2.49,2.49,8001860190520,HRANA
KIKIRIKI PRŽ BEZ ULJA AROM 125g VREĆ,04070233,CHIO,0.13 kg,ko,1.79,14.32,,1.79,1.79,3856021302251,HRANA
INSTANT JACOBS MONARCH 100g SOLUB,04074040,JACOBS,0.10 kg,ko,7.49,74.9,,5.69,7.49,8711000532843,HRANA
SENDVIČ MONTANA CLASSIC PRŠUT 170g,02520867,MONTANA,0.17 kg,ko,3.39,19.94,,3.39,3.39,3859889353663,HRANA
AMUR SVJ REZ RIBNJAK,02197822,RIBNJAK,1.00 kg,kg,3.89,3.89,,2.33,3.89,,HRANA
MLIJEKO TRAJNO 2.8% 1L BOCA DUKAT,02230471,DUKAT,1.00 l,ko,1.02,1.02,,1.02,1.02,3850354006053,HRANA
VINO PLAVAC 0.75L BADEL 1862,03021426,VINA HRVATSKE,0.75 l,ko,5.59,7.45,,5.59,5.59,3850112170620,PIĆE
LIKER KRUŠKOVAC 1L MARASKA,03070749,MARASKA,1.00 l,ko,10.05,10.05,,8.04,8.04,3850158403607,PIĆE
LIKER PELINKOVAC 28%V 0.10L MARASKA,03075004,MARASKA,0.10 l,ko,1.69,16.9,,1.69,1.69,3850158406301,PIĆE
PIVO PAULANER 0.5L LIM ORIGINAL,03131117,PAULANER,0.50 l,ko,1.79,3.58,,1.49,1.79,4066600211815,PIĆE
PIVO OŽUJSKO LIMUN 0.5L BOCA POV AMB,03131126,OŽUJSKO,0.50 l,ko,1.25,2.5,,1.25,1.25,3850131002094,PIĆE
PUDING SOJA VANIL 4X125g ALPRO,03150042,ALPRO,0.50 kg,ko,3.79,7.58,,2.99,3.79,54051140,HRANA
VODA IZVOR JANA JAG GUAVA 1.5L JAM,03185041,JANA,1.50 l,ko,,0.93,1.39,1.59,1.59,3858884600871,PIĆE
PECIVO K PLUS ŽEMLJA 3/1 180g,04016534,K PLUS,0.18 kg,ko,0.95,5.28,,0.65,0.95,3850334214560,HRANA
CORNFLAKES BRUGGEN 500g,04030552,BRUEGGEN,0.50 kg,ko,3.49,6.98,,3.49,3.49,4008713713619,HRANA
BRAŠNO NAMJ DIZAN T-400 1kg ČAK ML,04034280,ČAK MLINOVI,1.00 kg,ko,1.52,1.52,,1.19,1.52,3858884172583,HRANA
TIJESTO CANNELLONI 115 250g ZARA,04050014,PASTA ZARA,0.25 kg,ko,1.59,6.36,,1.59,1.59,8004350141156,HRANA
TIJESTO SPAGHETTI INTEG 500g,04052281,BARILLA,0.50 kg,ko,3.15,6.3,,3.15,3.15,8076809529419,HRANA
TIJESTO REZAN USKI DOM JAJ 400g MARO,04057532,MARODI,0.40 kg,ko,2.39,5.98,,2.39,2.39,3859888666016,HRANA
RIŽA ARBORIO 1kg GALLO,04060020,RISO GALLO,1.00 kg,ko,4.99,4.99,,3.99,4.99,8001420002911,HRANA
ORIGANO MRVLJ 12g ST KOTANY,04100220,KOTANYI,0.01 kg,ko,2.15,179.17,,2.15,2.15,9001414040348,HRANA
ORIGANO 8g VREĆ KOTANY,04100450,KOTANYI,0.01 kg,ko,0.99,123.75,,0.99,0.99,9001414015421,HRANA
SOL KAMENA 1kg TUZLA,04110354,TUZLA,1.00 kg,ko,0.76,0.76,,0.76,0.76,3870009000014,HRANA
KEKS ABBRACCI CACAO 350g,04140031,BARILLA,0.35 kg,ko,4.59,13.11,,3.44,4.59,8076809574082,HRANA
KEKS CUOR DI MELA NOVA 300g,04150597,BARILLA,0.30 kg,ko,3.99,13.3,,2.99,3.99,8076809531825,HRANA
INSTANT KAVA CLASSIC LIM 200g FRANCK,04070425,FRANCK,0.20 kg,ko,8.19,40.95,,8.19,8.19,3850291055220,HRANA
NEGAZIRANO PIĆE JABUKA YIPPY  0.2L BRICK,03145123,YIPPY,0.20 l,ko,0.69,3.45,,0.69,0.69,9008700149242,PIĆE
ČAJ ŠIPAK 100G DARVITALIS,04090144,DARVITALIS,0.10 kg,ko,2.45,24.5,,2.45,2.45,3858890831757,HRANA
DESERT KIT KAT CHUNKY 40g NESTLE,04221419,KIT KAT,0.04 kg,ko,1.35,33.75,,0.99,1.35,3800020415627,HRANA
NAMAZ NUTELLA 400g STAKLO,04230973,NUTELLA,0.40 kg,ko,4.69,11.73,,4.39,4.39,80135876,HRANA
DŽEM VIŠNJA EKO 240G DIDA BOŽA,04280322,DIDA BOŽA,0.24 kg,ko,3.69,15.37,,2.58,3.69,3859891515301,HRANA
ČOKOL MILKA GROŽĐ LJEŠ 100g,04420042,MILKA,0.10 kg,ko,2.49,24.9,,1.39,2.49,3045140280902,HRANA
KRPA SPUŽV VILEDA 5/1   1054,05510041,VILEDA,5.00 ko,ko,5.89,1.18,,4.12,5.89,3838447000133,PROIZVODI ZA KUĆANSTVO
GEL TUŠ NIVEA COOL M 250ML,06521848,NIVEA,0.25 l,ko,2.99,11.96,,1.89,2.99,4005808775163,KOZMETIKA
VODICA ZA USTA LISTERINE COOL 500ml,06530635,LISTERINE,0.50 l,ko,,9.38,4.69,6.29,6.29,5010123703585,KOZMETIKA
GEL TAFT POW ACTIV 150  2188,06540286,TAFT,0.15 l,ko,,29.24,4.39,4.39,5.49,9000101723229,KOZMETIKA
ULJE OLIVAL ZA KOSU AVOKADO 60ML,06540720,OLIVAL,0.06 l,ko,4.99,83.17,,4.99,4.99,3859888345072,KOZMETIKA
GEL SYOSS MAX HOLD 250ML,06544254,SYOSS,0.25 l,ko,,19.56,4.89,4.89,4.89,9000100591058,KOZMETIKA
BLANC ZA IZBJELJ KOSE AFRODITA,06546833,AFRODITA,0.25 l,ko,5.69,22.76,,5.69,5.69,3830001293579,KOZMETIKA
DEO REXONA SEXY 150ml,06550641,REXONA,0.15 l,ko,4.75,31.67,,3.49,4.75,8717644585337,KOZMETIKA
MLIJEKO NIVEA VIS 200ML 1007,06591063,NIVEA,0.20 l,ko,,26.85,5.37,7.69,7.69,4005808195145,KOZMETIKA
ŠARAN SVJ PP ORAHOVICA,90032329,PP ORAHOVICA,1.00 kg,kg,,4.99,4.99,2.99,5.89,3859888114760,HRANA
BOJA COL SENSAT 6.35,90032864,GARNIER COL SENSATION,1.00 ko,ko,,3.99,3.99,4.99,5.29,3600541136052,KOZMETIKA
TUNJ OCEAN KOMADI ULJE 56g,90036192,OCEAN,0.06 kg,ko,1.19,21.25,,1.19,1.19,3850334350237,HRANA
POSLAST ROTOLINIS GOV 120g TRIXIE,90043014,TRIXIE,0.12 kg,ko,1.65,13.75,,1.65,1.65,4011905317717,PROIZVODI ZA KUĆANSTVO
ULJE MASLINOVO EX DJ 0.25L MONIN,90048519,MONINI,0.25 l,ko,4.49,17.96,,4.49,4.49,80053811,HRANA
ČAJNA KOBASICA MAXI 650 REZ PODRAVKA,90051595,PODRAVKA,1.00 kg,ko,16.45,16.45,,13.52,13.52,,HRANA
PECIVO SLANI KLIPIĆ 70g MLINAR,90053051,MLINAR,0.07 kg,ko,0.65,9.29,,0.39,0.65,3858881126893,HRANA
PAŠTETA ČAJNA 100g ASSCOMMERCE,90058331,ASCOMMERCE,0.10 kg,ko,0.69,6.9,,0.69,0.69,3858881333864,HRANA
KRUH FINI DOMAĆI 700g KLARA,90060574,KLARA,0.70 kg,ko,2.15,3.07,,1.59,2.15,3858881323049,HRANA
KVASAC SUHI 7g DOLCELA,90069131,DOLCELA,0.01 kg,ko,0.5,71.43,,0.5,0.5,3850104266003,HRANA
BAKALAR NA BIJELO 90g BACCALA DELLA MAMMA,90076943,BACCALA DELLA MAMMA,0.09 kg,ko,3.29,36.56,,3.29,3.29,3859890853015,HRANA
NEG PIĆE FIS JABUKA 2L,90082619,FIS,2.00 l,ko,1.89,0.95,,1.39,1.89,3850108072839,PIĆE
PIVO NIKŠIĆKO 0.5L BOCA POV AMB ZG PI,90085328,NIKŠIĆKO PIVO,0.50 l,ko,1.25,2.5,,1.25,1.25,3850131004906,PIĆE
PAH FITNESS FRUITS NESTLE 375g,90087406,NESTLE ŽITAR,0.38 kg,ko,4.99,13.31,,4.69,4.69,7613034608628,HRANA
RAKIJA STARA ŠLJIVOVICA 0.1L BADEL,90130361,BADEL 1862,0.10 l,ko,1.75,17.5,,1.75,1.75,3850112121301,PIĆE
SOL CALGONIT 4KG,90135306,FINISH ADW,4.00 kg,ko,6.77,1.69,,6.77,6.77,8594002687397,SREDSTVA ZA ČIŠĆENJE
SRED SUPER JON IQ REFILL KUHINJA 3TA,90899906,SUPER JON,1.00 ko,ko,3.45,3.45,,3.45,3.45,3850111505812,SREDSTVA ZA ČIŠĆENJE
MASLINE ZEL S PAPR 700/400 g OLYMP,90900121,OLYMP,0.40 kg,ko,2.99,7.48,,2.99,2.99,5201409804601,HRANA
PAPRIKA CRVENA FILET 300g PODRAVKA,01510803,PODRAVKA,0.30 kg,ko,3.79,12.63,,3.79,3.79,3850104040467,HRANA
CIKLA 360g ZVIJEZDA,01593514,ZVIJEZDA,0.36 kg,ko,2.39,6.64,,2.39,2.39,3856015303813,HRANA
PRŠUT DALMATINSKI SK VOŠTANE,02018111,VOŠTANE,1.00 kg,kg,16.99,16.99,,16.99,16.99,,HRANA
MED CVJETNI HR 900g APIDAL,04133005,APIDAL,0.90 kg,ko,12.99,14.43,,12.99,12.99,3859889410151,HRANA
KRPA MAGIČNA VEL POVRŠ 50X60CM,05640552,REKORD TIM,1.00 ko,ko,3.15,3.15,,3.15,3.15,3858882683814,PROIZVODI ZA KUĆANSTVO
KUPKA PALM COCO 500ml,06520728,PALMOLIVE,0.50 l,ko,4.89,9.78,,4.89,4.89,8714789943893,KOZMETIKA
CILLIT LIME&RUST 450ML  1013,08030017,CILLIT,0.45 l,ko,4.59,10.2,,4.59,4.59,5997321740133,SREDSTVA ZA ČIŠĆENJE
PJENA GILL SENSITIVE 300ml,90031299,GILLETTE,0.20 l,ko,,10.1,2.02,2.09,2.89,7702018617234,KOZMETIKA
MUESLI KNUSPER DUPLA ČOK 300g VITALI,90042038,VITALIS,0.30 kg,ko,4.19,13.97,,4.19,4.19,4000521010256,HRANA
GAZ PIĆE FANTA SHOKATA 0.5L,90042692,FANTA,0.50 l,ko,1.15,2.3,,1.15,1.15,5449000291677,PIĆE
LIMUN EKO 500 grama,90052485,,0.50 kg,ko,1.39,2.78,,1.29,1.29,8019796770204,HRANA
ČOKOLADA MILKA OREO 100g,90055995,MILKA,0.10 kg,ko,2.49,24.9,,1.39,2.49,7622210194046,HRANA
CIDER SOMERSBY JABUKA 0.5L LIM,90059055,SOMERSBY,0.50 l,ko,1.79,3.58,,1.49,1.79,3858887584055,PIĆE
ŠUNKA DELIKATES NAR 150g,90064794,PIK VRBOVEC,0.15 kg,ko,2.95,19.67,,2.95,2.95,3850139171723,HRANA
PEDIGREE DENTASTIX VELIKI 270G,90069742,PEDIGREE,0.27 kg,ko,4.19,15.52,,3.35,4.19,5998749109113,PROIZVODI ZA KUĆANSTVO
LIZALICE FLOPITO COLA 80g 10/1,90074953,FLORESTAL,0.08 kg,ko,1.29,16.13,,1.29,1.29,7896321004376,HRANA
PIK SENDVIČ SALAMA MA PIK VRBOVEC,90092028,PIK VRBOVEC,1.00 kg,kg,14.99,14.99,,14.99,14.99,3850139011630,HRANA
PAŠTETA TUNA JUNIOR ARGETA 95g,90108984,ARGETA,0.10 kg,ko,1.99,20.95,,1.69,1.99,3838471019057,HRANA
ŠTRUDLA ORAH-VIŠNJA-MAK PAK 240g,90123640,,0.24 kg,ko,3.35,13.96,,3.35,3.35,3859891673339,HRANA
DVOPEK BEZ ŠEĆERA 320g MISURA,90182798,MISURA,0.32 kg,ko,2.52,7.88,,2.52,2.52,8002590043155,HRANA
PIVO GRIMBERGEN BLANCHE 0.33 l OW,90183865,GRIMBERGEN,0.33 l,ko,2.25,6.82,,2.25,2.25,3858887585502,PIĆE
CHEF'S #1 SPECIAL 199G GRUPO OHANA,90184675,AS SUSHI,0.20 kg,ko,9.8,49.25,,9.8,9.8,0604580003880,HRANA
GEL TUŠ DOVE M COOL FRESH 250ml,90214825,DOVE,0.25 l,ko,2.99,11.96,,2.99,2.99,8710908317361,KOZMETIKA
POESIE MM PILETINA POVRĆE UMAK 85G,90280077,VITAKRAFT,0.09 kg,ko,0.85,10,,0.85,0.85,4008239588937,PROIZVODI ZA KUĆANSTVO
GEL TUŠ NIVEA MEN PURE IMPACT 500ML,90280319,NIVEA,0.50 l,ko,6.69,13.38,,2.99,6.69,4005808628087,KOZMETIKA
FILET LOSOSA KONZUM,90298407,,1.00 kg,kg,16.79,16.79,,10.07,16.79,,HRANA
VONGOLE SVJEŽE KONZUM,90298475,,1.00 kg,kg,12.39,12.39,,7.43,12.39,,HRANA
PISTACIO VEDRINI 250g,90307594,VEDRINI,0.25 kg,ko,5.49,21.96,,5.19,5.19,3859890630180,HRANA
DN UL NATURELLA NORMAL TRIO 52/1,90308104,NATURELLA,52.00 ko,ko,2.98,0.06,,2.98,2.98,8001090604040,TOALETNE POTREPŠTINE
ČAJ VRUĆI ĐUMBIR S LIMUNOM 40g PODRA,90308250,PODRAVKA,0.04 kg,ko,2.45,61.25,,2.45,2.45,3856020205331,HRANA
VINO CAB SAUVIG 1L VINA LAGUNA,90311373,LAGUNA,1.00 l,ko,5.35,5.35,,5.35,5.35,3858881190825,PIĆE
VINO GROZD CRNO 1L,90311389,GROZD,1.00 l,ko,2.15,2.15,,2.15,2.15,3850334393517,PIĆE
VODA VITAMIN WELL ANTIOXIDANT 0.5L,90325170,VITAMIN WELL,0.50 l,ko,2.05,4.1,,2.05,2.05,7350042716067,PIĆE
MUZGAVAC BIJELI ODMRZ MEDUZA,90356689,MEDUZA,1.00 kg,kg,9.99,9.99,,5.99,9.99,,HRANA
SLAD GELATISSIMO BADEM 5X110ml,90360452,GELATISSIMO,0.55 l,ko,4.29,7.81,,3.29,4.29,3838900844786,HRANA
LOSION PIZ BUIN  NAKON SUN 200ml,90360685,PIZ BUIN,0.20 l,ko,12.99,64.95,,12.99,12.99,3574661469270,KOZMETIKA
KUPKA J&J BABY BEDTIME 500ml,90361093,J&J,0.50 l,ko,7.49,14.98,,7.49,7.49,3574669908641,KOZMETIKA
KAVA DG ESP INT 16/1 3PACK 336g,90363422,DOLCE GUSTO,0.34 kg,ko,12.99,38.66,,12.99,12.99,7613287336798,HRANA
SLAD LEDO M6 BOX KORNET 660ML,90363675,LEDO,0.66 l,ko,4.99,7.56,,3.99,3.99,3850116008622,HRANA
ŽICA ZA POSUĐE DRŠKA FINO 1/1,90364661,FINO,1.00 ko,ko,2.39,2.39,,2.39,2.39,5201314040675,PROIZVODI ZA KUĆANSTVO
PILEĆI BATAK 500G PP,90392757,PERUTNINA PT,0.50 kg,ko,2.79,5.58,,2.19,2.79,3850220115773,HRANA
ŽELATINA MLJ DOLCELA 10g 3PAK    ,90105962,DOLCELA,0.03 kg,ko,2.29,76.33,,2.29,2.29,3850104272080,HRANA
KOZICE I SVJ LIBURNIJA,90115328,,1.00 kg,kg,10.39,10.39,,6.23,10.39,,HRANA
WHISKAS DREAMIES SIR 60g,90139351,WHISKAS,0.06 kg,ko,1.79,29.83,,1.45,1.79,5998749130971,PROIZVODI ZA KUĆANSTVO
KOCKA GOVEĐA 80G PODRAVKA,90155038,PODRAVKA,0.08 kg,ko,1.79,22.38,,1.79,1.79,3850104274886,HRANA
RIŽA SMEĐA INTEG 10' RISO SCOTTI 1KG,90155283,RISO SCOTTI,1.00 kg,ko,6.59,6.59,,6.59,6.59,8001860190513,HRANA
ŠPEK DOMAĆI DIMLJENI NAR E100g MAP,90158891,MEDVEN,0.10 kg,ko,2.89,28.9,,2.89,2.89,3859892946197,HRANA
KOVAČ RZ LIBURNIJA,90180662,,1.00 kg,kg,35.17,35.17,,21.09,35.17,,HRANA
ŠAMPON H&S CLASSIC CLEAN 250ml,90185476,HEAD&SHOULDE,0.25 l,ko,4.79,19.16,,4.79,4.79,8006540063330,KOZMETIKA
ČAJ BRUSNICA XXL 80 G,90187649,PODRAVKA,0.08 kg,ko,3.09,38.63,,3.09,3.09,3850104270345,HRANA
DEO NIVEA PROT&CARE M 150ml,90214909,NIVEA,0.20 l,ko,,18.5,3.7,3.95,5.29,9005800262062,KOZMETIKA
ZUBATAC SNAPPER,90251468,,1.00 kg,kg,34.89,34.89,,20.92,34.89,,HRANA
MLIJEKO ZAMJ NAN 1 OPTIPRO 800g,90360943,NAN,0.80 kg,ko,19.99,24.99,,19.99,19.99,7613036362238,HRANA
ČAJ FUNKC. IMMUNE 40g FRANCK,90362208,FRANCK,0.04 kg,ko,2.99,74.75,,2.99,2.99,3850291049083,HRANA
VANISH POW PINK 625g,90362926,VANISH,0.63 kg,ko,10,16,,10,10,5997321747798,SREDSTVA ZA ČIŠĆENJE
SOK OD LIMUNA 200ml LIMMI,90363807,LIMMI,0.20 l,ko,1.45,7.25,,1.45,1.45,8020542111134,HRANA
KAŠA RIŽINA VANILIJA 60g SUPERFOODS,90364056,SUPERFOODS BY ENCIAN,0.06 kg,ko,1.55,25.83,,1.55,1.55,3858890103458,HRANA
ČOKOLADA DORINA MOUSSE ČOKO 270g,90373535,DORINA,0.27 kg,ko,4.99,18.48,,3.79,4.99,3850102517138,HRANA
FRISKIES MM LOS. TUN. BAK. SARD 4X85g,90382002,FRISKIES,0.34 kg,ko,2.29,6.74,,1.79,2.29,7613036987394,PROIZVODI ZA KUĆANSTVO
NAPITAK OD ZOBI EKO 1L SCOTTI,90386200,RISO SCOTTI,1.00 l,ko,,1.69,1.69,2.65,2.65,8001860252846,HRANA
GIN TANQUERAY SEVILLA 41.3% 0.7L,90393067,TANQUERAY,0.70 l,ko,28.19,40.27,,28.19,28.19,5000291023462,PIĆE
JUHA KOKOŠJA S REZANC 37g ALEVA,90402766,ALEVA,0.04 kg,ko,0.55,14.86,,0.55,0.55,8600947036777,HRANA
DEO SPR MELEM DRAG ULJA 150ml,90403179,MELEM,0.15 l,ko,3.99,26.6,,3.19,3.99,3856007907609,KOZMETIKA
DESERT KINDER CRISPY 34 g,90869764,FERRERO,0.03 kg,ko,1.09,32.06,,1.09,1.09,8000500434123,HRANA
TERANINO 0.75 L HARMUND,90875115,HARMUND,0.75 l,ko,19.99,26.65,,19.99,19.99,3859893459894,PIĆE
PIVO STAROČEŠKO RAD CR LIM 0.5 L LIM,90884942,STAROČEŠKO,0.50 l,ko,1.49,2.98,,1.25,1.49,3859893750984,PIĆE
ZP COLGATE MAX WHITE EXPERT 75 ml,90885387,COLGATE,0.08 l,ko,5.99,79.87,,5.99,5.99,8718951720527,KOZMETIKA
CRISPY POH CURRY 70 g KOTANYI,90890072,KOTANYI,0.07 kg,ko,,17,1.19,1.89,1.89,9001414238042,HRANA
ŠTAPIĆI PRIMA SLANI 220 g,90894816,SOKO ŠTARK,0.22 kg,ko,1.19,5.41,,1.19,1.19,8600939212271,HRANA
SRED SUPER JON NAMJ POLITURA 300 ml,90899771,SUPER JON,0.30 l,ko,,8.17,2.45,3.49,3.49,3850111505751,SREDSTVA ZA ČIŠĆENJE
RIBLJE GLAVE SVJEŽE KONZUM,02193164,,1.00 kg,kg,1.79,1.79,,1.07,1.79,,HRANA
JOGURT ACTIVIA ŽITAR 4X125G,02334232,ACTIVIA,0.50 kg,ko,2.85,5.7,,2.85,2.85,5941209001922,HRANA
JUN REP ,02412104,PIK VRBOVEC,1.00 kg,kg,7.89,7.89,,7.89,7.89,3850139280203,HRANA
KOLAČI MIJEŠANI 1kg MLINAR,04024377,MLINAR,1.00 kg,ko,16.79,16.79,,11.99,16.79,3858881124097,HRANA
KEKS DUO KAKAO GRIESSON 500g,04141424,GRIESSON,0.50 kg,ko,3.49,6.98,,3.49,3.49,4001518117170,HRANA
GEL ENCIAN KONJSKI 250ml,06650242,ENCIAN,0.25 l,ko,3.79,15.16,,3.79,3.79,3859891205714,KOZMETIKA
LIMUN ŠEĆER 10g DOLCELA,90033798,DOLCELA,0.01 kg,ko,0.39,39,,0.39,0.39,3850104259340,HRANA
KOLAČI MIJEŠANI 500g KUSTURA,90044872,KUSTURA KOLAČI,0.50 kg,ko,7.06,14.12,,7.06,7.06,3859892623777,HRANA
PAP RUPČ ZEWA SOFTIS KUT 4SL 80/1,90053546,ZEWA,80.00 ko,ko,2.79,0.03,,2.79,2.79,7322540441574,TOALETNE POTREPŠTINE
SLATKO RIŽINO VINO 150ML SAITAKU,90056053,SAITAKU,0.15 l,ko,3.98,26.53,,3.98,3.98,5060194790397,HRANA
RAJČICA HARMONY 500 grama,90061083,,0.50 kg,ko,2.79,5.58,,2.79,2.79,3850334386304,HRANA
TJEST FUSILLI BEZ GL 250g SCHAR,90070080,DR SCHAR,0.25 kg,ko,3,12,,3,3,8008698010075,HRANA
ČETKICA DENTORAL MEDIUM 2/1,90082212,DENTORAL,0.50 ko,ko,0.95,1.9,,0.95,0.95,3850334610218,KOZMETIKA
BOMBON CEDEVITA KIDS PUC ŠUM VOĆ 5g,90088882,CEDEVITA,0.01 kg,ko,0.4,80,,0.4,0.4,3850322009468,HRANA
RAJČICA BUMBOLINO 200 grama,90089019,,0.20 kg,ko,,9.45,1.89,2.79,2.79,3859890369127,HRANA
PRIPRAVAK ZA ŠLAG CREME PATISS 500ml,90106532,MEGGLE,0.50 l,ko,2.25,4.5,,2.25,2.25,4034900027757,HRANA
KOBASICA ČAJNA NARESCI GAV 80g,90111312,GAVRILOVIĆ,0.08 kg,ko,2.35,29.38,,2.35,2.35,3858881227613,HRANA
LISTOVI INTEG ZA PITE/SAV 400g CLARUM,90134888,CLARUM,0.40 kg,ko,1.89,4.73,,1.89,1.89,3859888231986,HRANA
VREĆA SMEĆE LD 200L 10/1 EXTRA GEA,90141736,GEA,10.00 ko,ko,3.32,0.33,,3.32,3.32,3870075007825,PROIZVODI ZA KUĆANSTVO
SIR POLUTVRDI GAUDA K PLUS 100g,90141879,K PLUS,0.10 kg,ko,,9.9,0.99,1.29,1.29,3850334406262,HRANA
DEO SPREJ NIVEA FRESH COMFORT W 150ml,90162533,NIVEA,0.15 l,ko,,26.6,3.99,3.99,3.99,9005800250328,KOZMETIKA
BAKALAR K PLUS NA BIJELO 250G,90166638,K PLUS,0.25 kg,ko,6.29,25.16,,4.99,6.29,3850334530608,HRANA
GAZ PIĆE TANGERINE 1.5L,90265094,VINDI,1.50 l,ko,1.89,1.26,,1.89,1.89,3850108070842,PIĆE
NEG PIĆE COCKTAIL MAND-NAR 2L,90270326,VINDI,2.00 l,ko,1.99,1,,1.99,1.99,3850108072815,PIĆE
BOJA ZA KOSU LOREAL EXCELLENCE 9.1,90299231,LOREAL EXCELLANCE,1.00 ko,ko,,6.69,6.69,8.59,8.99,3600523724918,KOZMETIKA
SALPA SVJEŽA LIBURNIJA,90342138,LIBURNIJA,1.00 kg,kg,4.99,4.99,,2.99,4.99,,HRANA
VODA FITNESS 0.5L POLLEO SPORT,90348948,POLLEO,0.50 l,ko,1.75,3.5,,1.75,1.75,3856026806617,PIĆE
PANNA COTTA & MALINA 120g DOLCELA,90362700,DOLCELA,0.12 kg,ko,2.29,19.08,,2.29,2.29,3856020229825,HRANA
BOJA PALETTE DELUXE 240 ZAG HLAD PLAVA,90362877,PALETTE DELU,1.00 ko,ko,,4.79,4.79,4.79,4.79,9000101234206,KOZMETIKA
PECIVO HOT DOG 4/1 250g EMMECI,90365875,EMMECI PANE,0.25 kg,ko,1.33,5.32,,1.33,1.33,8033928830147,HRANA
KEKS OREO KOMADIĆI 300g,90373119,OREO,0.30 kg,ko,3.29,10.97,,3.29,3.29,7622210748997,HRANA
INĆUN PELAGOS SLANI FIL U SUNC ULJU 120g,90377788,PELAGOS,0.07 kg,ko,4.39,62.71,,4.39,4.39,3859893545061,HRANA
JOGURT SOJIN BOROV 150g ALPRO,90381601,ALPRO,0.15 kg,ko,1.55,10.33,,1.55,1.55,5411188126416,HRANA
BRAŠNO OŠTRO T-400 2kg PODRAVKA,90396538,PODRAVKA,2.00 kg,ko,1.59,0.8,,1.59,1.59,3850104223648,HRANA
GORSKI SIR DIMLJENI 340g CASEUS,90404019,OPG CASEUS,0.34 kg,ko,5.79,17.03,,5.79,5.79,3857500021274,HRANA
ŠKAMP 16/20 SVJ UV MEDUZA,02197641,,1.00 kg,kg,29.99,29.99,,17.98,29.99,,HRANA
MLIJEKO TRAJNO KOZJE 2.8% 0.5L VIND,02230432,Z BREGOV,0.50 l,ko,1.59,3.18,,1.59,1.59,3850108026603,HRANA
SLAD LEDO KORNET VANILIJA 120ML,02350169,LEDO,0.12 l,ko,1.79,14.92,,1.79,1.79,3850116037820,HRANA
ŠTRUKLI SA SVJ SIROM SLANI 600g SMRZ,02373894,LATICA,0.60 kg,ko,4.91,8.18,,4.91,4.91,3850261359778,HRANA
PUR JETRA PODL VINDIJA,02450388,VINDON,1.00 kg,kg,4.89,4.89,,4.89,4.89,3850339406007,HRANA
VINO GRAŠEVINA KV 0.75L ADŽIĆ,03020405,ADŽIĆ,0.75 l,ko,16.49,21.99,,15.45,15.45,3859890469025,PIĆE
VINO MALVAZIJA 0.75L FRANC ARMAN,03020803,FRANC ARMAN,0.75 l,ko,12.55,16.73,,12.55,12.55,3859891697021,PIĆE
LIKER PELINKOVAC 1L DEGENIJA,03071675,DEGENIJA,1.00 l,ko,13.65,13.65,,13.65,13.65,3859889693066,PIĆE
VISKI CANADIAN SPEC OLD 0.70L,03081999,CANADIAN CLU,0.70 l,ko,12.55,17.93,,12.55,12.55,0089540453705,PIĆE
OCAT VINSKI CRNO VINO 1L ZVIJEZDA,03120100,ZVIJEZDA,1.00 l,ko,,1.43,1.43,1.79,1.79,3858882211154,HRANA
VJENČIĆ S MARMELADOM 500g  FANOLA,04020456,FANOLA,0.50 kg,ko,5.39,10.78,,4.59,5.39,3859888257061,HRANA
BRAŠNO POLUBIJELO T-850 5kg MLINETA,04030177,MLINETA,5.00 kg,ko,4.89,0.98,,4.89,4.89,3859888419339,HRANA
ČAJ TEEKANNE ZEN CHAI 35g,04093594,TEEKANNE,0.04 kg,ko,2.59,74,,2.59,2.59,5901086001002,HRANA
JUHA TIROLSKA 67g PODRAVKA,04163723,PODRAVKA,0.07 kg,ko,,16.27,1.09,1.09,1.39,3850104006777,HRANA
MUESLI VIOLA LJEŠNJAK 1kg ENCIAN,04170387,VIOLA,1.00 kg,ko,7.69,7.69,,7.69,7.69,4000446017064,HRANA
PRELJEV DESERTNI ČOKOL 200g DR OETKE,04181684,DR OETKER,0.20 kg,ko,3.1,15.5,,3.1,3.1,5907707050985,HRANA
LIZALICA CH CHUPS DOGS CATS 12g,04190267,CHUPA CHUPS,0.01 kg,ko,1.99,165.83,,1.59,1.99,84194107,HRANA
BOMBON PEZ FRUIT 8.5g,04190369,PEZ,0.01 kg,ko,0.25,29.41,,0.19,0.25,90444470,HRANA
ČOKOL MILKA CHOCO & BISC 300g,04210798,MILKA,0.30 kg,ko,5.99,19.97,,3.99,5.99,7622210275516,HRANA
BOMBONJERA MERCI HELLE 250g,04211015,MERCI,0.25 kg,ko,7.99,31.96,,7.99,7.99,4014400901405,HRANA
VATA HIG LOLA 100g 1702  0022,06501257,LOLA,0.10 kg,ko,2.05,20.5,,2.05,2.05,3858881100022,TOALETNE POTREPŠTINE
ŠAMPON H&S 400ml CITRUS FR,06525129,HEAD&SHOULDE,0.40 l,ko,6.69,16.73,,3.29,6.69,5011321336032,KOZMETIKA
ČETKICA K PLUS DENTORAL SOFT,06531297,DENTORAL,1.00 ko,ko,0.89,0.89,,0.89,0.89,3850334610171,KOZMETIKA
ČETKICA K PL LUMPI DJEČJA,06531298,LUMPI,1.00 ko,ko,0.59,0.59,,0.59,0.59,3850334599070,KOZMETIKA
BOJA PREFERENCE VIKING 9.1,06540622,LOREAL PREFERENCE,1.00 ko,ko,9,9,,9,9,3600523525638,KOZMETIKA
GEL TAFT XPRE STAND 150 0814,06546807,TAFT,0.15 l,ko,,29.27,4.39,4.39,5.49,9000101723366,KOZMETIKA
DEO FA MYSTIC MOM 150ml,06552604,FA,0.15 l,ko,3.99,26.6,,2.49,3.99,9000100634113,KOZMETIKA
DEO NEUTR SP POW F 150  2232,08163649,NEUTRO ROBER,0.15 l,ko,3.49,23.27,,3.49,3.49,8002410002232,KOZMETIKA
TOLSTOLOBIK ODR PAK KONZUM,90032935,,1.00 kg,kg,3.45,3.45,,2.07,3.45,,HRANA
ŠAMPON PANTENE AQUALIGHT 400ML,90044320,PANTENE,0.40 l,ko,5.99,14.98,,4.49,4.49,5410076561223,KOZMETIKA
SOK 100% GUSTI JUICY KIDS 0.2L,90058795,JUICY,0.20 l,ko,0.79,3.95,,0.69,0.79,3858890976663,PIĆE
KREKER TUC SIR 100g,90063058,TUC,0.10 kg,ko,1.15,11.5,,0.79,1.15,5998711388928,HRANA
ŠAMPON PALM PROTIV PRHUTI 350ml,90077206,PALMOLIVE,0.35 l,ko,,7.11,2.49,3.89,3.89,8718951576919,KOZMETIKA
ORAŠASTO MIX FP EUROCOMPANY99 300 g,90850379,PERFECT DAY,0.30 kg,ko,5.19,17.3,,3.89,5.19,3872084016072,HRANA
ŠUMSKO VOĆE GARDEN GOOD 400 g,90854663,GARDEN GOOD,0.40 kg,ko,2.49,6.23,,1.99,1.99,8605002359891,HRANA
GRAH CRVENI GARDEN GOOD 800/480 g,90854723,GARDEN GOOD,0.48 kg,ko,1.49,3.1,,1.49,1.49,3838900842935,HRANA
GOF ODREZAK SVJ MEDUZA,90864774,MEDUZA,1.00 kg,kg,17.29,17.29,,10.37,17.29,,HRANA
CAPP NESCAFE IRISH 336 g 3PACK,90880120,NESCAFE,0.34 kg,ko,6.99,20.8,,6.99,6.99,8445291599710,HRANA
FLUID MIXA NEPRAVILNOSTI 50 ml,90885100,MIXA,0.05 l,ko,11.49,229.8,,11.49,11.49,3600551159614,KOZMETIKA
SERUM NIVEA REB&CLEAR 30 ml,90885398,NIVEA,0.03 l,ko,,536,16.08,22.99,22.99,9005800381473,KOZMETIKA
DEO OS TIGER CLAW 150 ml,90885618,OLD SPICE,0.15 l,ko,,19.93,2.99,3.99,3.99,8006540377208,KOZMETIKA
BRIJAČ GILLETTE SENSOR 3 H+ 8/1,90885733,GILLETTE,8.00 ko,ko,,1.24,9.95,11.99,11.99,8700216639606,KOZMETIKA
SLAD LEDO VELVET VANILIJA 900 ml,90885942,QUATTRO,0.90 l,ko,,4.43,3.99,3.99,4.99,3850116067179,HRANA
DET ARIEL COLOR 2.75 kg=50PR,90886385,ARIEL,3.00 kg,ko,21.99,7.33,,21.99,21.99,8700216733267,SREDSTVA ZA ČIŠĆENJE
PEČENICA DIMLJENA NAR 150 g,90886793,PIVAC,1.00 ko,ko,2.19,2.19,,2.19,2.19,3858884997803,HRANA
BOMBON HARIBO KIND PARTY MINI 250 g,90887170,HARIBO,0.25 kg,ko,3.79,15.16,,3.79,3.79,4001686003015,HRANA
FLIPS SMOKI PROTEIN 70 g ŠTARK,90887288,SOKO ŠTARK,0.07 kg,ko,1.09,15.57,,1.09,1.09,8600939508275,HRANA
ŠTAPIĆI KVIKI KIKIRIKI 90 g PODRAVKA,90887392,KVIKI,0.09 kg,ko,0.89,9.89,,0.89,0.89,3856020278038,HRANA
NJOKI 500 g RUMMO,90890370,RUMMO,0.50 kg,ko,2.99,5.98,,2.99,2.99,8008343201179,HRANA
GLJIVA ŠAMPINJON 500 grama,01400034,KORA,0.50 kg,ko,1.99,3.98,,1.29,1.99,3850334013576,HRANA
KUPUS KISELI REZANI 500g,01400318,KORA,0.50 kg,ko,0.99,1.98,,0.99,0.99,3850334091697,HRANA
LIGNJA PATAGONICA KOL I KR 400g LEDO,02194994,LEDO,0.40 kg,ko,10.49,26.23,,7.99,7.99,3850116892313,HRANA
SV MLJEVENO MESO 400g MA PIK VRBOVEC,02404059,PIK VRBOVEC,0.40 kg,ko,1.64,4.1,,1.15,1.64,3850139435788,HRANA
HAMBURGER SVJEŽI 600g MA PIK VRBOVEC,02404066,PIK VRBOVEC,0.60 kg,ko,3.89,6.48,,2.72,3.89,3850139435719,HRANA
BRAŠNO RAŽENO T-1250 900g FARINA,90674713,FARINA,0.90 kg,ko,1.39,1.54,,1.39,1.39,3858887101351,HRANA
SIRUP K PLUS MULTIVITAMIN 1L,90703458,K PLUS,1.00 l,ko,2.55,2.55,,2.55,2.55,3850334044235,PIĆE
MASKA ZA LICE U MARAM GARN BOMB 28g,90703639,GARNIER,0.03 kg,ko,2.99,106.79,,2.79,2.99,3600542385312,KOZMETIKA
MAHUNA ŽUTA GARDEN GOOD 1kg,90704002,GARDEN GOOD,1.00 kg,ko,,1.99,1.99,2.39,2.39,3838900835319,HRANA
SPREJ AMBRE S KIDS SENS SPF50 270ml,90705906,GARNIER AMBRE SOLAIR,0.27 l,ko,,59.63,16.1,21.49,21.49,3600542522915,KOZMETIKA
DET MERI MERINO COLOR 4L,90706437,MERI MERINO,4.00 l,ko,11.49,2.87,,11.49,11.49,3850111105869,SREDSTVA ZA ČIŠĆENJE
JUŠNE OKRUGLICE MY TOPPINGS 200g,90707357,MY TOPPINGS,0.20 kg,ko,1.29,6.45,,1.29,1.29,9001411922081,HRANA
NAPITAK PROTEIN BIJ ČOK/MALINA 0.5L VIN,90707830,VINDIJA,0.50 l,ko,,3.98,1.99,2.55,2.55,3850108023732,HRANA
ONE MP MINI WEIGHT CONTROL 85g,90719814,ONE,0.09 kg,ko,0.99,11.65,,0.75,0.99,8445290332189,PROIZVODI ZA KUĆANSTVO
FRIEND MM LOSOS 100g,90719887,FRIEND,0.10 kg,ko,0.59,5.9,,0.59,0.59,3870547072528,PROIZVODI ZA KUĆANSTVO
PODLOGA ZA TORTU  SVIJ 350G GENOISE,90730642,PETITE GENOISE,0.35 kg,ko,4.19,11.97,,3.49,4.19,8057592822642,HRANA
RAKIJA DUNJA 0.5L GROŠEK,90730969,GROŠEK,0.50 l,ko,12.09,24.18,,12.09,12.09,3859893708350,PIĆE
ŠAMPINJONI GARDEN GOOD 3X190G/3X115g,90731295,GARDEN GOOD,0.35 kg,ko,3.19,9.25,,3.19,3.19,3850334070890,HRANA
KRUMPIR BATAT,90731347,,1.00 kg,kg,2.49,2.49,,1.99,2.49,3858885876213,HRANA
LECHAT EX. SM STERILIZED 1.5kg,90732323,LECHAT EXCELLENCE,1.50 kg,ko,10.99,7.33,,7.69,10.99,8009470059817,PROIZVODI ZA KUĆANSTVO
MUESLI GRANO&POP BOOM BOX CRUN BERRY 300g,90733454,BOOM BOX,0.30 kg,ko,3.99,13.3,,3.99,3.99,3856027800805,HRANA
PROTEIN 1ST WHEY 2.27KG CHOCO HAZELNUT,90734693,POLLEO,2.27 kg,ko,69.99,30.83,,69.99,69.99,3856026803678,HRANA
TUBA FRULLÀ BIO JAB/BAN/MAL 100g,90734727,FRULLA,0.10 kg,ko,0.89,8.9,,0.89,0.89,8024985011051,HRANA
GEL TUŠ OLEA MEDITERAN LAVAN 250ml,90735090,OLEA,0.25 l,ko,,6.36,1.59,1.99,1.99,3850334099884,KOZMETIKA
DET PERSIL GEL SENSITIVE 1.8L=40PR,90744901,PERSIL,1.80 l,ko,,5.55,9.99,9.99,9.99,9000101566697,SREDSTVA ZA ČIŠĆENJE
NAMAZ POVRTNI LEĆIN TARTAR 95g ARGETA,90750792,ARGETA,0.10 kg,ko,1.89,19.89,,1.39,1.89,3838471050951,HRANA
ULJE KONOPLJE HL PREŠ 250ml GRANA,90750956,LETIFICO,0.25 kg,ko,8.99,35.96,,8.99,8.99,3859893457067,HRANA
VOĆ PL HIPP BIO BAN/JAB/BRES 20g,90764864,HIPP,0.02 kg,ko,0.89,44.5,,0.89,0.89,4062300362239,HRANA
SLAD MAGNUM EUPHORIA 440 ml,90765381,MAGNUM,0.31 l,ko,7.99,25.73,,6.99,7.99,8711327621978,HRANA
TORTEL BEZ GLUT RICOT&ŠPIN 250g DE ANG,90769799,DE ANGELIS,0.25 kg,ko,2.99,11.96,,2.99,2.99,8021228901322,HRANA
SENF ESTRAGON SQUEEZE 310g PODRAVKA,90770343,PODRAVKA,0.31 kg,ko,2.09,6.74,,2.09,2.09,3856020268909,HRANA
PLATA LIČANKA 1150 g PLATA DO VRATA,90774873,PLATA DO VRATA,1.15 kg,ko,30.5,26.52,,27.5,27.5,3859894230089,HRANA
ZP PHYTODENT GUMS&ALL 75 ml,90775250,PLIDENTA,0.08 l,ko,2,26.67,,2,2,3856007911781,KOZMETIKA
GEL TUŠ BIOB SPORTSMEN 2U1 220 ml,90775484,BIOBAZA,0.22 l,ko,,11.32,2.49,3.35,3.35,3856020913403,KOZMETIKA
NAPITAK MONSTER AUSSIE LEMON 0.5 L,90784924,MONSTER,0.50 l,ko,1.95,3.9,,1.95,1.95,5061013941488,PIĆE
BRAŠNO K PLUS PŠENIČNO MANITOBA 1kg,90789889,K PLUS,1.00 kg,ko,1.49,1.49,,1.49,1.49,3850334110527,HRANA
SHOUT ODSTRANJIVAČ MRLJA 500 ml,90800612,BIO SHOUT,0.50 l,ko,3.99,7.98,,3.99,3.99,5000204350845,SREDSTVA ZA ČIŠĆENJE
PITA S MESOM 550 g MINUTE,90810845,MINUTE,0.55 kg,ko,,8.17,4.49,5.99,5.99,3850334415073,HRANA
UMAK PESTO 100g AGROMONTE,90814794,AGROMONTE,0.10 kg,ko,3.99,39.9,,3.39,3.99,8032817244584,HRANA
HRENOVKE TELEĆE 275 g IVANEČKI,90824902,IVANEČKI,0.28 kg,ko,4.09,14.87,,4.09,4.09,3859893866647,HRANA
SUNCOKRET SJEMENKE BIO ZONE 500 g,90824911,BIO ZONE,0.50 kg,ko,1.99,3.98,,1.49,1.99,3838900841105,HRANA
BOMBON IMMUNE SUPPORT 7X12.5 g MIMS,90825370,MIMS,0.09 kg,ko,5.29,60.46,,5.29,5.29,8437013374279,HRANA
DALMATINSKI MIX 240 g NAR SPECIAL MOMENTS,90825704,SPECIAL MOMENTS,0.24 kg,ko,5.99,24.96,,5.29,5.99,3850334431769,HRANA
BRESAOLA 100 g NAR SPECIAL MOMENTS,90825723,SPECIAL MOMENTS,0.10 kg,ko,4.49,44.9,,4.49,4.49,3850334428950,HRANA
SOK 100% NARANČA FRUCTAL 0.75 L,90826231,FRUCTAL,0.75 l,ko,2.65,3.53,,2.55,2.65,3838945042697,PIĆE
SET AXE BL DEO150+SG250,90826233,AXE,1.00 ko,ko,6,6,,6,6,8720182854896,KOZMETIKA
PAPRIKE PUNJ SIR 140/100 g SPEC MOMENTS,90826484,SPECIAL MOMENTS,0.10 kg,ko,2.99,29.9,,2.59,2.99,3850334430885,HRANA
PAPRIKE LJUTE SIR 140/100 g SPEC MOMENTS,90826500,SPECIAL MOMENTS,0.10 kg,ko,2.99,29.9,,2.59,2.99,3850334430809,HRANA
PLOČICA SLANA 4X84 g DELAVIUDA,90826539,DELAVIUDA,0.34 kg,ko,4.59,13.66,,4.59,4.59,8410223907864,HRANA
PIRE VOĆNI JABUKA ŠLJIVA 100 g FRULLA,90839933,FRULLA,0.10 kg,ko,1.19,11.9,,0.89,1.19,8024985013437,HRANA
GEL TUŠ BIOB BEES & OATS 400 ml,90850182,BIOBAZA,0.40 l,ko,,10.28,4.11,5.49,5.49,3856020915896,KOZMETIKA
TROPIC MIX 150 g NATURA,90850626,NATURA,0.15 kg,ko,2.79,18.6,,1.95,2.79,3859892798918,HRANA
KAŠ INST ČOKOLINO 1.4kg,90410316,LINO,1.40 kg,ko,,5.35,7.49,7.49,10.99,3856020242176,HRANA
ZP ORAL B SENS&GUM WHI 75ml,90424344,ORAL B,0.08 l,ko,3,40,,3,3,8001841520285,KOZMETIKA
PILEĆA LEĐA I HRBAT K PLUS,90433021,K PLUS,1.00 kg,kg,2.29,2.29,,2.29,2.29,3850159118098,HRANA
PECIVO ČAJNO KIFLIĆI 225g FANOLA,90453197,FANOLA,0.23 kg,ko,2.99,13.29,,1.99,2.99,3859888257719,HRANA
GEL TUŠ NIVEA LEMONGRASS 500ml,90483664,NIVEA,0.50 l,ko,6.29,12.58,,6.29,6.29,9005800307503,KOZMETIKA
ČIPS HRUSTY PAPRIKA RR MAXX 280 g,90745912,HRUSTY,0.28 kg,ko,1.59,5.68,,1.59,1.59,8605028610716,HRANA
NAMAZ FINESSE LJEŠNJAK 400 g,90749832,FINESSE,0.40 kg,ko,2.65,6.63,,2.65,2.65,3838900834626,HRANA
INSTANT KAVA RITUAL CLASSIC 100 g,90749860,RITUAL,0.10 kg,ko,4.19,41.9,,4.19,4.19,3850334083036,HRANA
PEL LUMPI PREM JUN 5 (11-16KG) 36/1,90749887,LUMPI,36.01 ko,ko,6.65,0.18,,5.65,5.65,3850334071057,TOALETNE POTREPŠTINE
LOSOS FILET CHAIN NOR OCEAN 2x125 g,90750074,OCEAN,0.25 kg,ko,5.99,23.96,,4.99,5.99,3850334098719,HRANA
ČOKOLADA VOLIM TE ŠUMSKO VOĆE 253 g,90750173,VOLIM TE,0.25 kg,ko,2.99,11.82,,2.99,2.99,3858881062054,HRANA
NAMAZ SMOKVA 350 g PODRAVKA,90750777,PODRAVKA,0.35 kg,ko,3.99,11.4,,3.99,3.99,3856020269807,HRANA
ŠUNKA DIMLJENA S KOSTI PIVAC,90759742,PPK,1.00 kg,kg,5.49,5.49,,5.49,5.49,3858884998879,HRANA
REZANCI BATAT INTEG 200g KOVAČIĆ,90759798,OPG IVAN KOVAČIĆ,0.20 kg,ko,2.59,12.95,,2.59,2.59,3858893350118,HRANA
SLAD QUATTRO MINI PLAZMA 800 ml,90764742,QUATTRO,0.80 l,ko,4.99,6.24,,3.79,3.79,3850116064383,HRANA
ŠAMPON H&S CLASSIC CLEAN 625 ml,90771221,HEAD&SHOULDE,0.63 l,ko,12.49,19.98,,12.49,12.49,8700216304948,KOZMETIKA
VODA VITAMIN ACTIVE FIT DANA 0.75 L,90785027,DANA,0.75 l,ko,1.39,1.85,,1.39,1.39,3830055521628,PIĆE
VREĆA SMEĆE HD RUČ 10L 40/1 DAX,90800588,DAX,1.00 ko,ko,0.59,0.59,,0.47,0.59,3850334101549,PROIZVODI ZA KUĆANSTVO
ČAJ PURE ME 20/1 30g ETS,90824966,ENGLISH TEA SHOP,0.03 kg,ko,4.49,149.67,,4.49,4.49,0680275057833,HRANA
TUNJ OCEAN KOM MAS ULJE 145 g/104 g,90869918,OCEAN,0.11 kg,ko,2.59,23.12,,2.59,2.59,3850334114389,HRANA
GEL TUŠ MELEM BADEM 260 ml,90886103,MELEM,0.26 l,ko,3.99,15.35,,3.19,3.99,3856007912900,KOZMETIKA
SIRNI NAMAZ LABNE 100 g PRESIDENT,90886976,PRESIDENT,0.10 kg,ko,1.19,11.9,,1.19,1.19,8692971431604,HRANA
LJUTENICA DOMAĆA 550 g MAMAS,90900152,MAMA'S,0.55 kg,ko,2.19,3.98,,2.19,2.19,5319990748157,HRANA
KRASTAVAC SALATNI KOM,01407864,,0.30 kg,ko,0.89,2.96,,0.59,0.59,3859892765255,HRANA
KREKER KUK MAHUNARKE ACTIVE ZONE 120 g,90779959,ACTIVE ZONE,0.12 kg,ko,1.49,12.42,,1.19,1.49,3838900837412,HRANA
SORBET BIOBAZA TROPIC SUN 150 ml,90784962,BIOBAZA,0.15 l,ko,9.29,61.93,,9.29,9.29,3856020914578,KOZMETIKA
DŽEM K PLUS EXTRA MALINA MANJE Š 330g,90794840,K PLUS,0.33 kg,ko,1.99,6.03,,1.99,1.99,3850334111821,HRANA
DŽEM K PLUS EXTRA KUPINA 350g,90794846,K PLUS,0.35 kg,ko,2.99,8.54,,1.99,2.99,3850334111760,HRANA
INSTANT NESCAFE CLASSIC XXL LIM 300g,90799855,NESCAFE,0.30 kg,ko,9.49,31.63,,7.99,9.49,7891000383254,HRANA
LOPATICA METLICA CS,90799923,CLEAN SMART,1.00 ko,ko,3.29,3.29,,2.3,3.29,3859893097249,PROIZVODI ZA KUĆANSTVO
SOL S CRN TART U MLINCU 80 g ZIGANTE,90800755,ZIGANTE,0.08 kg,ko,7.49,93.63,,7.49,7.49,3858891982199,HRANA
NEG PIĆE B+C+E VINDI 1.5 L,90800803,VINDI,1.50 l,ko,1.79,1.19,,1.79,1.79,3850108072334,PIĆE
KAVA INTENSO ESP NS 10/1 57g ILLY,90814742,ILLY,0.06 kg,ko,7.79,136.67,,7.79,7.79,8003753158761,HRANA
VINO PREMIUM CAB SAUVIGN TOUCH 0.75L,90814766,TOUCH,0.75 l,ko,25.05,33.4,,25.05,25.05,3859893289224,PIĆE
UMAK AGLIO 260g AGROMONTE,90814811,AGROMONTE,0.26 kg,ko,3.99,15.35,,3.39,3.99,8032817245901,HRANA
DN UL LIBRESSE MULTISTYLE 30/1,90824648,LIBRESSE,30.00 ko,ko,2.25,0.07,,2.25,2.25,7322540678642,TOALETNE POTREPŠTINE
UMAK MED BBQ 280g JACK DANIELS,90824770,JACK DANIELS,0.28 kg,ko,6.99,24.96,,6.99,6.99,0810020935530,HRANA
ŠTRUDLA OD JABUKA TONI KAISER 375 g,90825028,TONI KAISER,0.38 ko,ko,5.99,15.99,,4.19,5.99,9001625000759,HRANA
MORINGA PRAH BIO 200 g NUTRIGOLD,90825636,NUTRIGOLD,0.20 kg,ko,10.49,52.45,,10.49,10.49,3858891970769,HRANA
KOLAČ DULCETTI LIMUN 400g,90825820,DULCETTI,0.40 kg,ko,2.49,6.23,,2.49,2.49,3850334420466,HRANA
BUČINE GOLICE BIO 500 g NUTRIGOLD,90826431,NUTRIGOLD,0.50 kg,ko,4.75,9.5,,4.75,4.75,3858891973012,HRANA
CORNFLAKES BG 500 g NUTRIGOLD,90826458,NUTRIGOLD,0.50 kg,ko,2.79,5.58,,2.79,2.79,3858894432578,HRANA
KOKICE MIKROV SLANE 3/1 300g MOGYI,90826538,MOGYI,0.30 kg,ko,2.19,7.3,,1.64,2.19,5997347556787,HRANA
NAPITAK PROTEIN ČOK 0.5 L POLLEO VIN,90839706,VINDIJA,0.50 l,ko,2.99,5.98,,2.99,2.99,3850108023787,HRANA
KREMA RUKE BIOBAZA FROSTED 50 ml,90839853,BIOBAZA,0.05 l,ko,,44.8,2.24,2.99,2.99,3856020915735,KOZMETIKA
PRAH ZOE BOSS REDS RASPBERRY 250 g,90839949,ZOE,0.25 kg,ko,34.99,139.96,,34.99,34.99,3856026710303,HRANA
POLLEO SHIELDMIXER SUPERGIRL 770  ml,90839978,POLLEO,0.77 l,ko,14.99,19.47,,14.99,14.99,3858892299975,HRANA
PRAŠAK ISOTONIC DRINK PEACH 500 G,90839997,POLLEO,0.50 kg,ko,12.05,24.1,,12.05,12.05,3856026808635,PIĆE
ŠTRUDLA JABUKA/CIMET 250 g LASTA,90850753,LASTA,0.25 kg,ko,2.39,9.56,,2.39,2.39,3870128039322,HRANA
FELIX MM JUHA PILETINA 48 g,90864725,FELIX,0.05 kg,ko,0.55,11.46,,0.45,0.55,7613036665148,PROIZVODI ZA KUĆANSTVO
KRPA VILEDA VIŠENAM MICROFIB COL 2/1,90864737,VILEDA,2.00 ko,ko,4.99,2.5,,4.99,4.99,4023103168565,PROIZVODI ZA KUĆANSTVO
KAVA ESPR DELIZIOS JM NS 30/1 168 g,90874670,JULIUS MEINL,0.17 kg,ko,14.29,85.06,,14.29,14.29,9000403972547,HRANA
PJENUŠAC PIENA BRUT 0.75 L,90874713,PIENA,0.75 l,ko,14.99,19.99,,14.99,14.99,3857500082503,PIĆE
ČAJ KADULJA LIST 40 g AGRISTAR,90874724,AGRISTAR,0.04 kg,ko,2.29,57.25,,2.29,2.29,3858886501015,HRANA
KAVA LATTE KOKOS DG 10/1 160 g BAR,90874742,BARCAFFE,0.16 kg,ko,3.98,24.88,,3.98,3.98,3838471057035,HRANA
VREĆA ZA SMEĆE ALUFIX 60L 10/1,90875152,ALUFIX,10.00 ko,ko,3.29,0.33,,3.29,3.29,5949509003141,PROIZVODI ZA KUĆANSTVO
HIG UL ALWAYS PLAT NORMAL 16/1,90879959,ALWAYS P&G,16.00 ko,ko,3.29,0.21,,2.65,2.65,8001090444912,TOALETNE POTREPŠTINE
PUREĆE MESO USIT SMR 500g VIND KOKA,02450184,VINDON,0.50 kg,ko,2.49,4.98,,2.49,2.49,3850339439067,HRANA
VINO GRAŠEVINA DIKA 0.75L,03020058,DIKA,0.75 l,ko,6.35,8.47,,6.35,6.35,3859888852020,PIĆE
VINO PLAVAC MALI 0.75L MATUŠKO,03020236,MATUŠKO,0.75 l,ko,5.09,6.79,,5.09,5.09,3859889396233,PIĆE
RAK ŠLJIV STA 1L DOM MARASKA,03071010,MARASKA,1.00 l,ko,16.05,16.05,,16.05,16.05,3850158301705,PIĆE
LIKER SVAT KRUŠKOVAC 0.1L BADEL 1862,03075212,KRUŠKOVAC,0.10 l,ko,1.65,16.5,,1.65,1.65,3850112110497,PIĆE
VISKI BALLANTINES 0.7L+2ČAŠE,03080148,BALLANTINES,0.70 l,ko,18.05,25.79,,18.05,18.05,5010106114667,PIĆE
OCAT JABUČNI 0.5L MAUTNER,03120404,MAUTNER MARK,0.50 l,ko,2.19,4.38,,2.19,2.19,9011900104676,HRANA
PIVO BAVARIA BEZALK 0.5L LIM,03130780,BAVARIA,0.50 l,ko,1.55,3.1,,1.55,1.55,8714800011426,PIĆE
KAŠICA FRUTEK BRESKVA RIŽA 190g,03140456,FRUTEK,0.19 kg,ko,,6.79,1.29,1.75,1.75,3838945503174,HRANA
NEKTAR JABUKA BRAVO  2L,03141280,BRAVO,2.00 l,ko,3.19,1.6,,2.39,2.99,9008700124195,PIĆE
KAVA LEDENA CAFEMIO MACCHIATO 250ml,03161793,CAFEMIO,0.25 l,ko,1.85,7.4,,1.85,1.85,90169540,HRANA
ULJE OMEGOL 1L PET ZVIJEZDA,03220238,ZVIJEZDA,1.00 l,ko,1.99,1.99,,1.99,1.99,3858882213011,HRANA
TIJESTO REZANCI JAJ 400g KOLEDA,04051250,KOLEDA,0.40 kg,ko,1.99,4.98,,1.59,1.99,3859888433083,HRANA
TIJESTO TUBETTI RIGATI 37 500g ZARA,04051595,PASTA ZARA,0.50 kg,ko,1.59,3.18,,0.89,1.59,8004350130372,HRANA
ČAJ PURE GREEN 50g TWININGS,04090596,TWININGS,0.05 kg,ko,4.49,89.8,,4.49,4.49,070177086664,HRANA
ČAJ KAMILICA K 40g MAXI FRANCK,04091135,FRANCK,0.04 kg,ko,2.79,69.75,,2.79,2.79,3858881086098,HRANA
MJEŠAV ZAČINA S PAPROM 60g ST KOTANY,04100440,KOTANYI,0.06 kg,ko,3.59,59.83,,3.09,3.59,9001414040669,HRANA
ORIGANO 12g VR NADALINA,04101277,NADALINA,0.01 kg,ko,0.99,82.5,,0.99,0.99,3858881580251,HRANA
CIMET MLJEVENI VR 25g NADALINA,04101285,NADALINA,0.03 kg,ko,0.99,39.6,,0.99,0.99,3858881580305,HRANA
ŠEĆER U PRAHU 250g FRANCK,04120517,FRANCK,0.25 kg,ko,0.99,3.96,,0.99,0.99,3858881087460,HRANA
KRAFNE PRINCES 100g PAVONE,04140086,PAVONE,0.10 kg,ko,2.59,25.9,,2.59,2.59,8006420101008,HRANA
KVIKI GRIC 100g PODRAVKA,04147524,KVIKI,0.10 kg,ko,1.39,13.9,,1.39,1.39,3850104225277,HRANA
JUHA BEČKA 62g PODRAVKA,04161002,PODRAVKA,0.06 kg,ko,,17.58,1.09,1.09,1.39,3850104088162,HRANA
FANT ZA RIBLJU JUHU I PAP 60g PODRAV,04163625,FANT,0.06 kg,ko,1.39,23.17,,1.39,1.39,3850104019173,HRANA
TJESTENINA OD RIŽE 250g YOUWOK,04163767,YOUWOK,0.25 kg,ko,2.92,11.68,,2.92,2.92,8717228380174,HRANA
MLIJEKO ZAMJ HIPP 1 BIO 600g,04170632,HIPP,0.60 kg,ko,11.99,19.98,,11.99,11.99,4062300414327,HRANA
ČOKOL MILKA ALPSKA 80g,04218065,MILKA,0.08 kg,ko,1.03,12.88,,1.03,1.03,7622300424695,HRANA
TP PALOMA EXC ŽUTI 3SL 8+2,05081008,PALOMA,10.00 ko,ko,2.99,0.3,,2.99,2.99,3838952015226,TOALETNE POTREPŠTINE
ŽIGICE ZA DOMAĆ VELIKE,05590126,EUROALP,1.00 ko,ko,1.39,1.39,,1.39,1.39,8411442315904,PROIZVODI ZA KUĆANSTVO
GEL TUŠ AXE EXCITE 250ML,06521302,AXE,0.25 l,ko,,10.76,2.69,2.99,2.99,8710447276587,KOZMETIKA
ZP COLG WHITENI 75ml  3245,06530177,COLGATE,0.08 l,ko,2.99,39.87,,2.09,2.99,8718951312173,KOZMETIKA
BOJA PALETTE ICC N6     0088,06540414,PALETTE ICC,1.00 ko,ko,,3.49,3.49,3.49,3.49,3838824159614,KOZMETIKA
GEL TAFT LOOKS MAX POW 150ml,06541057,TAFT,0.15 l,ko,,29.27,4.39,4.39,5.49,9000101723502,KOZMETIKA
TRAKE ČUP DEP LICA 16 KOM SENSITIV,06590984,ČUPKO,16.00 ko,ko,,0.18,2.85,3.59,3.59,3859888495159,KOZMETIKA
SERUM DELIA HIDRAT KOLAGEN 30ml,90704675,DELIA,0.03 l,ko,6.35,211.67,,6.35,6.35,5906750801605,KOZMETIKA
ZOB KEKSI SRCA BRU/VIŠ/CHIA 50g ROW SPI,90707942,ROW SPIRIT,0.05 kg,ko,1.19,23.8,,1.19,1.19,3859894094056,HRANA
DAGNJE SVJ FIORITAL,90726451,FIORITAL,1.00 kg,kg,4.19,4.19,,2.39,2.39,93856024302312,HRANA
LOSION LACTOVIT LACTOUR FIRM 400ml,90730135,LACTOVIT,0.40 l,ko,,10.23,4.09,5.49,5.49,8411135008205,KOZMETIKA
FLIPS PATOS CRITOS HOT CHILI 100g,90731791,PATOS,0.10 kg,ko,1.99,19.9,,1.99,1.99,7622300167660,HRANA
GAZ PIĆE FENTIMANS TONIC WATER 0.2L,90732030,FENTIMANS,0.20 l,ko,2.39,11.95,,2.39,2.39,5029396000918,PIĆE
ČOKOLADA TONYS DARK 50g,90732636,TONYS CHOCOLONELY,0.05 kg,ko,1.89,37.8,,1.89,1.89,8717677337538,HRANA
LUC SVJ TOTAL FISH,90732977,TOTAL FISH,1.00 kg,kg,6.29,6.29,,3.77,6.29,,HRANA
VOĆNI ŠTAPIĆ NATURE ADD MALINA 16g,90733606,NATURE ADDICTS,1.00 ko,ko,1.35,1.35,,1.35,1.35,3609200010757,HRANA
OM SILAN MAGNOLIA 1.1L,90744918,SILAN,1.10 l,ko,,2.54,2.79,2.79,2.79,9000101584608,SREDSTVA ZA ČIŠĆENJE
PRELJEV ČOKOLADA SWEET CHEF 320g,90745452,SWEET CHEF,0.32 kg,ko,2.29,7.16,,2.29,2.29,8605028606023,HRANA
INSTANT KAVA RITUAL CREMA 160 g,90749808,RITUAL,0.16 kg,ko,,34.94,5.59,6.49,6.49,3850334083227,HRANA
ČIPI ČIPS SLANI 130 g,90751027,ČIPI ČIPS,0.13 kg,ko,2.19,16.85,,1.89,2.19,3856021306501,HRANA
ŠAMPON H&S APPLE 500 ml,90771209,HEAD&SHOULDE,0.50 l,ko,8.29,16.58,,8.29,8.29,8700216305259,KOZMETIKA
MC MP SVINJETINA 1250 g,90774800,MIGLIOR,1.25 kg,ko,2.99,2.39,,2.99,2.99,8007520027243,PROIZVODI ZA KUĆANSTVO
ARIZONA RAŽNJIĆI FILEA PRSA,90775724,CEKIN,1.00 kg,kg,,11.59,11.59,11.59,12.99,3850159150289,HRANA
KEKS KINDER KINDERINI 250 g,90775738,FERRERO,0.25 kg,ko,4.49,17.96,,3.69,3.69,8000500391228,HRANA
KOBASICA S ORASIMA 200 g HISTRIS,90779647,HISTRIS,0.20 kg,ko,7.19,35.95,,7.19,7.19,3858895020132,HRANA
BANJALUČKI ĆEVAPČIĆI 480 g,90784683,AVE,0.48 kg,ko,,9.35,4.49,4.19,5.99,3831020346901,HRANA
BRIJAČ JEDNOK WILK DUPLO U VREČICI 5/1,06630462,WILKINSON,5.00 ko,ko,2.79,0.56,,2.79,2.79,40278063,KOZMETIKA
ŠTIRKA TEKUĆA 500ML 0083 AUTOMAT,08021081,ŠTIRKA,0.50 l,ko,2.79,5.58,,2.65,2.65,3859888110083,SREDSTVA ZA ČIŠĆENJE
SANITAR ORIG FOREST FRESH 750ml,08031078,SANITAR,0.75 l,ko,2.45,3.27,,1.79,2.25,3850111502736,SREDSTVA ZA ČIŠĆENJE
PERŠIN SVJEŽI ZB BIO,90035603,,0.13 kg,ko,,9.52,1.19,1.09,1.69,3856028677758,HRANA
BOMBONJERA BAJADERA VREĆICA 150g,90049016,BAJADERA,0.15 kg,ko,6.29,41.93,,4.72,6.29,3850102007929,HRANA
ČAJNA KOBASICA MAXI 650g PODRAVKA,90051583,PODRAVKA,0.65 kg,ko,10.69,16.45,,8.79,8.79,3858886467069,HRANA
PANONA SALAMA S PAPRIKOM MA PIK,90054782,PIK VRBOVEC,1.00 kg,kg,,16.99,16.99,16.99,21.99,3850139011036,HRANA
DEO GARNIER INVISIBLE BWC 150ml,90056544,GARNIER,0.15 l,ko,,24.6,3.69,4.59,4.99,3600541253704,KOZMETIKA
KAŠ INST ČOKOLINO FIT 400g,90063366,LINO,0.40 kg,ko,4.99,12.48,,3.49,4.99,3850104263682,HRANA
VANISH OXI SPRAY 500ml,90063663,VANISH,0.50 l,ko,7.79,15.58,,6.23,7.79,5997321744674,SREDSTVA ZA ČIŠĆENJE
OCAT K PLUS VINSKI 1L,90063885,K PLUS,1.00 l,ko,1.05,1.05,,1.05,1.05,3850334343963,HRANA
JUHA OKUSA PILETINA 5/1 INDOMIE 350g,90064254,INDOMIE,0.35 kg,ko,,4.54,1.59,1.59,2.25,0089686170115,HRANA
ČAJNA KOBASICA 300g PODRAVKA,90066781,PODRAVKA,0.30 kg,ko,5.99,19.97,,5.99,5.99,3858886466260,HRANA
KEKS BEBIVITA 180g,90074092,BEBIVITA,0.18 kg,ko,2.15,11.94,,2.15,2.15,4018852033943,HRANA
MAST ORIGINAL PAVLOVIĆEVA 100g,90074146,PAVLOVIĆEVA MAST,0.10 kg,ko,6.89,68.9,,6.89,6.89,8600101567468,KOZMETIKA
POSLAST BEEF STICK ZA PSE GOV 12g VK,90082251,VITAKRAFT,0.01 kg,ko,0.75,62.5,,0.75,0.75,4008239265005,PROIZVODI ZA KUĆANSTVO
TIJESTO ISTAR LAZ ŠPAR 250g KLARA,90083691,KLARA M,0.25 kg,ko,2.79,11.16,,2.79,2.79,3859888499881,HRANA
INSTANT JACOBS CREMA 100g,90089775,JACOBS,0.10 kg,ko,7.49,74.9,,5.69,7.49,8711000521137,HRANA
KREMA LOREAL AGE SPEC 55+ NOĆ 50ML,90089984,LOREAL,0.05 l,ko,9.99,199.8,,9.39,9.99,3600523458400,KOZMETIKA
JOGURT CRNI RIBIZ CIMET 150g DUKATOS,90092412,DUKATOS,0.15 kg,ko,0.99,6.6,,0.89,0.99,3850354010920,HRANA
HIG UL LIBRESSE CLASSIC NORM 20/1,90093297,LIBRESSE,20.00 ko,ko,1.55,0.08,,1.55,1.55,7322540063547,TOALETNE POTREPŠTINE
VINO SHIRAZ 0.75L JP CHENET,90099234,JP CHENET,0.75 l,ko,5.85,7.8,,5.85,5.85,3263289998711,PIĆE
HIG UL NATURELLA CLASS SUP DUO 16/1,90110025,NATURELLA,16.00 ko,ko,2.39,0.15,,2.39,2.39,4015400318026,TOALETNE POTREPŠTINE
ŠEĆER LIMUN DOLCELA 10g 3PAK    ,90114752,DOLCELA,0.01 kg,ko,0.89,89,,0.69,0.69,3850104272103,HRANA
CASALI RUM KOKOS 0.5L VALENTIĆ,90115054,CASALI,0.50 l,ko,20.35,40.7,,20.35,20.35,9120050280816,PIĆE
ČOKOLADA MILKA OREO 300g,90130183,MILKA,0.30 kg,ko,5.99,19.97,,3.99,5.99,7622210384362,HRANA
BOMBONI HERBA ORIGINAL 48g,90136857,ŠUMI,0.05 kg,ko,0.95,19.79,,0.95,0.95,3838700040647,HRANA
SAPUN TEK DAISY ALOE VERA 500ml,90140405,DAISY,0.50 l,ko,0.89,1.78,,0.89,0.89,3850334406200,KOZMETIKA
KOKOT I SVJ LIBURNIJA,90150697,,1.00 kg,kg,12.69,12.69,,7.61,12.69,,HRANA
LIGNJA KOLUTIĆI,90157531,,1.00 kg,kg,9.09,9.09,,5.45,9.09,,HRANA
JOGURT K PLUS  TEK 180G 2.8%,90182933,K PLUS,0.18 kg,ko,0.37,2.06,,0.37,0.37,3850334388100,HRANA
DR BECKM SREDSTVO ZA ČIŠ TEPIHA 650ml,90184572,BECKMANN,0.65 l,ko,5.39,8.29,,3.77,5.39,4008455572017,SREDSTVA ZA ČIŠĆENJE
MLIJEKO K PLUS 6X1L 2.8%,90185838,K PLUS,6.00 l,ko,4.32,0.72,,4.32,4.32,3850334547736,HRANA
PEL VIOLETA AD JUNIOR 5 11-25kg 52/1,90193872,VIOLETA,52.00 ko,ko,,0.23,11.99,11.99,15.6,3870128010291,TOALETNE POTREPŠTINE
ČAJ KOPRIVA EKO 40g DARVITALIS,90203232,DARVITALIS,0.04 kg,ko,3.95,98.75,,3.95,3.95,3858890830484,HRANA
PLATA KONZUM 8 OSOBA,90204736,,0.83 kg,ko,19.91,23.89,,19.91,19.91,,HRANA
ČAJ ŠUMSKO VOĆE 20X3g NATURAVITA,90212919,NATURAVITA,0.04 kg,ko,1.99,49.75,,1.99,1.99,3858884090573,HRANA
GEL TUŠ NIVEA FOR MEN ENERGY 500ml,90235097,NIVEA,0.50 l,ko,6.69,13.38,,2.99,6.69,4005900047700,KOZMETIKA
BOJA LOREAL CAST CREME GLOSS 780,90235533,LOREAL CASTING CREME GLOSS,1.00 ko,ko,7.99,7.99,,7.79,7.99,3600523281817,KOZMETIKA
KEKS TARALLUCI 350g BARILLA,90295504,BARILLA,0.35 kg,ko,2.89,8.26,,2.17,2.89,8076809572828,HRANA
JUN SL I LEĐA SK BB JUNICA ,90296237,,1.00 kg,kg,14.99,14.99,,14.99,14.99,3850139422764,HRANA
ČOKOL MILKA CIJELI LJEŠ 270G,90297962,MILKA,0.27 kg,ko,6.79,25.15,,3.99,3.99,7622210702555,HRANA
SRED VIKING ODČEPLJIVAČ GRANULE 2x75g,90303767,VIKING,0.15 kg,ko,1.99,13.27,,1.49,1.99,8692900632010,SREDSTVA ZA ČIŠĆENJE
KRUH VITAL BEZ GLUTENA 300g RAZVO,90307074,MOJE MALO ZLATO,0.30 kg,ko,,13.3,3.99,4.89,4.89,3859893064340,HRANA
SIR MEKI PLAVA PL EUROSER,90301330,FRENCHI,1.00 kg,kg,16.99,16.99,,16.99,16.99,,HRANA
MELANSANA 200g SANA,90311617,SANA,0.20 kg,ko,3.45,17.25,,3.45,3.45,3859892873219,HRANA
LEDENI ČAJ BRESKVA 0.5L FUZETEA,90311875,FUZETEA,0.50 l,ko,1.25,2.5,,1.25,1.25,5449000239204,PIĆE
GIN BEEFEATER PINK 0.7l,90330864,BEEFEATER,0.75 l,ko,22.05,29.4,,22.05,22.05,5000299605950,PIĆE
SUŠENA POSLASTICA - GOV KOŽA VON BARF 130g,90335103,VON BARF,0.13 kg,ko,5.99,46.08,,4.79,5.99,3859893426117,PROIZVODI ZA KUĆANSTVO
PRAŠAK BULK GAINER 2.5kg  VANILLA,90346474,POLLEO,2.50 kg,ko,39.99,16,,39.99,39.99,3858892293621,HRANA
NAPITAK PROCARNI-X LIQUID 50.000 0.5L,90348968,POLLEO,0.50 l,ko,19.99,39.98,,19.99,19.99,3858892290057,PIĆE
MORSKI PAS CIJELI SVJ MEDUZA,90356781,MEDUZA,1.00 kg,kg,10.39,10.39,,6.23,10.39,,HRANA
MLIJEKO ZAMJ NAN OPTIPRO 2 800g,90360950,NAN,0.80 kg,ko,,19.99,15.99,19.99,19.99,7613034089984,HRANA
ČEŠNJOVKA DOMAĆA SUHA RFZ,90151795,MM,1.00 kg,kg,16.99,16.99,,16.99,16.99,3859893326462,HRANA
DESERT BANANKO MINI 120G  KRAŠ,90161765,BANANKO,0.12 kg,ko,1.75,14.58,,1.75,1.75,3850102126552,HRANA
TELEĆE HRENOVKE MAP RFZ,90167695,MM,1.00 kg,kg,14.99,14.99,,14.99,14.99,3859893850431,HRANA
PAPRIKA DIMLJ SLATKA MLJ 70g VEGETA MAESTRO,90185770,VEGETA MAESTRO,0.07 kg,ko,,12.71,0.89,1.49,1.49,3850104280894,HRANA
ŠTUKA KUPA,90206747,,1.00 kg,kg,7.69,7.69,,4.61,7.69,,HRANA
KAŠA ZOB ŠLJIVA 65g DOBRA,90231264,DOBRA,0.07 kg,ko,0.99,15.23,,0.99,0.99,8595054904227,HRANA
PERMETAL ODMAŠČIVAĆ 650ml,90258370,PERMETAL,0.65 l,ko,3.45,5.31,,2.76,3.45,3850111753848,SREDSTVA ZA ČIŠĆENJE
VREĆA SMEĆE PEHD 25L 30/1 MIRIS OPTIPLAST,90266011,OPTIPLAST,30.03 ko,ko,1.39,0.05,,1.39,1.39,3858891880129,PROIZVODI ZA KUĆANSTVO
DEO SPRAY Ž NIVEA B&W FRESH 150ml,90281435,NIVEA,0.15 l,ko,,26.6,3.99,3.99,3.99,9005800280400,KOZMETIKA
NAMAZ HUMMUS NATURAL 200g RIBELLA,90290968,RIBELLA,0.20 kg,ko,2.25,11.25,,1.99,2.25,8606011898852,HRANA
PUDING VANILIJA BG 38g DR OETKER,90301267,DR OETKER,0.04 kg,ko,1.1,28.95,,1.1,1.1,5997381360586,HRANA
ČISTAČ POS VILEDA PURAC COL 4/1,90303213,VILEDA,4.00 ko,ko,3.39,0.85,,2.37,3.39,4023103208049,PROIZVODI ZA KUĆANSTVO
VINO ARABELLA MERLOT 0.75L,90307144,ARABELLA,0.75 l,ko,5,6.67,,5,5,6009816930192,PIĆE
VRUĆA ČOKOLADA HOT CHOC 25g ANAMARIA,90308391,ANAMARIA,0.03 kg,ko,0.55,22,,0.55,0.55,3858881773653,HRANA
GAZ PIĆE COCKTA ORIGINAL 1.5L,90310493,COCKTA,1.50 l,ko,1.79,1.19,,1.45,1.45,3838471032537,PIĆE
NAPOLITANKE CREME 187g JAFFA,90335033,JAFFA,0.19 kg,ko,1.69,9.04,,1.35,1.69,8600114005841,HRANA
NAPOLITANKE ŠLAG ČOKOLADA 187g JAFFA,90335040,JAFFA,0.19 kg,ko,1.69,9.04,,1.35,1.69,8600114006626,HRANA
OKRUGLICE NOUGAT MILK 500g LEDO,90335076,LEDO,0.50 kg,ko,2.99,5.98,,2.99,2.99,3850116008240,HRANA
PEL PAMPERS AB MAXIPACK S6 48/1,90335553,PAMPERS,48.01 ko,ko,14.4,0.3,,14.4,14.4,8001090949219,TOALETNE POTREPŠTINE
ULJE MASLINOVO EX DJEV 0.5L FARCHIONI,90339729,FARCHIONI,0.50 l,ko,6.49,12.98,,6.49,7.49,8007153005427,HRANA
MED BAGREM HR 700g PIP,90341523,PIP,0.70 kg,ko,10.99,15.7,,10.99,10.99,3858886102908,HRANA
PROIZ BILJ BAZ OKUS CHEDDAR 250g,90342083,GREEN VIE,0.25 kg,ko,2.45,9.8,,2.45,2.45,5292874000155,HRANA
BISKVIT MILKA TENDER COW 140g,90361895,MILKA,0.14 kg,ko,3.39,24.21,,2.37,3.39,7622210590664,HRANA
MASKA EVELINE HYDRA 2X5ml,90362452,EVELINE,1.00 ko,ko,,0.89,0.89,1.19,1.19,5901761963137,KOZMETIKA
SRED ZA POD VIOLETA PASSION FLOWER 1L,90362807,VIOLETA,1.00 l,ko,2.98,2.98,,1.69,1.69,3870128017238,SREDSTVA ZA ČIŠĆENJE
GAZ PIĆE COCKTA FREE 0.5L,90362850,COCKTA,0.50 l,ko,1.15,2.3,,1.15,1.15,3838471037051,PIĆE
NEKTAR VINDI MULTIVITAMIN 1L ČEP,90366126,VINDI,1.00 l,ko,1.59,1.59,,1.59,1.59,3850108071238,PIĆE
GEL TUŠ FA DIVINE MOMENTS 400ml,90377596,FA,0.40 l,ko,,6.38,2.55,2.55,3.99,9000101054941,KOZMETIKA
PIVO PILSNER URQUELL 4X0.5L LIM,90380739,ASAHI,2.00 l,ko,6.15,3.08,,6.15,6.15,8594404005409,PIĆE
DET LIKVI BALS 2IN1 CAMOMILLE 450ml,90382661,LIKVI,0.45 l,ko,1.39,3.09,,1.39,1.39,3850105170637,SREDSTVA ZA ČIŠĆENJE
VREĆA SMEĆE FINO BOJA 35L 30/1,90388424,FINO,30.00 ko,ko,2.39,0.08,,1.91,1.91,5201314579038,PROIZVODI ZA KUĆANSTVO
KEKS OREO GOLDEN 154g,90402293,OREO,0.15 kg,ko,,10.32,1.59,1.59,2.19,7622210584519,HRANA
VOĆNI NAMAZ OD ARONIJE 300gr BOKUN,90403913,BOKUN,0.30 kg,ko,4.19,13.97,,4.19,4.19,3859891224838,HRANA
ORAH JEZGRA 500g,90405745,EUROCOMPANY,0.50 kg,ko,5.49,10.98,,3.49,3.49,3859890630579,HRANA
PILEĆI FILE 550g AIA,90410124,AIA,0.55 kg,ko,5.89,10.71,,5.89,5.89,8008110003036,HRANA
TJESTENINA U VREĆICI POVRĆE 59.2g MAGGI,90412438,MAGGI,0.06 kg,ko,,7.63,0.45,0.55,0.79,5201219488787,HRANA
NAPITAK BAZGA KAPRONCA 290ml,90433193,KAPRONCA,0.29 l,ko,1.75,6.04,,1.75,1.75,3859892896263,PIĆE
NAPITAK MALINA KAPRONCA 290ml,90433195,KAPRONCA,0.29 l,ko,1.75,6.04,,1.75,1.75,3859892896270,PIĆE
LJEŠNJAK JEZGRA GARDEN GOOD 180g,90493321,GARDEN GOOD,0.18 kg,ko,2.99,16.61,,2.99,2.99,3838900958452,HRANA
ORAŠASTO SUHO VOĆE G GOOD MIX 180g,90493323,GARDEN GOOD,0.18 kg,ko,2.25,12.5,,1.59,2.19,3838900958520,HRANA
SLADILO ERITRIT 200g DR OETKER,90494638,DR OETKER,0.20 kg,ko,4.29,21.45,,4.29,4.29,5997381369619,HRANA
PIĆE GAZ INKA TONIC WATER 1.5L PET,90528143,INKA,1.50 l,ko,,0.99,1.49,1.45,1.79,3856022301932,PIĆE
KEKS MOTO KAKAO 96g,90568779,MOTO,0.10 kg,ko,1.19,12.4,,1.19,1.19,3850102522842,HRANA
SPUŽVA KUHINJSKA PROFILNA PREM FINO 2+1,90570358,FINO,1.00 ko,ko,1.99,1.99,,1.99,1.99,8606013476607,PROIZVODI ZA KUĆANSTVO
OCAT JABUČNI 0.5 L VRBANEK,90572591,VRBANEK,0.50 l,ko,1.72,3.44,,1.72,1.72,3859891209224,HRANA
WANPY CAT SUŠENA PAČETINA 80g,90572822,WANPY,0.08 kg,ko,2.99,37.38,,2.09,2.99,6927749811466,PROIZVODI ZA KUĆANSTVO
PEKMEZ ŠLJIVA 660g PODRAVKA,90572867,PODRAVKA,0.66 kg,ko,4.49,6.8,,4.49,4.49,3856020252847,HRANA
PAHULJICE LUMPI CHOCO RICE 250g,90593648,LUMPI,0.25 kg,ko,1.06,4.24,,1.06,1.06,3850334009319,HRANA
BOJA EXCELL 5 UNIV LIGHT BROWN,90598224,LOREAL EXCELLANCE,1.00 ko,ko,,7.49,7.49,9.49,9.99,3600523998173,KOZMETIKA
DEO AXE M EPIC FRESH XXL 250ml,90598287,AXE,0.25 l,ko,6.49,25.96,,6.49,6.49,8720181192166,KOZMETIKA
SALV PALOMA BOUQ 40X40 2SL 20/1,90599740,PALOMA,20.00 ko,ko,3.95,0.2,,3.95,3.95,3838952028431,PROIZVODI ZA KUĆANSTVO
SPREJ NIV SUN PR&CAR DJ F50 270ml,90607812,NIVEA,0.27 l,ko,,64.74,17.48,24.99,24.99,4006000075433,KOZMETIKA
CORNFLAKES KELLOGGS 250g,90623286,KELLOGGS,0.25 kg,ko,3.79,15.16,,3.79,3.79,5053827111188,HRANA
TUNJ SALATA LEĆA 160g RIO MARE,90493649,RIO MARE,0.16 kg,ko,4.69,29.31,,2.15,4.69,8004030475021,HRANA
DATULJA GARDEN GOOD PREMIUM 180g,90514181,GARDEN GOOD,0.18 kg,ko,2.49,13.82,,1.85,2.49,3838900987865,HRANA
TJE REZAN GNJEZ DOM JAJ 250g ZLATOPOLJE,90571980,ZLATO POLJE,0.25 kg,ko,1.99,7.96,,0.99,0.99,3838700011463,HRANA
LECHAT EX. SM KITTEN 400g,90572758,LECHAT EXCELLENCE,0.40 kg,ko,3.69,9.23,,2.59,3.69,8009470060103,PROIZVODI ZA KUĆANSTVO
ČAJ METVICA 30g PODRAVKA,90572901,PODRAVKA,0.03 kg,ko,1.59,53,,1.59,1.59,3850104072598,HRANA
MLIJEKO TRAJNO 2.8% 1L DUKAT,90573683,DUKAT,1.00 l,ko,1.02,1.02,,0.94,0.94,3850354016830,HRANA
PUREĆE MESNE OKRUGLICE 420g,90623154,VINDON,0.42 kg,ko,5.29,12.6,,5.29,5.29,3850339413302,HRANA
ČAJ KAMILICA FILTAR 15/1,90623759,SUBAN,0.03 kg,ko,2.65,106,,2.45,2.65,3858882912525,HRANA
SALVETE PREMIUM BRESKVA 33X33 3SL 30/1,90632933,NATUR,1.00 ko,ko,1.06,1.06,,1.06,1.06,3850334017963,PROIZVODI ZA KUĆANSTVO
JUNEĆA LOPATICA BK LOVRIĆ,90648685,LOVRIĆ,1.00 kg,kg,11.59,11.59,,11.59,11.59,,HRANA
JANJETINA DOMAĆA LOVRIĆ,90648712,LOVRIĆ,1.00 kg,kg,17.99,17.99,,17.99,17.99,,HRANA
DET JAR ALL IN ONE LEMON 46 TAB,90662899,JAR ADW,46.02 ko,ko,21.59,0.47,,10.79,21.59,8006540749982,SREDSTVA ZA ČIŠĆENJE
VAFL KREM ŠTAPIĆI KAVA 200g LASTA,90662992,LASTA,0.20 kg,ko,2.39,11.95,,2.39,2.39,3870128033733,HRANA
DET JAR PLATINUM LIMUN 90TAB,90667737,JAR ADW,90.01 ko,ko,20.99,0.23,,20.99,20.99,8006540750469,SREDSTVA ZA ČIŠĆENJE
GRAŠAK-MRKVA 400g LEDO,90668439,LEDO,0.40 kg,ko,1.99,4.98,,1.59,1.99,3850116053370,HRANA
ŠPINAT BRIKET 650g LEDO,90668460,LEDO,0.65 kg,ko,,3.98,2.59,3.49,3.49,3850116053288,HRANA
ŠAMPON BOT THERA OAT 400 ML,90668992,BOTANIC THERAPY,0.40 l,ko,,8.48,3.39,4.59,4.59,3600542479912,KOZMETIKA
MICROGREENS 30 GRAMA,90669535,VEEMEE,0.03 kg,ko,1.59,53,,1.59,1.59,3859894055170,HRANA
MAJONEZA WASABI 85g ZVIJEZDA,90673896,ZVIJEZDA,0.09 kg,ko,1.15,13.53,,0.85,0.85,3856015326621,HRANA
LEĆA GARDEN GOOD 240g,90682707,GARDEN GOOD,0.24 kg,ko,0.89,3.71,,0.89,0.89,3850334028327,HRANA
VL MARAMICE BIOLLY 72/1,90692768,BIOLLY,72.05 ko,ko,0.79,0.01,,0.79,0.79,8683092838496,TOALETNE POTREPŠTINE
NEG PIĆE FRUCTAL CLASSIC JABUKA 2L,90698021,FRUCTAL,2.00 l,ko,2.19,1.1,,1.45,2.19,3838945041027,PIĆE
BISKVIT SUNNY KAKAO 200g 8/1,90702782,SUNNY,0.20 kg,ko,1.45,7.25,,1.45,1.45,3850334043931,HRANA
GRIZ HIGH PROTEIN 95g DR OETKER,90703431,DR OETKER,0.10 kg,ko,2.59,27.26,,2.59,2.59,4000521029500,HRANA
VINO PROŠEK PROŠPER PALIHNIĆ 0.75L,90704037,VINA PALIHNIĆ,0.75 l,ko,8.59,11.45,,8.29,8.29,3859892911294,PIĆE
KH-7 DRVO KOŽA 750ml,90706182,KH-7,0.75 l,ko,5.45,7.27,,4.36,5.45,8420822131423,SREDSTVA ZA ČIŠĆENJE
KAVA ESPRES ZRNO SUPERIORE 500g FRAN,90707108,FRANCK,0.50 kg,ko,18.69,37.38,,18.69,18.69,3850291054025,HRANA
ŠUNKA PROSCIUTTO COTTO 100g NAR PAOLO,90713091,ROVAGNATI,0.10 kg,ko,2.99,29.9,,2.39,2.99,8007141501610,HRANA
KEFIR 3.5% M.M. 1kg KRAVICA,90713390,KRAVICA KRALJICA,1.00 kg,ko,2.29,2.29,,2.29,2.29,3856015328915,HRANA
MILKSHAKE VANILIJA MINUTE 230ml,90731516,MINUTE,0.23 l,ko,1.49,6.48,,1.49,1.49,3838900829349,HRANA
ORADA 200-300g TOTAL FISH ,90732627,TOTAL FISH,1.00 kg,kg,10.49,10.49,,6.29,10.49,,HRANA
NJOKI RAJČ&MOZZAREL 500g PATAGNOC,90733474,PATAGNOCCO,0.50 kg,ko,2.79,5.58,,2.79,2.79,8015057004774,HRANA
MIX ARABESCA 3U1 CLASSIC 10/1 165g,90733615,ARABESCA,0.17 kg,ko,3.29,19.94,,3.29,3.29,3858886804277,HRANA
RAJČICA PASIRANA GARDEN GOOD 500g,90734972,GARDEN GOOD,0.50 kg,ko,0.99,1.98,,0.99,0.99,3850334070913,HRANA
OM SILAN FRANGIPANI 1.1L,90744916,SILAN,1.10 l,ko,,2.54,2.79,2.79,2.79,9000101584080,SREDSTVA ZA ČIŠĆENJE
TUNJ KOMADIĆI EVA 100g/70g,90745215,EVA,0.07 kg,ko,2.79,39.86,,2.79,2.79,3856020263188,HRANA
KAVA INSTANT LIM INTENSO 95 g ILLY,90749740,ILLY,0.10 kg,ko,9.99,105.16,,9.99,9.99,8003753144313,HRANA
KAVA GOLD DELIZIA MLJEV 250 g HAUSBRANDT,90750675,HAUSBRANDT,0.25 kg,ko,4.89,19.56,,4.89,4.89,8006980154759,HRANA
DŽEM MARELICA SQUEEZE 330 g PODRAVKA,90750763,PODRAVKA,0.33 kg,ko,2.89,8.76,,2.89,2.89,3856020270124,HRANA
SKUŠA OČIŠĆENA MEDUZA,90751049,MEDUZA,1.00 kg,kg,7.49,7.49,,4.49,7.49,,HRANA
LIKER PELINKOVAC 500ml AL KAPRONE,90751071,AL KAPRONE,0.50 l,ko,15.09,30.18,,15.09,15.09,3859892356439,PIĆE
PIVO STAROČEŠKO 2L PET,90755054,STAROČEŠKO,2.00 l,ko,3.25,1.63,,3.25,3.25,3859893750717,PIĆE
TRAKICE ZA IZBJ ZUBI BLANX O3X 10/1,90759699,BLANX,1.00 ko,ko,,11.39,11.39,11.39,18.99,8017331065587,KOZMETIKA
BISKVIT ČOK KOKOS 8/1 200 g MR BROWNIE,90764682,MR BROWNIE,0.20 kg,ko,3.29,16.45,,2.63,3.29,8411037892315,HRANA
CHILLY PROTECT MARAMICE 12/1,90769707,CHILLY,12.00 ko,ko,2.99,0.25,,2.99,2.99,8002410034493,TOALETNE POTREPŠTINE
UMAK BBQ BLAGI 300 g ZVIJEZDA,90770113,ZVIJEZDA,0.30 kg,ko,2.49,8.3,,2.49,2.49,3856015328175,HRANA
ČOKOLADA ZA KUH DESSERT BIJELA 170 g ,90770367,NESTLE,0.17 kg,ko,5.49,32.29,,3.49,5.49,8445290908087,HRANA
BOMBONI GUMENI MEDVJEDIĆI 100 g PIONIR,90770506,PIONIR,0.10 kg,ko,1.55,15.5,,1.55,1.55,8602300244249,HRANA
PEDIGREE SP ADULT GOVED POVR 500 g,90774864,PEDIGREE,0.50 kg,ko,2.99,5.98,,2.99,2.99,5900951310706,PROIZVODI ZA KUĆANSTVO
UMAK HRUSTY SALSA MILD DIP 300g,90784738,HRUSTY,0.30 kg,ko,1.49,4.97,,1.49,1.49,3850334113788,HRANA
MLIJEKO L'ANGELICA SPF50+ 200 ml SPREJ,90784777,L ANGELICA,0.20 l,ko,17.99,89.95,,17.99,17.99,8017331098073,KOZMETIKA
JUNEĆA SLABINA I LEĐA BB FIVAS,90795045,FIVAS,1.00 kg,kg,8.49,8.49,,8.49,8.49,,HRANA
KAVA LEDENA ALPRO BADEM 250 ml,90795222,ALPRO,0.25 l,ko,2.49,9.96,,2.49,2.49,5411188138853,HRANA
CILLIT L&R ODSTR KAM HRĐA 700ml,90706024,CILLIT,0.70 l,ko,6.49,9.27,,6.49,6.49,5999109510945,SREDSTVA ZA ČIŠĆENJE
KAVA CLAS ESP NS 10/1 57g LAVAZZA,90725313,LAVAZZA,0.06 kg,ko,5.59,98.07,,5.59,5.59,8000070053625,HRANA
KRUH PROTEINSKI 250g ACTIVE ZONE,90731249,ACTIVE ZONE,0.25 kg,ko,1.79,7.16,,1.79,1.79,3850334053800,HRANA
SALSA UMAK 350g TOMAŠEC,90731311,OPG TOMAŠEC,0.35 kg,ko,4.59,13.11,,4.59,4.59,3850334073853,HRANA
SALATA LIGNJE S KAPAR 180g TRENT,90734969,TRENTON,0.18 kg,ko,3.69,20.5,,3.69,3.69,3859888906150,HRANA
KREMA ZA RUKE OLEA KAMILICA 100ml,90735100,OLEA,0.10 l,ko,1.19,11.9,,1.19,1.19,3850334100146,KOZMETIKA
SLAD MACHO ČOKOLADA 370 ml,90764884,MACHO,0.37 l,ko,3.99,10.78,,3.99,3.99,3850116063997,HRANA
SLAD HAAGEN DAZS MACARON ČOKO 420ml,90764927,HAAGEN DAZS,0.36 l,ko,7.49,20.6,,7.49,7.49,3415583000830,HRANA
UMAK TERIYAKI 183ml MAGGI,90769812,MAGGI,0.18 kg,ko,,16.34,2.99,3.99,3.99,8445291156647,HRANA
VARIVO GRAH JEČAM 106g PODRAVKA,90770361,PODRAVKA,0.11 kg,ko,2.29,21.6,,2.29,2.29,3856020269227,HRANA
PAPAR CRNI MLJEVENI 100 g SPICE CHEF,90770545,SPICE CHEF,0.10 kg,ko,1.29,12.9,,0.9,0.9,3850334100825,HRANA
DET PERWOLL BLOSSOM 2X3l,90771234,PERWOLL,6.00 l,ko,19.99,3.33,,19.99,19.99,9000101818192,SREDSTVA ZA ČIŠĆENJE
ŠAMPON PANTENE MIRAC REPAIR 250 ml,90771260,PANTENE,0.25 l,ko,4,16,,4,4,8700216323598,KOZMETIKA
GEL TUŠ AXE JUNGLE FRESH 250 ml,90774667,AXE,0.25 l,ko,,10.76,2.69,2.99,2.99,8720181442896,KOZMETIKA
ZP COLGATE PROPOLIS 2X75 ml,90775125,COLGATE,0.15 l,ko,3.39,22.61,,2.35,3.39,6920354837418,KOZMETIKA
SOK MACE ĐUMBIR JABUKA 250ml,90642792,MACE,0.25 l,ko,1.89,7.56,,1.89,1.89,8032523373042,PIĆE
DEO NIVEA Ž FRESH SENS 150ml,90699005,NIVEA,0.15 l,ko,,26.6,3.99,3.99,3.99,9005800365749,KOZMETIKA
DEO REXONA W SEXY BOUQUET 200ml,90702711,REXONA,0.20 l,ko,6.49,32.45,,4.79,6.49,8720181334719,KOZMETIKA
ŠAMPON BOTAN THER MAGNET CHAR 400ml,90702772,BOTANIC THERAPY,0.40 l,ko,,7.98,3.19,4.59,4.59,3600542512374,KOZMETIKA
PATRONE GILL FUSION 12/1,90703269,GILLETTE,12.00 ko,ko,51.09,4.26,,51.09,51.09,7702018441075,KOZMETIKA
SALAMA DIVLJA SVINJA 80g HISTRIS,90704268,HISTRIS,0.08 kg,ko,3.29,41.13,,3.29,3.29,3859893167096,HRANA
UMAK RAJČICA I MASLINE 400g MUTTI ,90704967,MUTTI,0.40 kg,ko,2.99,7.48,,2.99,2.99,8005110516009,HRANA
ČIPS PRINGLES PAPRIKA CLASSIC 165g,90705161,PRINGLES,0.17 kg,ko,,11.45,1.89,3.49,3.49,5053990162413,HRANA
SJEMENKE SLAN PRŽ BUND OLJUŠ 70g MOGY,90706555,MOGYI,0.07 kg,ko,1.63,23.29,,1.22,1.63,5997347541608,HRANA
MARMELADA AFR SUN 150ml,90707142,AFRODITA,0.15 l,ko,20,133.33,,3,20,3831070660477,KOZMETIKA
PLOČICA KIKIR MED 50g NUTTY ,90708070,NUTTY,0.05 kg,ko,2.15,43,,2.15,2.15,3857500109606,HRANA
INSTANT NESCAFE CREMA SENS ST 190g+30g,90713753,NESCAFE,0.19 kg,ko,11.29,59.42,,7.29,11.29,8445290071026,HRANA
SIR OVIDUR 280g VINDIJA,90719914,VINDIJA,0.28 kg,ko,8.79,31.39,,8.79,8.79,3850108052855,HRANA
SIR POLUTV GOUDA cca 3kg LANA MILK,90725801,LANA MILK,1.00 kg,kg,6.49,6.49,,0.1,0.1,,HRANA
KREKER KUKURUZ SA SOLI 100g NATUREL,90726183,NATUREL,0.10 kg,ko,1.89,18.9,,1.89,1.89,3858889366260,HRANA
BOJA EXCELLENCE 6.41 NAT HAZELNUT,90729882,LOREAL EXCELLANCE,1.00 ko,ko,,6.69,6.69,8.59,8.99,3600524143596,KOZMETIKA
ČETKICA HUMBLE SENSITIVE 2PACK,90730213,HUMBLE,2.00 ko,ko,3.99,2,,3.99,3.99,7350075693809,KOZMETIKA
ČOK TAMNA S VIŠNJOM 75g VRSNA,90731073,HRVATSKI VEZ,0.08 kg,ko,5.29,70.53,,5.29,5.29,3858892255810,HRANA
BOMBON JUICY DROP EXTREME 57g BAZOOKA,90731677,BAZOOKA,0.06 kg,ko,2.99,52.46,,2.99,2.99,5011053025129,HRANA
SOK 100% VINDI JABUKA 2L,90732828,VINDI,2.00 l,ko,2.99,1.5,,2.99,2.99,3850108076240,PIĆE
VRHNJE ZA KUH 200ml BEZ LAKT Z BR,90732931,Z BREGOV,0.20 l,ko,1.49,7.45,,1.25,1.49,3850108033489,HRANA
LIZALICE COCTAIL MIX 48/1 920g ROSHEN,90739686,ROSHEN,0.92 kg,ko,5.99,6.51,,5.99,5.99,4823077630743,HRANA
DET PERSIL UNIVERSAL 2.2kg=40PR,90744978,PERSIL,2.20 kg,ko,,4.54,9.99,9.99,9.99,9000101804898,SREDSTVA ZA ČIŠĆENJE
KIKIRIKI HRUSTY PRŽENI SLANI 200 g,90749946,HRUSTY,0.20 kg,ko,1.39,6.95,,1.39,1.39,3850334415158,HRANA
SIR POLUTV MOZZARELLA 300g ZDENKA,90759894,ZDENKA,0.30 kg,ko,4.29,14.3,,3.49,4.29,3858888599454,HRANA
JOGURT LAG JUTRO JAGODA 330g DUKAT,90764662,LAGANO JUTRO,0.33 kg,ko,1.59,4.82,,1.59,1.59,3850354018209,HRANA
GEL TUŠ J&J ADULT BADEM JASM 750 ml,90765139,J&J,0.75 l,ko,,6.5,4.89,6.99,6.99,3574661384887,KOZMETIKA
RAJČICA KONCENTRAT ST 210g PODRAVKA,90770346,PODRAVKA,0.21 kg,ko,2.29,10.9,,2.29,2.29,3856020269135,HRANA
KULEN PREMIUM PIVAC,90770492,PIVAC,1.00 kg,kg,24.99,24.99,,24.99,24.99,3858884997865,HRANA
GEL TUŠ L'ANGELICA TON BOOST 500 ml,90774659,L ANGELICA,0.50 l,ko,3.25,6.5,,1.99,3.25,8017331096727,KOZMETIKA
NEG PIĆE COLA VIŠNJA YIPPY 0.33L PET,90784756,YIPPY,0.33 l,ko,1.39,4.21,,1.25,1.25,9008700230483,PIĆE
RUM BUMBU ORIGINAL 0.7 L,90784817,BUMBU,0.70 l,ko,40.05,57.21,,40.05,40.05,0813497006215,PIĆE
JUNEĆA LOPATICA BK FIVAS,90795044,FIVAS,1.00 kg,kg,10.49,10.49,,10.49,10.49,,HRANA
BISKVIT MUFFIN MRAMORNI 10/1 250 g,90800476,DELASHERAS,0.25 kg,ko,2.99,11.96,,2.99,2.99,8410722532505,HRANA
SHOT GINGER UP+ 60 ml IMMUNE BOOSTER,90819683,GINGER UP+,0.06 l,ko,2.95,48.35,,2.95,2.95,3830085720008,PIĆE
PRUTIĆ VOĆNI JABUKA BOROVNICA 35 g N.A,90825656,NATURE ADDICTS,0.04 kg,ko,1.69,48.29,,1.69,1.69,3609200010474,HRANA
LARDO 90 g NAR SPECIAL MOMENTS,90825709,SPECIAL MOMENTS,0.09 kg,ko,2.79,31,,2.49,2.79,3850334429131,HRANA
ČAJ ZELENI S LIMUNOM AHMAD 20X2g,04090855,AHMAD,0.04 kg,ko,3.45,86.25,,3.45,3.45,054881007535,HRANA
BOSILJAK VR 12g NADALINA,04101286,NADALINA,0.01 kg,ko,0.95,79.17,,0.95,0.95,3858881580282,HRANA
ŠEĆER SMEĐI DEMERARA 500g BILLINGTON,04120021,BILLINGTON,0.50 kg,ko,2.49,4.98,,2.49,2.49,5010651001115,HRANA
MED BAGREM 300g TUBA MEDO FLOR,04130127,MEDO FLOR,0.30 kg,ko,4.49,14.97,,4.49,4.49,3859888378889,HRANA
FLIPS BOBI 2X90g KAROLINA,04140940,BOBI,0.18 kg,ko,1.65,9.17,,1.65,1.65,3858891590325,HRANA
KEKS SPORT 300g KRAŠ,04141868,KRAŠ,0.30 kg,ko,1.99,6.63,,1.99,1.99,3850102310111,HRANA
MUESLI VIOLA 5 VRSTA VOĆA 1kg ENCIAN,04170366,VIOLA,1.00 kg,ko,7.69,7.69,,7.69,7.69,4000446017019,HRANA
KAŠICA FRUTEK BIO JAB BRES 190g,04170478,FRUTEK,0.19 kg,ko,,6.79,1.29,1.75,1.75,3838945016452,HRANA
KREMFIX 30g 3X10g DR OETKER,04180508,DR OETKER,0.03 kg,ko,1.19,39.67,,1.19,1.19,5997381321228,HRANA
ŠLAG KREMA ČOKOLADA 60g VREĆ PODRAVK,04183378,DOLCELA,0.06 kg,ko,1.49,24.83,,1.09,1.09,3850104216916,HRANA
TP VIOLETA COTTON 16/1 3SL,05081013,VIOLETA,16.00 ko,ko,6.63,0.41,,6.63,6.63,3859892288075,TOALETNE POTREPŠTINE
SPUŽVA POLLYF 1/1 10101 2017,05353736,POLLY FLEX,1.00 ko,ko,0.75,0.75,,0.75,0.75,3859888122017,PROIZVODI ZA KUĆANSTVO
GEL TUŠ NIVEA BC ENERGY M 250ML,06521379,NIVEA,0.25 l,ko,2.99,11.96,,1.89,2.99,4005808780723,KOZMETIKA
GEL TUŠ NIVEA BC CREM SOFT 250ml,06521380,NIVEA,0.25 l,ko,2.99,11.96,,1.89,2.99,9005800222882,KOZMETIKA
VOSAK TAFT EXP CREAT 75 2257,06540201,TAFT,0.08 l,ko,,58.53,4.39,4.39,5.49,40152257,KOZMETIKA
KREMA NIVEA VIS Q10 50ml DN 2875,06590152,NIVEA,0.05 l,ko,,254.4,12.72,18.19,18.19,9005800227238,KOZMETIKA
KREMA NIVEA 250ML       1053,06590226,NIVEA,0.25 l,ko,7.79,31.16,,5.89,7.79,4005808158041,KOZMETIKA
MLIJEKO DOVE ESSENT NOURISH 400ml,06592141,DOVE,0.40 l,ko,8.49,21.23,,8.49,8.49,8711600368804,KOZMETIKA
JOGURT NA BAZI KOK NAT 150g PLANTON,90705528,PLANTON,0.15 kg,ko,1.72,11.47,,1.72,1.72,5901104006262,HRANA
UMAK PESTO BADEM 130g RIO MARE,90706411,RIO MARE,0.13 kg,ko,4.49,34.54,,4.49,4.49,8004030506091,HRANA
PEL PAMPERS PREMIUM JP S1 72/1,90706566,PAMPERS,71.99 ko,ko,18.59,0.26,,18.59,18.59,8006540858073,TOALETNE POTREPŠTINE
ZOB KREKERI RAJČ/BOSILJ 55g ROW SPI,90707945,ROW SPIRIT,0.06 kg,ko,1.29,23.45,,1.29,1.29,3859894094070,HRANA
ZOBENI KREKERI SIR 55g  ROW SPIRIT,90707949,ROW SPIRIT,0.06 kg,ko,1.29,23.45,,1.29,1.29,3859894094094,HRANA
ZAČIN ZA ŠPAGETE BOLOGNESE 52g ALEVA,90732906,ALEVA,0.05 kg,ko,1.19,22.88,,1.19,1.19,8600947042228,HRANA
TUNA NAMAZ 100g ZVIJEZDA,90733003,ZVIJEZDA,0.10 kg,ko,1.99,19.9,,1.99,1.99,3856015329370,HRANA
SIR MEKI APETINA KOCK MASL I ČEŠNJ 100g,90733575,ARLA,0.10 kg,ko,2.29,22.9,,2.29,2.29,5760466799836,HRANA
MARIN PILE S BUČINIM SJEMENKAMA CCA1.6kg,90733825,MEĐIMURSKO PILE,1.00 kg,kg,4.99,4.99,,4.99,4.99,3850220408622,HRANA
MARELICA SUHA 300 grama,90745217,MARJAN VOĆE,0.30 kg,ko,,9.97,2.99,2.99,3.99,3858893921486,HRANA
NAMAZ PIC NIC I GRISSINI 100 g(2x50 g) ,90750435,PIC NIC BREAK,0.10 kg,ko,2.39,23.9,,2.39,2.39,8032880800496,HRANA
TP ZEWA DELUXE BIJELA 3SL 8/1,90750566,ZEWA,8.00 ko,ko,2.79,0.35,,2.79,2.79,7322541171739,TOALETNE POTREPŠTINE
KAŠA ZOB FUN&FIT MALINA 60 g,90750722,FUN&FIT,0.06 kg,ko,0.89,14.83,,0.89,0.89,8606015858098,HRANA
KOMPOT VIŠNJA 280g DOORA,90750986,DOORA,0.28 kg,ko,2.65,9.46,,2.65,2.65,3858894541652,HRANA
KOZICE S UMAKOM 230 g BLUE PLANET,90764935,BLUE PLANET,0.23 kg,ko,5.99,26.06,,5.99,5.99,8718858354849,HRANA
PROBITAS CR RIB BAN ACAI 330g KRAVICA,90765222,KRAVICA KRALJICA,0.33 kg,ko,1.75,5.3,,1.75,1.75,3856015330888,HRANA
JELLY OLIVAL SUN COCO 100 ml,90785101,OLIVAL,0.10 l,ko,,63.8,6.38,7.99,7.99,3858892695036,KOZMETIKA
NADSTOLNJAK PALOMA BOŽIĆ LEAVES 12 m,90800079,PALOMA,1.00 ko,ko,5.99,5.99,,5.99,5.99,3838952034579,PROIZVODI ZA KUĆANSTVO
PEKAN ORAH BIO 150 g NUTRIGOLD,90825214,NUTRIGOLD,0.15 kg,ko,4.19,27.93,,3.35,4.19,3858894431861,HRANA
TRETMAN SCHAUMA BOOSTER TONIC 200 ml,90825338,SCHAUMA,0.20 l,ko,,19.95,3.99,3.99,4.99,9000101738162,KOZMETIKA
MIN VODA RADENSKA MANGO LIMETA 1.5 L,90826310,RADENSKA,1.50 l,ko,1.29,0.86,,1.29,1.29,3830065021590,PIĆE
MRKVA BABY 250 g,90849805,ENNA FRUIT,0.25 kg,ko,1.25,5,,1.25,1.25,3856028689614,HRANA
GEL TUŠ BIOB BEES & GOATS 400 ml,90850177,BIOBAZA,0.40 l,ko,,10.28,4.11,5.49,5.49,3856020915872,KOZMETIKA
VINO GRAŠEVINA ŠOŠKIĆ 1 L,90874698,ŠOŠKIĆ,1.00 l,ko,7.49,7.49,,7.49,7.49,3859893712494,PIĆE
ŠAMPON SCHAUMA KIDS RASPBER 400 ml,90874919,SCHAUMA,0.40 l,ko,,9.98,3.99,4.99,4.99,9000101657593,KOZMETIKA
NAPITAK ZOB BARISTA EKO 500 ml BB,90875491,BOOM BOX,0.50 l,ko,1.99,3.98,,1.99,1.99,3856027801543,HRANA
DAGNJA DIMLJENA 120g/ 72 g BANGA,90886114,BANGA,0.07 kg,ko,2.99,41.53,,2.99,2.99,4751017402832,HRANA
LEDENI ČAJ BRESKVA 0.33 L,90889928,VINDI,0.33 l,ko,0.79,2.39,,0.79,0.79,3850108072297,PIĆE
NAPITAK ZOB BIO ACTIVE ZONE 1 l,90895351,ACTIVE ZONE,1.00 l,ko,1.15,1.15,,1.15,1.15,3850334433053,HRANA
PIRE VOĆ BERRY BLOSSOM 4X200 g NUTR,90904781,NUTRINO LAB,0.80 kg,ko,5.96,7.45,,5.96,5.96,8606019656201,HRANA
VINO GRAŠEVINA KV 1L KK ERDUT,03130558,ERDUTSKI VINOGRADI,1.00 l,ko,6.49,6.49,,6.49,6.49,3859889193566,PIĆE
TIJESTO LASAGNE JAJ 199 LC 500g BARI,04010012,BARILLA,0.50 kg,ko,4.35,8.7,,4.35,4.35,8076800376999,HRANA
SAKUPLJAČ VLAGE BISON REF NEUTR 450g,08030789,BISON,0.45 kg,ko,4.99,11.09,,4.99,4.99,8710439278964,SREDSTVA ZA ČIŠĆENJE
KREMA ZA BRIJANJE MAN MAX 100ml,90051022,MAN MAX,0.10 l,ko,1.05,10.5,,1.05,1.05,3850334327178,KOZMETIKA
LIKER OD VIŠNJE INCANTO 0.5L,90145415,INCANTO,0.50 l,ko,13.85,27.7,,13.85,13.85,3858891172422,PIĆE
SPREJ ZA MRLJE FROSCH BABY 300ML,90147767,FROSCH,0.30 l,ko,4.09,13.63,,4.09,4.09,4001499915222,SREDSTVA ZA ČIŠĆENJE
BRUSCHETTE SALAMI PEPPERONI 70g MARETTI,90152721,MARETTI,0.07 kg,ko,,10,0.7,0.7,0.95,3800205873358,HRANA
TIJESTO REZANCI PIR ZP 400g,90156735,ZLATO POLJE,0.40 kg,ko,2.69,6.73,,1.59,1.59,3838700016130,HRANA
RIŽA CARNAROLI 500g GALLO,90154520,RISO GALLO,0.50 kg,ko,3.99,7.98,,3.19,3.99,8001420001679,HRANA
LOSION OLDSP ORIGINAL 100ml,90158052,OLD SPICE,0.10 l,ko,8.49,84.9,,8.49,8.49,5011321772335,KOZMETIKA
ORADA FIORITAL,90161624,,1.00 kg,kg,8.09,8.09,,4.85,8.09,93856024301018,HRANA
PIVO LOWENBRAU 2.0L PET,90169747,LOWENBRAU,2.00 l,ko,2.69,1.35,,2.42,2.69,3850131004654,PIĆE
EVA SKUŠA FILETI MEDITERAN LIM 81G,90170080,EVA,0.08 kg,ko,3.29,40.62,,3.29,3.29,3850104275050,HRANA
DEO BIOBAZA SHEA BUTTER I JOJOBA 50ML,90172391,BIOBAZA,0.05 l,ko,,56.8,2.84,3.79,3.79,3859892638740,KOZMETIKA
GOLDEN DRAGON ROLL 199G GRUPO OHANA,90184019,AS SUSHI,0.20 kg,ko,8.61,43.27,,8.61,8.61,0604580003507,HRANA
TOST PROTEINSKI 260g MASTER,90188188,MASTERMACHER,0.26 kg,ko,3.99,15.35,,3.99,3.99,4000446016791,HRANA
TORTELLINI SA RIKOTOM I ŠPIN 250G RANA,90202038,RANA,0.25 kg,ko,2.99,11.96,,2.65,2.99,8001665713177,HRANA
AVOKADO READY TO EAT,90203087,,0.10 kg,ko,2.19,21.9,,1.99,1.99,8713807000938,HRANA
PODL ZA PRESVL LUMPI 60X60CM 10/1,90215258,LUMPI,10.00 ko,ko,,0.27,2.69,2.69,3.55,3850334563187,TOALETNE POTREPŠTINE
PUNJENA PAPRIKA 400G CARNEX,90220107,CARNEX,0.40 kg,ko,3.69,9.23,,3.69,3.69,8600012700428,HRANA
SMOOTHIE MINUTE JAB BAN MAN 250ml,90227739,MINUTE,0.25 l,ko,1.85,7.4,,1.85,1.85,3838900802861,PIĆE
PAPRIKA JALAPENO REZANE 400G PEPPADEW,90232975,PEPPADEW,0.20 kg,ko,3.59,17.95,,3.59,3.59,6007788005085,HRANA
GEL TUŠ MAN MAX FRESH 300ml,90235428,MAN MAX,0.30 l,ko,1.05,3.5,,1.05,1.05,3850334560636,KOZMETIKA
GEL TUŠ MAN MAX SPORT 300ml,90235440,MAN MAX,0.30 l,ko,1.05,3.5,,1.05,1.05,3850334560605,KOZMETIKA
BOMBON GUM PJEN KIKI MEDO 90g KRAŠ,90251387,KIKI,0.09 kg,ko,1.19,13.22,,0.89,1.19,3850102508921,HRANA
SPREJ LOREAL MR IZRAST SVIJETLO SMEĐA 75ML,90258682,LOREAL MAGIC RETOUCH,0.08 l,ko,7.49,99.87,,7.29,7.49,3600523192830,KOZMETIKA
KREMA EVEL NAT LINE RETIN+ALGE D/N 50ml,90260547,EVELINE,0.05 l,ko,,74.8,3.74,4.99,4.99,5901761912296,KOZMETIKA
PEDIGREE SP ADULT PIL POVRĆE 2.6KG,90270273,PEDIGREE,2.60 kg,ko,12.99,5,,9.69,12.99,5998749144961,PROIZVODI ZA KUĆANSTVO
WC DUCK 100% UNIS KAMENCA 750ML,90273293,DUCK,0.75 l,ko,3.29,4.39,,3.29,3.29,5000204545784,SREDSTVA ZA ČIŠĆENJE
CAPP FR BŠ 112g KUT,90281769,FRANCK,0.11 kg,ko,,29.37,3.29,3.29,3.89,3858881088382,HRANA
PAPRIKA LJUTA MLJ VR 100g VEGETA MAESTRO,90282094,VEGETA MAESTRO,0.10 kg,ko,,10.1,1.01,1.69,1.69,3850104294624,HRANA
RIŽA BASMATI KUT ZL POLJE 500g,90282431,ZLATO POLJE,0.50 kg,ko,3.59,7.18,,2.49,3.59,3838700540499,HRANA
PANTENE 3MM REPAIR&PROTECT 200ml,90298815,PANTENE,0.20 l,ko,2,10,,2,2,8001090373748,KOZMETIKA
KEKS PLAZMA MINI MINI 200g,90301853,BAMBI,0.20 kg,ko,2.25,11.25,,2.25,2.25,8600043022346,HRANA
ORAH MLJEVENI 200g NATURA,90301976,NATURA,0.20 kg,ko,2.89,14.45,,2.71,2.89,3859890587347,HRANA
REGEN BOTANIC THERAPY HONEY I PROP 200ml,90310858,BOTANIC THERAPY,0.20 l,ko,,13.45,2.69,3.59,3.59,3600542114127,KOZMETIKA
VRHNJE KISELO K PLUS 180g 20%,90311197,K PLUS,0.18 l,ko,,3.06,0.55,0.55,0.69,3850334352460,HRANA
BRUSCHETTE LUK I VRHNJE 70g MARETTI,90324729,MARETTI,0.07 kg,ko,,10,0.7,0.7,0.95,3800205877325,HRANA
TUBA VOĆNA HIPP BIO JABUKA MANGO BRES 100g,90331574,HIPP,0.10 kg,ko,1.35,13.5,,1.05,1.35,4062300262621,HRANA
Vino Vupik Vranac BiB 3L,90331922,VUPIK,3.00 l,ko,7.29,2.43,,7.29,7.29,3858882617109,PIĆE
SUŠENA POSLASTICA - GOV TRIPICE VON BARF 80g,90335093,VON BARF,0.08 kg,ko,4.49,56.13,,3.59,4.49,3859893426100,PROIZVODI ZA KUĆANSTVO
KREMA ZA RUKE NIV OLIVE 75ml,90341140,NIVEA,0.08 l,ko,,27.87,2.09,2.99,2.99,9005800302300,KOZMETIKA
RUMBAC SVJ FIORITAL,90341938,FIORITAL,1.00 kg,kg,2.39,2.39,,1.43,2.39,,HRANA
ULJE MASLIN EX DJEV 0.75L OL ISTRIA,90346266,OL ISTRIA,0.75 l,ko,20.49,27.32,,16.49,20.49,3858881192713,HRANA
PROTEIN 1ST WHEY 2.27kg COOKIES & CREAM,90346376,POLLEO,2.27 kg,ko,69.99,30.83,,69.99,69.99,3858892293447,HRANA
KEKS KOM ČOK BEZ ŠEĆERA 150g GULLON,90350960,GULLON,0.13 kg,ko,,14.32,1.79,2.09,2.99,8410376052893,HRANA
KEKSI ZOBENI S ČOKOL 350g BREDA I PITA,90355076,BREDA I PITA,0.35 kg,ko,5.04,14.4,,5.04,5.04,3857500074140,HRANA
PRONTO LEGNO PULITO CLASSIC 750ml,90356910,PRONTO,0.75 l,ko,5.49,7.32,,3.99,5.49,5000204604542,SREDSTVA ZA ČIŠĆENJE
PUDING VANILIJA 5x37g RUF,90360132,RUF,0.19 kg,ko,1.19,6.43,,1.19,1.19,40352015,HRANA
SLAD GELATISSIMO ČOKO ŠUM 1.65L,90360391,GELATISSIMO,1.65 l,ko,4.99,3.02,,3.99,4.99,3850334433824,HRANA
GAZ PIĆE FANTA ORANGE ZERO 2l,90361094,FANTA,2.00 l,ko,2.29,1.15,,2.29,2.29,5449000270023,PIĆE
PIVO SARAJEVSKO 0.5L LIM,90361529,SARAJEVSKO,0.50 l,ko,1.45,2.9,,1.45,1.45,3870028000767,PIĆE
KAVA DOLCE GUSTO MOKA 16/1 144g,90362770,DOLCE GUSTO,0.14 kg,ko,6.49,45.07,,5.29,6.49,7613035695610,HRANA
VANISH LIQ WHITE 1L,90362952,VANISH,1.00 l,ko,8.19,8.19,,6.55,8.19,5997321747750,SREDSTVA ZA ČIŠĆENJE
ČETKICA ELMEX UL SOFT 3/1,90363662,ELMEX,3.00 ko,ko,,2.96,8.89,8.91,11.89,8718951188075,KOZMETIKA
OCAT BALZAMSKI 5 GR 0.25L CREMONINI,90363691,CREMONINI,0.25 l,ko,8.5,34,,8.5,8.5,8033717730153,HRANA
NAMAZ VOĆ BOROV EKO 250g FIOR,90251842,FIOR DI FRUTTA,0.25 kg,ko,4.29,17.16,,4.29,4.29,8001505004137,HRANA
ŠAMPON NIVEA VOLUMEN CARE 400ml,90280347,NIVEA,0.40 l,ko,5.99,14.98,,5.99,5.99,9005800223490,KOZMETIKA
VODA ROMERQUELLE 0.5L,90290951,ROMERQUELLE,0.50 l,ko,0.95,1.9,,0.95,0.95,90311208,PIĆE
KUNJKA SVJEŽA MEDUZA,90293629,MEDUZA,1.00 kg,kg,17.59,17.59,,10.55,17.59,,HRANA
VINO POŠIP SKARAMUČA 0.75L,90295629,SKARAMUČA,0.75 l,ko,15.39,20.52,,15.39,15.39,3859888214309,PIĆE
PAŠTETA OD DIMLJENOG LOSOSA 165g,90303571,TRENTON,0.17 kg,ko,3.69,22.36,,2.77,3.69,3859893081187,HRANA
VODICA MICELARNA GARNIER BIFAZNA 100ml,90310796,GARNIER,0.10 l,ko,,26.9,2.69,3.59,3.59,3600542109734,KOZMETIKA
KREKER RIŽA SEZAM 100g NATUREL,90325997,NATUREL,0.10 kg,ko,1.89,18.9,,1.89,1.89,8606012163171,HRANA
TRILJA II SVJ LIBURNIJA,90339091,LIBURNIJA,1.00 kg,kg,4.09,4.09,,2.45,4.09,,HRANA
KREMA NIVEA SOOTHING 200ml,90341169,NIVEA,0.20 l,ko,,29.35,5.87,6.29,8.39,42360551,KOZMETIKA
ŠEĆERNA VUNA KANTICA FANTICA 20g,90346427,FANTASIA,0.02 kg,ko,1.72,86,,1.72,1.72,3859892573287,HRANA
PIVO PAN ZLATNI 2 L PET,90360967,PAN,2.00 l,ko,3.45,1.73,,3.45,3.45,3858887580675,PIĆE
ŠAMPON J&J BABY 300ml,90361013,J&J,0.30 l,ko,5.89,19.63,,5.89,5.89,3574669907538,KOZMETIKA
BRIJAČ VENUS3 SENS 3KOM,90362399,VENUS,3.00 ko,ko,,1.28,3.83,3.79,4.79,7702018487028,KOZMETIKA
MIX NES 3U1 SMEĐI ŠEĆER 16.5g,90364080,NESCAFE,0.02 kg,ko,0.35,21.21,,0.35,0.35,5941017016415,HRANA
SIR MEKI BURATA 150g GALBANI,90364836,GALBANI,0.15 kg,ko,3.99,26.6,,3.99,3.99,8000430138931,HRANA
LOLA BABY PAMUČNE BLAZINICE A50+10,90372982,LOLA,60.02 ko,ko,3.05,0.05,,2.39,3.05,3858881100411,TOALETNE POTREPŠTINE
FROSCH UNIVERZ LAVANDA 500ml,90382811,FROSCH,0.50 l,ko,3.05,6.1,,2.13,3.05,9001531914935,SREDSTVA ZA ČIŠĆENJE
NAPITAK NES XPRESS BLACK 250ml,90391134,NESCAFE,0.25 l,ko,2.05,8.2,,1.79,2.05,8445290619167,HRANA
FLASTER HANSAPLAST MARVEL 20/1,90402986,HANSAPLAST,20.00 ko,ko,2.89,0.14,,2.89,2.89,4005900717672,TOALETNE POTREPŠTINE
TIJESTO TORTIGLIONI N.46  500g AGNESI,90403768,AGNESI,0.50 kg,ko,1,2,,1,1,8001200045312,HRANA
KOBASICE SUHE ISTAR BOŠKARIN 167g BURETIĆ,90404116,BURETIĆ,0.17 kg,ko,8.29,49.64,,8.29,8.29,3859893159251,HRANA
ČOKOLINO BEZ GLUTENA 200g,90423587,LINO,0.20 kg,ko,2.99,14.95,,2.49,2.49,3856020240998,HRANA
PANIRANI PILEĆI CORDON BLEU 480g,90438157,CEKIN,0.48 kg,ko,5.15,10.73,,5.15,5.15,3850159141324,HRANA
RAJČICA SUŠENA REZANA 190g POLLI,90442823,POLLI,0.19 kg,ko,3.09,16.26,,3.09,3.09,8001310346118,HRANA
KEKS DVOSTR TAM VANIL 115g FREE ZONE,90477816,FREE ZONE,0.12 kg,ko,2.52,21.91,,2.52,2.52,3838900962459,HRANA
KREKER SEZAM XXL 180g ELEPHANT,90478180,ELEPHANT,0.18 kg,ko,1.89,10.5,,1.59,1.89,5949040201105,HRANA
JUHA ABC 44g MAGGI,90478415,MAGGI,0.04 kg,ko,1.09,24.77,,1.09,1.09,7613287204929,HRANA
MLIJEKO NIVEA SMOOTH SENSAT 625ml,90478429,NIVEA,0.63 l,ko,,10.56,6.6,7.89,13.19,9005800308456,KOZMETIKA
MASLINE ZELENE BK 185g SACLA,90485118,SACLA,0.19 kg,ko,1.49,8.05,,1.49,1.49,8001060004474,HRANA
PEKMEZ DI SUN 150ml,90488128,DI,0.15 l,ko,10,66.67,,2,10,3850105173225,KOZMETIKA
BRAŠNO K PLUS KUKURUZNO 1kg,90513311,K PLUS,1.00 kg,ko,0.99,0.99,,0.99,0.99,3850334413260,HRANA
JOGURT B'AKTIV LGG NATUR 330g DUKAT,90514018,B'AKTIV,0.33 kg,ko,1.45,4.39,,1.29,1.29,3850354015833,HRANA
SMOOTHIE B'AKTIV ZOB/JEČ 330g DUKAT,90514046,B'AKTIV,0.33 kg,ko,1.85,5.61,,1.39,1.85,3850354015918,HRANA
MAHUNARKE MIX GARDEN GOOD 500g,90514155,GARDEN GOOD,0.50 kg,ko,1.79,3.58,,1.29,1.29,3838900987933,HRANA
PRŠUT DALMAT 100g PUNTICA,90514256,OPG PUNTICA,0.10 kg,ko,4.39,43.9,,4.39,4.39,3859893363429,HRANA
PIĆE GAZ SKY COLA ZERO 0.33L LIM,90528167,SKY,0.33 l,ko,0.89,2.7,,0.89,0.89,3875000182288,PIĆE
KAVA NOTA LATTE MACC DG 16/1 198g  FRANCK,90569649,FRANCK NOTA,0.20 kg,ko,5.99,30.25,,5.99,5.99,3850291053028,HRANA
RUKAVICE JEDNOKRATNE FINO M 10/1,90570136,FINO,10.00 ko,ko,2.29,0.23,,2.29,2.29,8606013471435,PROIZVODI ZA KUĆANSTVO
SALV PALOMA ELITE LJUBIČ 40X40 2SL 16/1,90572963,PALOMA,16.00 ko,ko,3.95,0.25,,3.95,3.95,3838952028554,PROIZVODI ZA KUĆANSTVO
SPUŽVE KUHINJA U BOJI FINO 10/1,90603248,FINO,1.00 ko,ko,1.39,1.39,,1.39,1.39,5201314091158,PROIZVODI ZA KUĆANSTVO
PEL GAĆ VIOL AD MAXI 4 52/1,90622974,VIOLETA,52.00 ko,ko,,0.23,11.99,11.99,15.93,3870128031777,TOALETNE POTREPŠTINE
BOOM BURGER 300g (MA) PIK VRBOVEC,90633021,PIKAC,0.30 kg,ko,4.49,14.97,,2.44,2.44,3850139280623,HRANA
JUHA GRAH I POVRĆE 620g,90669700,DIMMIDISI,0.62 kg,ko,2.79,4.49,,2.79,2.79,8014190019645,HRANA
ULJE MASL EKS DJEV 0.75L MATI,90670191,MATI,0.75 l,ko,19.99,26.65,,14.6,19.99,3857500086891,HRANA
KREKER SEZAM ACTIVE ZONE  250g,90674420,ACTIVE ZONE,0.25 kg,ko,1.59,6.36,,1.59,1.59,3850334020963,HRANA
PROTEIN ME 1ST SOY ISOL 454g CHOCOLATE,90674555,POLLEO,0.45 kg,ko,19.99,44.03,,19.99,19.99,3856026804026,HRANA
WHISKAS MM JUNETINA 4X85G,90678148,WHISKAS,0.34 kg,ko,2.75,8.09,,2.75,2.75,5900951301780,PROIZVODI ZA KUĆANSTVO
CAPPUCCINO RITUAL VANILIJA VR 200g,90683009,RITUAL,0.20 kg,ko,1.95,9.75,,1.95,1.95,8605002356425,HRANA
PIVO VARIONICA PALE ALE 0.5L NB,90704193,VARIONICA,0.50 l,ko,2.55,5.1,,2.55,2.55,3859893139499,PIĆE
SLAD KING HARMONY 90ml LEDO,90704279,KING,0.09 l,ko,2.79,31,,2.79,2.79,3850116056951,HRANA
ĆEVAPČIĆI O'PLANT 200g VEGGIE,90704589,O PLANT,0.20 kg,ko,5.99,29.95,,5.99,5.99,3856020259082,HRANA
TRAKE VEET DEPIL NOGE 40/1,90705163,VEET,40.00 ko,ko,,0.29,11.49,14.99,14.99,5997321774756,KOZMETIKA
SENF PIKANT SMID 140g,90404044,SMID,0.14 kg,ko,3.19,22.79,,3.19,3.19,3859890454397,HRANA
EKSTRA DJEVIČANSKO MASLINOVO ULJE MIX 0.25L SAN ANTONIO,90404070,SAN ANTONIO,0.25 l,ko,9.49,37.96,,8.19,9.49,3859892822071,HRANA
NAPITAK PROTEIN ČOK KIK MASL UHT 0.5L VINDIJA,90404989,Z BREGOV,0.50 l,ko,2.49,4.98,,1.99,2.49,3850108023688,HRANA
MAJONEZA TUBA 255g ZVIJEZDA,90405156,ZVIJEZDA,0.26 kg,ko,3.19,12.51,,3.19,3.19,3856015321244,HRANA
ČAJ LEDENI  PARTY BRESKVA 1.5L,90407022,PARTY,1.50 l,ko,1.25,0.83,,0.96,1.25,3859893686023,PIĆE
ČAJ LEDENI ARIZONA ZEL S MEDOM 0.45L,90407056,ARIZONA,0.45 l,ko,1.35,3,,1.35,1.35,0613008753320,PIĆE
KAVA LEDENA STARBUCKS CARAMEL 220ml,90408678,STARBUCKS,0.22 l,ko,2.59,11.78,,1.99,2.59,5711953166389,HRANA
ODRESCI PIL PANIRANI CORNFLAKES 900g,90409045,CEKIN,0.90 kg,ko,11.59,12.88,,11.59,11.59,3850159141768,HRANA
PUDING PROTEIN KOK BAD 180g VINDIJA,90412467,VINDIJA,0.18 kg,ko,1.29,7.17,,1.09,1.29,3850108040920,HRANA
GIN MALFY ROSA 0.7L,90424880,MALFY,0.70 l,ko,30.05,42.93,,30.05,30.05,5000299296066,PIĆE
DUAL ONE NATURE STERILIZED 750g,90427902,ONE,0.75 kg,ko,5.69,7.59,,3.99,5.69,7613287002662,PROIZVODI ZA KUĆANSTVO
TORTA TOBLERONE ALMONDY 400g,90473102,ALMONDY,0.40 kg,ko,6.49,16.23,,6.49,6.49,7312930010886,HRANA
DALMATINSKI MIX NAR 300g PIVAC,90487368,PIVAC,0.30 kg,ko,8.49,28.3,,8.49,8.49,3858884995021,HRANA
ŠUNKA PIL FIT&FINA NAR 100g PODRAVKA,90487377,PODRAVKA,0.10 kg,ko,2.39,23.9,,2.39,2.39,3856020248635,HRANA
KAVA LEDENA STARBUCKS LATTE 220ml,90494856,STARBUCKS,0.22 l,ko,2.59,11.78,,1.99,2.59,5711953166372,HRANA
SMOOTHIE MANGO HELLO DAY 250,90498812,HELLO DAY,0.25 l,ko,2.25,9,,2.25,2.25,5902596646707,PIĆE
PEL GAĆ PAMPERS NIGHT S5 22/1,90568128,PAMPERS,22.00 ko,ko,11.28,0.51,,11.28,11.28,8006540234730,TOALETNE POTREPŠTINE
SAPUN PALM THER SPA MASSAG 90g,90571861,PALMOLIVE,0.09 kg,ko,1.39,15.44,,1.39,1.39,8693495033176,KOZMETIKA
CEDEVITA LIMUN 900g,90571946,CEDEVITA,0.90 kg,ko,6.39,7.1,,5.79,5.79,3850322015001,PIĆE
MASKA GENERA ARGAN ULJE 500ml,90572139,GENERA,0.50 l,ko,2.69,5.38,,2.69,2.69,8003693403228,KOZMETIKA
SALV PALOMA ELITE MODR PLAV 40X40 2SL 16/1,90572966,PALOMA,16.00 ko,ko,3.95,0.25,,3.95,3.95,3838952028714,PROIZVODI ZA KUĆANSTVO
FELIX MM SENSATIONS MESO 4X85g,90582741,FELIX,0.34 kg,ko,,5.85,1.99,2.79,2.79,7613287491749,PROIZVODI ZA KUĆANSTVO
PAHULJICE LUMPI PILLOWS VANILLA 250g,90593658,LUMPI,0.25 kg,ko,1.33,5.32,,1.33,1.33,3850334007926,HRANA
DET FAKS SUPERAKTIV 3.51kg=54PR,90598093,FAKS,3.51 kg,ko,16.99,4.84,,16.99,16.99,3850105176646,SREDSTVA ZA ČIŠĆENJE
ZP PDX GUM+SENS&BREATH ORIG 75ml,90598347,PARODONTAX,0.08 l,ko,6.99,93.2,,6.99,6.99,5054563120113,KOZMETIKA
GEL TUŠ PALM M&P SENSITIVE 500ml,90599461,PALMOLIVE,0.50 l,ko,5.09,10.18,,4.99,4.99,8718951248656,KOZMETIKA
ZIMSKA 300g PIVAC,90599512,PIVAC,0.30 kg,ko,4.89,16.3,,4.89,4.89,3858884997186,HRANA
DES CORNY PROTEIN ČOKOLADA 50g,90599730,SCHWARTAU,0.05 kg,ko,1.89,37.8,,1.89,1.89,4011800295011,HRANA
GIN TANQUERAY BLACKCURRANT ROYALE 0.7L  ,90600167,TANQUERAY,1.00 l,ko,28.19,28.19,,28.19,28.19,5000291025824,PIĆE
PEL GAĆ VIOL AD MAXI 5 48/1,90622980,VIOLETA,0.50 ko,ko,,23.98,11.99,11.99,15.93,3870128031807,TOALETNE POTREPŠTINE
PAŠTETA PILEĆA CREAM 4x50g LINO,90623020,LINO,0.20 kg,ko,3.19,15.95,,3.19,3.19,3856020259334,HRANA
SOL KAMENA KUT 1 kg K PLUS,90648400,K PLUS,1.00 kg,ko,0.55,0.55,,0.55,0.55,3850334058928,HRANA
PRAŠK. NAPITAK MOJ DAN NARANČA 200g,90662961,MOJ DAN,0.20 kg,ko,1.45,7.25,,1.45,1.45,8605028604593,PIĆE
VINO CRNO ALEXANDAR BOVIN 0.75L,90669264,POPOV,0.75 l,ko,12.45,16.6,,12.45,12.45,5319990221063,PIĆE
KAPSULE ILLY COLOMBIA 120.6g 18/1 ,90669626,ILLY,0.12 kg,ko,11.59,96.58,,11.59,11.59,8003753142623,HRANA
ČETK EL ORAL B VIT PR PROT X BL,90669704,ORAL B,1.00 ko,ko,,29.89,29.89,39.89,39.89,4210201427124,KOZMETIKA
TOFU SVJEŽI EKO 200g,90670409,BIO ZONE,0.20 kg,ko,,5.95,1.19,1.59,1.59,3850334021359,HRANA
KOBASICA PARIŠKA 350g,90673121,GAVRILOVIĆ,0.35 kg,ko,3.75,10.71,,3.75,3.75,3858892724446,HRANA
VREĆE SMEĆE FINO TITAN FLEX 35L 15/1,90673134,FINO,14.93 ko,ko,2.92,0.2,,2.29,2.29,5201314154303,PROIZVODI ZA KUĆANSTVO
LASAGNE BG 250g BARILLA,90675178,BARILLA,0.25 kg,ko,,14.36,3.59,4.79,4.79,8076809576352,HRANA
VODKA ATLAS 0.7 L,90675752,ATLAS,0.70 l,ko,5.65,8.07,,4.79,5.65,3850164243501,PIĆE
ZP COLGATE CAVITY PROT FR MINT 75ml,90699237,COLGATE,0.08 l,ko,2.25,30,,1.46,2.09,6920354836176,KOZMETIKA
PROTEIN MIX FAMILY PACK EC 300g,90705644,EUROCOMPANY,0.30 kg,ko,4.29,14.3,,3.22,4.29,3872084014504,HRANA
DATULJA SEEBERGER B/K 200g,90705690,SEEBERGER,0.20 kg,ko,3.19,15.95,,3.19,3.19,4008258252017,HRANA
VAFL CHOCO KARAT 200g KOESTLIN,90705697,KOESTLIN,0.20 kg,ko,2.89,14.45,,2.89,2.89,3856014106026,HRANA
KRUH SLJEMENSKI 500g PAK MLINAR,90706616,MLINAR,0.50 kg,ko,1.89,3.78,,1.89,1.89,3858889899935,HRANA
PILEĆI BATAK I FILE ZABATKA CEKIN,90707059,CEKIN,1.00 kg,kg,7.35,7.35,,7.35,7.35,3850159110924,HRANA
LIMUNSKA TRAVA 125 grama,90715094,KONZUM,0.13 kg,ko,1.99,15.92,,1.99,1.99,3859891295678,HRANA
RUČNIK VIOLETA EXPERT PLUS 1/1 3SL,90726848,VIOLETA,1.00 ko,ko,4.49,4.49,,4.49,4.49,3858893660804,PROIZVODI ZA KUĆANSTVO
TJEST TAGLIATELLE 400g BRONZA,90730981,BRONZA,0.40 kg,ko,3.19,7.98,,3.19,3.19,3857500128522,HRANA
TJEST RIGATONI 400G BRONZA,90730985,BRONZA,0.40 kg,ko,2.59,6.48,,2.59,2.59,3857500128515,HRANA
BOMBON JUICY DROP CHEWS 67g BAZOOKA,90731673,BAZOOKA,0.07 kg,ko,2.99,44.63,,2.99,2.99,5011053021800,HRANA
CIKLA,01405743,,1.00 kg,kg,0.99,0.99,,0.95,0.95,3850334385970,HRANA
DŽEM MARELICA 370g BONNE MAMAN,01462521,BONNE MAMAN,0.37 kg,ko,4.49,12.14,,4.49,4.49,3608580705116,HRANA
AJVAR BLAGI 700g ZVIJEZDA,01480215,ZVIJEZDA,0.70 kg,ko,3.89,5.56,,3.89,3.89,3858882216128,HRANA
RAJČICE SUŠENE 280g SACLA,01605116,SACLA,0.28 kg,ko,4.589,16.39,,4.59,4.59,80629580,HRANA
PAPRIKA CHILLI 70g LUXEAPERS,01605117,LUXEAPERS,0.06 kg,ko,1.72,31.27,,1.72,1.72,8422243050239,HRANA
PUREĆA POSEBNA 1000g VINDIJA,02044207,VINDON,1.00 kg,kg,3.78,3.78,,3.78,3.78,3850159128349,HRANA
PAŠTETA PAČJA S MASLIN 115g HENAFF,02166196,JEAN HENAFF,0.12 kg,ko,3.59,31.22,,3.59,3.59,3537580701340,HRANA
RIŽOTO S PLODOVIMA MORA 600g LEDO,02195328,LEDO,0.60 kg,ko,5.59,9.32,,5.59,5.59,3850116813868,HRANA
KOVAČ BILI SVJ MEDUZA,02199552,,1.00 kg,kg,25.89,25.89,,15.52,25.89,,HRANA
SLAD KORNET ŠUM VOĆE STRAC 120ML LED,02350866,LEDO,0.12 l,ko,1.79,14.92,,1.79,1.79,3850116037851,HRANA
SLAD KORNET MAXIMO 160ML LEDO,02351198,KING,0.16 l,ko,2.69,16.81,,2.69,2.69,3850116815107,HRANA
SIR NAM ABC ŠUNKA 100g BELJE,02390928,ABC,0.10 kg,ko,1.35,13.5,,1.05,1.05,3856015324207,HRANA
SV REP SA ŠLUSOM  ,02400374,PIK VRBOVEC,1.00 kg,kg,3.75,3.75,,3.75,3.75,3850139280142,HRANA
JUN PČ S POTRBUŠINOM ,02410030,,1.00 kg,kg,8.09,8.09,,8.09,8.09,3850139410037,HRANA
TEL LEĐA SK BEZ BIFTEKA ,02410041,PIK VRBOVEC,1.00 kg,kg,14.99,14.99,,14.99,14.99,3850139402254,HRANA
PUREĆE PLJES CLASSIC 200g SVJ VINDIJ,02455497,VINDON,0.20 kg,ko,2.99,14.95,,2.59,2.99,3850339419137,HRANA
ODOJAK PAK AKCIJA PIK,02490380,PIK VRBOVEC,1.00 kg,kg,5.4,5.4,,3.78,5.4,,HRANA
TIROLSKA KOBASICA GAVRILOVIĆ,02034058,GAVRILOVIĆ,1.00 kg,kg,12.49,12.49,,8.69,12.49,3858881229075,HRANA
RAVIOLI OVČJI SIR 250g NAŠE KLASJE,02373843,AURELIA,0.25 kg,ko,2.89,11.56,,2.79,2.89,3859890561293,HRANA
MLIJEČNI DESERT KINDER MILCH SCH 28g,02324048,FERRERO,0.03 kg,ko,0.69,24.64,,0.69,0.69,40084794,HRANA
SLAD TWICE ŠUM VAN PUNČ 1.7L LEDO,02351382,TWICE,1.70 l,ko,,2.11,3.59,4.49,4.49,3850116867519,HRANA
VINO ŽLAHTINA TOLJANIĆ 0.75L,03020063,PZ GOSPOJA,0.75 l,ko,8,10.67,,8,8,3859889276016,PIĆE
VINO PLAVAC MEDITERANO 0.75L BADEL,03021886,IVAN DOLAC HVAR,0.75 l,ko,11.99,15.99,,11.99,11.99,3850112170309,PIĆE
LIKER JAGERMEISTER 1L,03080263,JAGERMEISTER,1.00 l,ko,22.29,22.29,,22.29,22.29,4067700015013,PIĆE
RUM MALIBU 0.7L,03082194,MALIBU,0.70 l,ko,15.55,22.21,,15.55,15.55,5010284100018,PIĆE
PIVO PAN 0.5L LIMENKA,03130254,PAN,0.50 l,ko,1.39,2.78,,1.19,1.19,3859888291461,PIĆE
KAŠICA HIPP INT ŽI JAB BAN 4-6MJ 190,03140033,HIPP,0.19 kg,ko,1.65,8.68,,1.65,1.65,9062300132363,HRANA
KAŠICA HIPP KRUŠKA JABUKA 125g,03140423,HIPP,0.13 kg,ko,1.15,9.2,,1.15,1.15,9062300138686,HRANA
KAŠICA FRUTEK BIO JAB MRK 190g,03141222,FRUTEK,0.19 kg,ko,,6.79,1.29,1.75,1.75,3838945016469,HRANA
SOK NAR 500ml BIOTTA,03150054,BIOTTA,0.50 l,ko,5.59,11.18,,5.59,5.59,7618500946167,PIĆE
NEGAZ PIĆE JUICY FR MUL 0.5L JAM,03160271,JUICY FRUITS,0.50 l,ko,1.09,2.18,,1.05,1.09,3858890975031,PIĆE
GAZ PIĆE SCHWEPPES TANGERINA 0.5L,03164152,SCHWEPPES,0.50 l,ko,1.35,2.7,,1.35,1.35,87126068,PIĆE
SOK 100% RAJČICA VITAL 1L,03167213,VINDI,1.00 l,ko,1.99,1.99,,1.99,1.99,3850108074949,PIĆE
ULJE SUNCOKRET 1L PET ZVIJEZDA,03220230,ZVIJEZDA,1.00 l,ko,1.69,1.69,,1.59,1.69,3858882210010,HRANA
MLINCI BEZ JAJA 500g KOGUTEX,04011603,KOGUTEX,0.50 kg,ko,3.15,6.3,,3.15,3.15,3859891148028,HRANA
CROISSANT 7DAYS MIDI KAKAO CHIPICAO 60g,04027910,CHIPITA,0.06 kg,ko,0.99,16.5,,0.99,0.99,7622202043390,HRANA
CORNFLAKES VENOSTA 375g POHIT,04030397,VENOSTA,0.38 kg,ko,2.49,6.64,,2.49,2.49,8009361051081,HRANA
TIJESTO PENNE RIGATE 41 500g DE CECC,04054785,DE CECCO,0.50 kg,ko,2.79,5.58,,2.79,2.79,8001250120410,HRANA
INSTANT NESCAFE GOLD BK ST 100Gg,04070026,NESCAFE,0.10 kg,ko,8.19,81.9,,8.19,8.19,7613036330688,HRANA
CAPP NES BEZ KOFEINA 125g,04071178,NESCAFE,0.13 kg,ko,4.19,33.52,,2.99,2.99,3033710075324,HRANA
KEKS PIKNIK BEZ ŠEĆ 240g KOESTLIN,04141134,KOESTLIN,0.24 kg,ko,2.09,8.71,,2.09,2.09,3858881090187,HRANA
MIJEŠ MLJEV MESO 850g MA PIK VRBOVEC,02404336,PIK VRBOVEC,0.85 kg,ko,6.19,7.28,,3.84,3.84,3850139435917,HRANA
SENDVIČ MONTANA CLASSIC POH PIL 210g,02520877,MONTANA,0.21 kg,ko,3.39,16.14,,3.39,3.39,3859889353694,HRANA
VINO GRAŠEVINA 1L KV KK KUTJEVO,03014093,KUTJEVO,1.00 l,ko,7.15,7.15,,7.15,7.15,3850156001218,PIĆE
VINO POŠIP 0.75L VRH BLATO,03020944,BLATO 1902,0.75 l,ko,12.79,17.05,,7.99,12.79,3859888154360,PIĆE
VINO CHARDONNAY KV 0.75L ILOČKI PODR,03021016,ILOČKI PODRUMI,0.75 l,ko,7.05,9.4,,6.29,7.05,3859889556552,PIĆE
VINO DINGAČ 0.75L VRH SKARAMUČA,03022797,SKARAMUČA,0.75 l,ko,14.89,19.85,,14.89,14.89,3859888214019,PIĆE
VODA SENSATION LIME/KIWA 0.5L JAM,03180154,SENSATION,0.50 l,ko,1.05,2.1,,1.05,1.05,3858884602264,PIĆE
CROISSANT 7DAYS MIDI KAK/VAN 60g,04025561,CHIPITA,0.06 kg,ko,0.86,14.33,,0.65,0.86,7622201389383,HRANA
KRPA SPUŽV VILEDA 3/1   1030,05350092,VILEDA,3.00 ko,ko,3.85,1.28,,2.29,3.85,3838447000072,PROIZVODI ZA KUĆANSTVO
NAVLAKA VILEDA ACTIVE MAX MOP  0049,05512793,VILEDA,1.00 ko,ko,13.69,13.69,,13.69,13.69,8001940006659,PROIZVODI ZA KUĆANSTVO
LIP BALM ROS SHINE BLIS 0105,06580081,ROSAL,1.00 ko,ko,1,1,,1,1,3856007908583,KOZMETIKA
BOMBON TIC TAC MINT 18g,90045176,FERRERO,0.02 kg,ko,0.79,43.89,,0.79,0.79,80052043,HRANA
POKLON PAKET TAČKE,90052867,LUBIN,0.75 l,ko,26.59,35.45,,26.59,26.59,3859891501168,PIĆE
MIN VODA MIVELA BLAGO GAZ 0.5 L PET,90057706,MIVELA,0.50 l,ko,1.29,2.58,,0.5,0.5,8600599002847,PIĆE
ZP SENSOD COMPLETE PROTECT 75ML,90070644,SENSODYNE,0.08 l,ko,,79.07,5.93,6.99,6.99,5054563242877,KOZMETIKA
LIZALICE FLOPITO VOĆNE 80g 10/1,90074951,FLORESTAL,0.08 kg,ko,1.29,16.13,,1.29,1.29,7896321004369,HRANA
 FANTASIA ČOK KUGL 100g DANONE,90081126,FANTASIA,0.10 kg,ko,0.99,9.9,,0.99,0.99,8595002100862,HRANA
KEKS ČAJNI KOLUTIĆI KAKAO 800g,90087818,KRAŠ,0.80 kg,ko,,3.74,2.99,3.89,3.89,3850102012398,HRANA
BALZAM ZA KOSU LOOK EXPERT 900ML,90090895,DRAMERS,0.90 l,ko,3.29,3.66,,3.29,3.29,5908241707908,KOZMETIKA
ZUBNA PASTA KALODONT HERB 125ML,90111992,KALODONT,0.13 l,ko,2.49,19.92,,1.74,2.49,3850105145611,KOZMETIKA
DR.BECK MARAM ACTIVE WHITE 15KOM,90184568,BECKMANN,15.00 ko,ko,4.39,0.29,,3.07,4.39,4008455049816,SREDSTVA ZA ČIŠĆENJE
INĆUN RZ LIBURNIJA,90230559,,1.00 kg,kg,2.89,2.89,,1.73,2.89,,HRANA
PIVO BAV 0.5L 5+1 GRAT LIM,90248000,BAVARIA,2.50 l,ko,7.75,3.1,,7.75,7.75,8600105004099,PIĆE
ŽIGICE 10/1 IN,90258575,,1.00 ko,ko,0.89,0.89,,0.89,0.89,3859889419369,PROIZVODI ZA KUĆANSTVO
ULJE MASLINOVO EX DJEV 1L TRADICIJA,90273085,ORGULA,1.00 l,ko,13.99,13.99,,9.99,9.99,3859890446217,HRANA
LOPATICA METLICA DAX,90276261,DAX,1.00 ko,ko,1.99,1.99,,1.99,1.99,3850334599735,PROIZVODI ZA KUĆANSTVO
ZAČIN KLINČIĆ CIJELI VR 18g  VEGETA MAESTRO,90282299,VEGETA MAESTRO,0.02 kg,ko,1.59,88.33,,1.59,1.59,3850104294556,HRANA
SIPA 500/1000 OČIŠĆENA KONZUM,90298484,,1.00 kg,kg,10.39,10.39,,6.23,10.39,,HRANA
TUBA VOĆ HIPPIS BIO SM JAB/KRUŠ/BOR 120ml,90308408,HIPP,0.12 l,ko,1.39,11.58,,1.09,1.39,4062300325111,HRANA
ROLL ON MEN EXPERT SHIRT PROT 50ml,90310837,MEN EXPERT,0.05 l,ko,5.19,103.8,,4.79,5.19,3600523595617,KOZMETIKA
MIX ZA PECIVA 150g  NATURA,90311340,NATURA,0.15 kg,ko,0.99,6.6,,0.93,0.99,3859892798079,HRANA
LAN 150g NATURA,90311343,NATURA,0.15 kg,ko,0.93,6.2,,0.93,0.93,3859891427673,HRANA
DŽEM K PLUS JAGODA  840g,90360222,K PLUS,0.84 kg,ko,3.59,4.27,,3.59,3.59,3850334152985,HRANA
ČETKICA PDX GEN CL EX SOFT 3PACK,90361939,PARODONTAX,3.00 ko,ko,10.59,3.53,,10.59,10.59,5054563049889,KOZMETIKA
VODA DEST DAX 1L ISKRA,90365059,DAX,1.00 l,ko,0.73,0.73,,0.73,0.73,3850334183415,SREDSTVA ZA ČIŠĆENJE
SLANINA CRNA SLAVON SVINJA BELJE,90373226,BELJE,1.00 kg,kg,34.99,34.99,,34.99,34.99,3850257052348,HRANA
ORAH PEKAN VEDRINI 100g,90377889,VEDRINI,0.10 kg,ko,3.19,31.9,,2.59,2.59,3858889332166,HRANA
ŠEĆER U PRAHU 500g SWEET CHEF,90381481,SWEET CHEF,0.50 kg,ko,1.29,2.58,,1.29,1.29,3850334197467,HRANA
KEKS DOLCI BACI DULCETTI 350g,90400689,DULCETTI,0.35 kg,ko,2.15,6.14,,2.15,2.15,3850334131362,HRANA
WHISKY JAMESON 0.7L+2ČAŠE      ,90106202,JAMESON,0.70 l,ko,27.05,38.64,,27.05,27.05,5011007004446,PIĆE
NEGAZIRANO PIĆE COCT CRV VOĆE 0.25L,90157051,VINDI,0.25 l,ko,0.65,2.6,,0.65,0.65,3850108077070,PIĆE
SIR POLUTV DIMEK 150G,90159712,VINDIJA SIREVI,0.15 kg,ko,2.99,19.93,,2.99,2.99,3850108057744,HRANA
BOMBONJERA FONTANA 194G KRAŠ,90161637,FONTANA,0.19 kg,ko,6.79,35,,5.09,6.79,3850102505289,HRANA
SHEBA 85 G S TELETINOM I PILETINOM U ŠTRUCI,90164647,SHEBA,0.09 kg,ko,1.09,12.82,,0.89,0.89,4008429069758,PROIZVODI ZA KUĆANSTVO
LIKER PELIN PREMIER 30.5 % 1.0L,90169626,ZVEČEVO,1.00 l,ko,11.99,11.99,,11.99,11.99,3858894171002,PIĆE
PLATA SLAVONSKA 8 KONZUM,90204702,,0.83 kg,ko,19.91,23.89,,19.91,19.91,,HRANA
LAKIRKE SVJEŽE,90207468,,1.00 kg,kg,15.29,15.29,,9.17,15.29,,HRANA
MLIJEKO UHT K PLUS 1L 2.8%,90219803,K PLUS,1.00 l,ko,0.79,0.79,,0.75,0.79,3850334580474,HRANA
ULOŠCI INKO VIR SPC MAXI 10/1,90238573,VIR,10.00 ko,ko,4.99,0.5,,4.99,4.99,3838985871172,TOALETNE POTREPŠTINE
KEKS MILKA SENS CHOCO INSIDE 156G,90251779,MILKA,0.16 kg,ko,3.39,21.73,,2.37,3.39,7622202265914,HRANA
GAVUN SVJEŽI,90268017,,1.00 kg,kg,7.89,7.89,,4.31,7.19,93856024300400,HRANA
NAPITAK HELL CLASSIC 0.25l,90291597,HELL,0.25 l,ko,1.09,4.36,,1.09,1.09,5999884034469,PIĆE
TUNJ OCEAN KOMADI NATURALE 3X56g,90303743,OCEAN,0.17 kg,ko,2.99,17.8,,2.99,2.99,3850334350299,HRANA
CAPP FR NOUGAT KUT 148g,90308377,FRANCK,0.15 kg,ko,,22.23,3.29,3.29,3.89,3858881088627,HRANA
SENDVIČ PANE AMORE MOZZ RAJČICA 140g,90494904,PANE AMORE,0.14 kg,ko,2.79,19.92,,2.79,2.79,8020693230043,HRANA
PAHULJICE 4 ŽITAR BIO ZONE 500g,90513560,BIO ZONE,0.50 kg,ko,1.79,3.58,,1.79,1.79,3838900804186,HRANA
VINO PINOT NOIR BOVIN 0.75L,90568667,BOVIN,0.75 l,ko,11.85,15.8,,11.85,11.85,5319990221056,PIĆE
ČAJ ŠIPAK RINFUZA 500g DARVITALIS,90587776,DARVITALIS,0.50 kg,ko,5.57,11.14,,5.57,5.57,3858890834130,HRANA
REGENERATOR SYOSS STR REPAIR 250ml,90598505,SYOSS,0.25 l,ko,6.49,25.96,,6.49,6.49,9000101665444,KOZMETIKA
KAVA ESPRESSO CLASSIC NS 10/1 77g JACOBS,90623126,JACOBS,0.08 kg,ko,5.59,72.6,,5.59,5.59,8711000371176,HRANA
TOFUNEZA 200g,90703311,ANNAPURNA,0.20 kg,ko,2.69,13.45,,2.69,2.69,3859890343196,HRANA
OM ORNEL CALMING 2.4L+500ml GRATIS,90704792,ORNEL,2.90 l,ko,3.99,1.38,,1,1,3850105189295,SREDSTVA ZA ČIŠĆENJE
TUBA HIPP BIO JAB/BAN/JAG 120g,90706651,HIPP,0.12 kg,ko,1.75,14.58,,1.39,1.75,4062300437074,HRANA
KUKURUZ ŠEĆERAC GARDEN GOOD 340/285g,90707325,GARDEN GOOD,0.29 kg,ko,1.29,4.53,,1.29,1.29,8605028600069,HRANA
TOMI MP 5 VRSTA MESA 400g,90713047,TOMI,0.40 kg,ko,1.75,4.38,,1.75,1.75,4003024002025,PROIZVODI ZA KUĆANSTVO
BUDDY MP MINI GOV JET 150g,90720040,BUDDY,0.15 kg,ko,0.69,4.6,,0.49,0.69,3850334043702,PROIZVODI ZA KUĆANSTVO
TUNJ KOMADIĆI XXL 3X112g EVA,90720257,EVA,0.34 kg,ko,3.99,11.87,,3.99,3.99,3856020267100,HRANA
BRIJAČ Ž BIC MISS SOL COL COLLEC 3+1,90725075,BIC,4.00 ko,ko,,0.94,3.74,4.99,4.99,3086123399457,KOZMETIKA
SERUM GARNIER SN VITAMIN C 50ml,90730094,GARNIER,0.05 l,ko,13.49,269.8,,13.09,13.49,3600542553728,KOZMETIKA
GIN TWO FACE 0.7L GROŠEK,90731185,GROŠEK,0.70 kg,ko,34.59,49.41,,34.59,34.59,3859893708329,PIĆE
SET OS ASTRONAUT SG250+STICK50,90731886,OLD SPICE,1.00 ko,ko,5,5,,5,5,8700216131766,KOZMETIKA
KREKER RIŽA SA SJEMENKAMA 100G B YOND,90739821,B YOND,0.10 kg,ko,1.29,12.9,,1.29,1.29,3800233091182,HRANA
ANANAS,90750001,,1.00 kg,kg,,1.29,1.29,2.49,2.49,3858885879498,HRANA
NAMAZ PIC NIC I GRISSINI 50 g,90750429,PIC NIC BREAK,0.05 kg,ko,1.29,25.8,,1.29,1.29,8032880800410,HRANA
KEKS OREO TIRAMISU VANILIJA 157 g,90754886,OREO,0.16 kg,ko,,10.13,1.59,1.59,2.19,7622201389215,HRANA
KREKER BOOM BOX MIX SJEMENKI 70 g,90770957,BOOM BOX,0.07 kg,ko,0.99,14.14,,0.99,0.99,3856027801420,HRANA
SAPUN INT CHILLY DELICATE 250 ml,90775131,CHILLY,0.25 l,ko,4.99,19.96,,4.99,4.99,8002410031690,KOZMETIKA
NEG PIĆE OMG BUBBLE TEA MALINA 0.27 L ,90775811,OMG BUBBLE TEA,0.27 l,ko,3.75,13.89,,3.75,3.75,4779056910187,PIĆE
VREĆA SMEĆE LD VEZ 120 L 10/1 DAX,90800031,DAX,10.00 ko,ko,,0.15,1.49,1.99,1.99,3850334102386,PROIZVODI ZA KUĆANSTVO
BRISELSKA PAŠTETA,90810038,POLCA,1.00 kg,kg,15.99,15.99,,15.99,15.99,5413546321112,HRANA
KEKS GRISBI LJEŠNJAK 135g,90810069,GRISBI,0.14 kg,ko,2.29,16.96,,2.29,2.29,8000350007928,HRANA
TUBA NAT GERBER 4X90 g,90810120,GERBER,0.36 kg,ko,3.99,11.08,,3.99,3.99,8445291467644,HRANA
DET RUBEL POWER FRESH 9 kg=120PR,90810723,RUBEL,9.00 kg,ko,11.99,1.33,,11.99,11.99,3850105187017,SREDSTVA ZA ČIŠĆENJE
MUESLI FUN&FIT MULTIGRAIN 375g,90819917,FUN&FIT,0.38 kg,ko,4.99,13.31,,4.99,4.99,8606015858494,HRANA
VINO ROSE ERDUT NEW LINE 0.75 L,90824797,ERDUTSKI VINOGRADI,0.75 l,ko,7.99,10.65,,7.05,7.99,3859889193450,PIĆE
SET IDC HOL SG100+BL100+BM100,90826297,IDC INSTITUTE,1.00 ko,ko,4,4,,4,4,8436616350185,KOZMETIKA
SUSHI NARA 300 g GINGER,90864850,GINGER SUSHI,0.30 kg,ko,5.99,19.97,,5.99,5.99,3859893601736,HRANA
ŠAMPON SCHAUMA KIDS BLUEBER 400 ml,90874921,SCHAUMA,0.40 l,ko,,9.98,3.99,4.99,4.99,9000101657715,KOZMETIKA
GOURMET GOLD MM MOUSSE MIX 12X85 g,90875300,GOURMET,1.02 kg,ko,6.69,6.56,,6.69,6.69,8445291529434,PROIZVODI ZA KUĆANSTVO
OM SILAN FRESH SKY 2X1.672 L,90879925,SILAN,3.34 l,ko,5.99,1.79,,5.99,5.99,9000101597240,SREDSTVA ZA ČIŠĆENJE
SALV PALOMA RABB NAT 33X33 3SL 20/1,90885066,PALOMA,1.00 ko,ko,1.69,1.69,,1.35,2.29,3838952036023,PROIZVODI ZA KUĆANSTVO
LECHAT EX. SM PASTRVA 1.5 kg,90886064,LECHAT EXCELLENCE,1.50 kg,ko,10.99,7.33,,10.99,10.99,8009470059787,PROIZVODI ZA KUĆANSTVO
ROLL ON 48 SENSITIVE 50 ml,90886111,ILIRIJA,0.05 l,ko,4.45,89,,4.45,4.45,3838980813801,KOZMETIKA
DET ARIEL COLOR 38TAB,90886242,ARIEL,38.01 ko,ko,21.99,0.58,,21.99,21.99,8700216765268,SREDSTVA ZA ČIŠĆENJE
KOMPOT MARELICA POL 820/480 g EXCELS,90886703,EXCELSIOR,0.48 kg,ko,3.19,6.65,,3.19,3.19,9001397501492,HRANA
VODA CEDEVITA VIT LIMUN ANANAS 1.5L,90889873,CEDEVITA,1.50 l,ko,1.69,1.13,,1.69,1.69,3850322017050,PIĆE
NEG PIĆE FRUC LIMUNADA 0.5 L,90889973,FRUCTAL,0.50 l,ko,1.19,2.38,,1.19,1.19,3838945043366,PIĆE
CRISPY POH SIR ZAČ BILJ 70 g KOTANYI,90890049,KOTANYI,0.07 kg,ko,,17,1.19,1.89,1.89,9001414338032,HRANA
ŠTAPIĆI PRIMA KIKIRIKI 230 g,90894809,SOKO ŠTARK,0.23 kg,ko,1.69,7.35,,1.69,1.69,8600939212448,HRANA
DET FAKS COLOR 36 TAB,90899743,FAKS,36.01 ko,ko,16.99,0.47,,16.99,16.99,3850105187314,SREDSTVA ZA ČIŠĆENJE
GOURMET GOLD MM PURETINA 85g,01647050,GOURMET,0.09 kg,ko,0.89,10.47,,0.69,0.89,7613032814953,PROIZVODI ZA KUĆANSTVO
SIR TVRDI OVČJI PAŠKI 45% PAŠKA SIRA,02051400,PAŠKA SIRANA,1.00 kg,kg,49.99,49.99,,49.99,49.99,3859889426152,HRANA
DAGNJE SVJ MEDUZA,02198707,MEDUZA,1.00 kg,kg,2.49,2.49,,1.49,2.49,,HRANA
DESERT MOUSSE ČOKOL 100g DUKAT,02320982,DOLCE,0.10 kg,ko,1.19,11.9,,1.19,1.19,3850354001485,HRANA
JOGURT VOĆ JOGOBELLA 400g ZOTT,02330042,JOGOBELLA,0.40 kg,ko,1.52,3.8,,1.52,1.52,4014500506159,HRANA
SLAD QUATTRO MINI CLASSIC 900ML,02351401,QUATTRO,0.90 l,ko,4.99,5.54,,3.79,3.79,3850116036359,HRANA
PEDIGREE MP GOV PERAD 4X100 g,90884925,PEDIGREE,0.40 kg,ko,2.99,7.48,,2.99,2.99,5900951319679,PROIZVODI ZA KUĆANSTVO
MASKA GARNIER HYALRUONIC,90885258,GARNIER,1.00 ko,ko,2.99,2.99,,2.99,2.99,3600542385626,KOZMETIKA
GEL TUŠ PALM MILK&HONEY 750 ml,90885379,PALMOLIVE,0.75 l,ko,5.09,6.79,,5.09,5.09,8714789733289,KOZMETIKA
SLAD MACHO SENDVIČ 3X129 ml,90885857,MACHO,0.39 l,ko,5.99,15.48,,4.79,5.99,3850116068084,HRANA
SLAD LEDO MEDO 70 ml,90885974,LEDO,0.07 l,ko,1.29,18.43,,1.29,1.29,3850116066301,HRANA
OM LENOR SICILIA 1.239 L,90886213,LENOR,1.25 l,ko,7.39,5.91,,4.79,6.39,8700216724654,SREDSTVA ZA ČIŠĆENJE
PEČENICA DALMATINSKA NAR 80 g MAP,90886643,VOŠTANE,0.08 kg,ko,2.99,37.38,,2.99,2.99,3858889495359,HRANA
ČIPS CHIO OVEN SOUR CREAM&ONION 100g,90886918,CHIO,0.10 kg,ko,2.19,21.9,,1.79,2.19,5996253002340,HRANA
KEKS MOUNTAIN BIG NUT 150 g GRIESSON,90887325,GRIESSON,0.15 kg,ko,2.35,15.67,,2.35,2.35,4001518117033,HRANA
DET PERSIL COLOR 68TAB,90887375,PERSIL,67.98 ko,ko,19.99,0.29,,19.99,19.99,9000101826746,SREDSTVA ZA ČIŠĆENJE
MASLINE ZEL S PAPR 235/125 g SERPIS,90889765,SERPIS,0.13 kg,ko,1.99,15.92,,1.99,1.99,8410344700160,HRANA
MAR.PIL.MINI KRILA 450g Volim ljuto,90890003,PERUTNINA PT,0.45 kg,ko,,7.31,3.29,3.49,4.29,3850220429009,HRANA
OSVJ SHAKE ORMAR GARDENIA 3/1,90890129,SHAKE,1.00 ko,ko,1.99,1.99,,1.89,1.89,3859890779377,SREDSTVA ZA ČIŠĆENJE
KREMA ACETO BALSAM FIG 0.240 L PONTI,90890421,PONTI,0.24 l,ko,3.99,16.62,,3.99,3.99,8001010115847,HRANA
GEL TUŠ L'ANG PHY MAG ML 520 ml,90890621,L ANGELICA,0.52 l,ko,1.59,3.06,,1.59,1.99,8017331091579,KOZMETIKA
GLJIVA ŠAMPINJON ZLATNI 400 grama,01400133,,0.40 kg,ko,1.99,4.98,,1.99,1.99,3850334201676,HRANA
KUPUS SVJEŽI MLADI,01403156,,1.00 kg,kg,1.49,1.49,,0.99,1.49,3850334173393,HRANA
BOROVNICA 125 grama,01410089,,0.13 kg,ko,1.69,13.52,,1.69,1.69,8013912500065,HRANA
MARINADA TERIYAKI 250g KIKKOMAN,01490587,KIKKOMAN,0.25 kg,ko,,16.84,4.21,6.49,6.49,8715035210301,HRANA
UMAK NAPOLITANA 400g BARILLA,01495019,BARILLA,0.40 kg,ko,,4.98,1.99,3.29,3.29,8076809513692,HRANA
TARTUFI I VRGANJI 80g ZIGANTE,01600102,ZIGANTE,0.08 kg,ko,13.29,166.13,,13.29,13.29,3859889179300,HRANA
SIR TVRDI PAŠKI 45% MIH,02055548,SIRANA MIH,1.00 kg,kg,49.99,49.99,,49.99,49.99,3859891700011,HRANA
SIR MEKI PLAVA PL BOVI BLUE 100g VIND,02103000,Z BREGOV,0.10 kg,ko,2.25,22.5,,1.85,2.25,3850108052497,HRANA
ŠKAMP 21/30 SVJEŽI FIORITAL,02190357,,1.00 kg,kg,18.69,18.69,,11.21,18.69,93856024301452,HRANA
TUNJ SALATA COUS COUS 2X160g RIO MARE,02190562,RIO MARE,0.32 kg,ko,8.99,28.09,,4.29,8.99,8004030860025,HRANA
UGOR SVJ MEDUZA,02195309,,1.00 kg,kg,6.49,6.49,,3.89,6.49,,HRANA
SRDELA SVJ FIORITAL,02197506,,1.00 kg,kg,2.35,2.35,,1.41,2.35,93856024301360,HRANA
ŠARAG SVJ UV MEDUZA,02197634,,1.00 kg,kg,11.99,11.99,,7.19,11.99,,HRANA
KOKOT II SVJ MEDUZA,02198772,,1.00 kg,kg,7.79,7.79,,4.67,7.79,,HRANA
KEFIR 3.5% 200g VINDIJA,02330941,Z BREGOV,0.20 kg,ko,0.75,3.75,,0.75,0.75,3850108030525,HRANA
VINO ZLATAN ROSE 0.75L PLENKOVIĆ,03022933,ZLATAN OTOK,0.75 l,ko,7.55,10.07,,7.55,7.55,3859888437036,PIĆE
VINO TRAMINAC VRH 0.75L ILOČKI PODRU,03026619,ILOČKI PODRUMI,0.75 l,ko,13.05,17.4,,10.99,13.05,3859889556774,PIĆE
RAKIJA ST ŠLJIVOV 1L 40% BADEL 1862,03060733,BADEL 1862,1.00 l,ko,16.05,16.05,,16.05,16.05,3850112121097,PIĆE
KAŠICA HIPP INT JAB BAN KEK 4-6MJ 190,03140115,HIPP,0.19 kg,ko,1.65,8.68,,1.65,1.65,9062300132455,HRANA
NAPITAK SOJA BEZ ŠEĆ 1L ALPRO,03150001,ALPRO,1.00 l,ko,3.09,3.09,,3.09,3.09,5411188543398,HRANA
GAZ PIĆE SKY COLA 0.5L JAMNICA,03160275,SKY COLA,0.50 l,ko,0.95,1.9,,0.95,0.95,3871059000146,PIĆE
MIN VODA DONAT MG 0.5L GAZ PET,03180004,DONAT,0.50 l,ko,1.39,2.78,,1.39,1.39,3838600253345,PIĆE
KOLAČ CAO CAO 45g KLARA,04010180,CAO CAO,0.05 kg,ko,0.89,19.78,,0.89,0.89,3858881324022,HRANA
BRAŠNO KUKURUZNO 1kg PODRAVKA,04030204,PODRAVKA,1.00 kg,ko,1.49,1.49,,1.49,1.49,3850104052552,HRANA
TIJESTO PARAD FIDELINI 400g RAGUSA,04051425,PARADISO,0.40 kg,ko,1.79,4.48,,1.79,1.79,3859889154215,HRANA
ČAJ MARELICA FILT OMOT 60g FRANCK,04091003,FRANCK,0.06 kg,ko,2.29,38.17,,2.29,2.29,3858881082076,HRANA
KREKER RIBICE 50g,04149336,BOBI,0.05 kg,ko,0.55,11,,0.55,0.55,3858891590226,HRANA
VAFL NAPOLITANKA ČOK PRELJ 250g KRAŠ,04150723,KRAŠ,0.25 kg,ko,3.99,15.96,,2.79,3.99,3850102320080,HRANA
JUHA ŠVICARSKA 54g PODRAVKA,04160280,PODRAVKA,0.05 kg,ko,,20.19,1.09,1.09,1.39,3850104007385,HRANA
ŠLAG PJENA HIT 42g DOLCELA,04180706,DOLCELA,0.04 kg,ko,1.1,26.19,,0.85,0.85,3850104216909,HRANA
ŠEĆER RUM 10g DOLCELA,04180934,DOLCELA,0.01 kg,ko,0.39,39,,0.39,0.39,3850104249495,HRANA
ČOKOLADNE KAPLJICE 75g  DEK,04220105,SCHWARTAU,0.08 kg,ko,3.49,46.53,,3.49,3.49,4000521007225,HRANA
AROMA BRESKVA 15ML AROMAR,04360001,AROMAR,0.02 l,ko,1.59,106,,1.59,1.59,3859888333154,HRANA
KRPA ZA POD TALENT EXTRA SOFT,05355145,VILEDA,1.00 ko,ko,4.79,4.79,,3.35,4.79,4003790000126,PROIZVODI ZA KUĆANSTVO
BOJA PALETTE ICC N7 INS COL 0095,06548065,PALETTE ICC,1.00 ko,ko,,3.49,3.49,3.49,3.49,3838824159652,KOZMETIKA
ULJE AFR BADEM ZA LICE 150ML 0936,06591157,AFRODITA,0.15 l,ko,8.99,59.93,,8.99,8.99,3831070659945,KOZMETIKA
LOSION NIV SUN SOS POS SUN 200ml,06592273,NIVEA,0.20 l,ko,10.99,54.95,,10.99,10.99,9005800326788,KOZMETIKA
AJAX FF LAGOON FLOWER 1L,08033799,AJAX,1.00 l,ko,3.69,3.69,,1.85,3.69,8718951278486,SREDSTVA ZA ČIŠĆENJE
JUNEĆI OSSO BUCO PAK PIK,90061978,PIK VRBOVEC,1.00 kg,kg,10.99,10.99,,7.2,10.99,3850139422283,HRANA
ŠAMPON ELSEVE HYALURON PURE 400 ml,90800300,LOREAL ELSEVE,0.40 l,ko,,11.23,4.49,4.79,5.99,3600524135041,KOZMETIKA
VINO ZINFANDEL TOUCH 0.75L,90814832,TOUCH,0.75 l,ko,6.05,8.07,,6.05,6.05,3859893289767,PIĆE
FLIPS HRUSTY MEDO CLASSIC 100g,90825587,HRUSTY,0.10 kg,ko,1.29,12.9,,1.29,1.29,3850334111074,HRANA
PRUTIĆ VOĆNI JABUKA MAL S ČOK 35 g N.A,90826066,NATURE ADDICTS,0.04 kg,ko,1.69,48.29,,1.69,1.69,3609200003339,HRANA
TP PALOMA CLASSIC 3SL 16/1,90880022,PALOMA,16.00 ko,ko,2.99,0.19,,2.99,2.99,3838952030823,TOALETNE POTREPŠTINE
PIVO STAROČEŠKO 0.0% 0.5 L LIM,90884940,STAROČEŠKO,0.50 l,ko,1.49,2.98,,1.49,1.49,3859893750960,PIĆE
ČETKICA COLGATE TRIPLE ACTION 2/1,90885336,COLGATE,2.00 ko,ko,1.99,1,,1.29,1.99,8718951309609,KOZMETIKA
NAPITAK RIŽA BIO ACTIVE ZONE 1 l,90895347,ACTIVE ZONE,1.00 l,ko,1.15,1.15,,1.15,1.15,3850334433077,HRANA
NAMAZ LINO LADA DUO 2.5 kg,90895365,LINO LADA,2.50 kg,ko,14.99,6,,14.99,14.99,3850104019791,HRANA
HRANA ZA KORNJAČE MIX 250ml,01640732,VITAKRAFT,0.25 l,ko,4.59,18.36,,4.59,4.59,4008239598066,PROIZVODI ZA KUĆANSTVO
DŽEM MAREL EKO 240G DIDA BOŽA,04280361,DIDA BOŽA,0.24 kg,ko,3.69,15.37,,2.58,3.69,3859891515523,HRANA
PAP RUPČIĆI ZEWA SOFTIS NEUT 10/1,05081854,ZEWA,10.00 ko,ko,2.99,0.3,,2.99,2.99,7322541110776,TOALETNE POTREPŠTINE
RUKAVICE SEMPERIT L-9   7680,05570988,SEMPERIT,1.00 ko,ko,1.69,1.69,,1.69,1.69,9001570497680,PROIZVODI ZA KUĆANSTVO
ČETKICA SIGNAL WHITE SYST M 1581,06610188,SIGNAL,1.00 ko,ko,4.29,4.29,,2.99,2.99,8718114198903,KOZMETIKA
SAPUN PALM OS MILK&HON 90g,90031244,PALMOLIVE,0.09 kg,ko,1.39,15.44,,1.39,1.39,8693495034180,KOZMETIKA
ČOKOLADA KANDI LJEŠNJAK 80g,90047113,KANDIT,0.08 kg,ko,1.85,23.13,,1.85,1.85,3858881046665,HRANA
STUDENAČKA SKUTA 250g BOSNIĆ,90059548,BOSNIĆ,0.25 kg,ko,3.19,12.76,,3.19,3.19,3859890153979,HRANA
PAHULJ LINO CRUNCH DUO PODR 225g,90059721,LINO,0.23 kg,ko,3.19,14.18,,2.49,3.19,3850104263149,HRANA
BOJA ZA KOLAČ ZELENA 10g DR.OETKER,90060240,DR OETKER,0.01 kg,ko,1.59,159,,1.59,1.59,5907707059544,HRANA
KAŠ INST ČOKOLINO PLUS 400g,90063360,LINO,0.40 kg,ko,4.99,12.48,,3.49,4.99,3850104263460,HRANA
VL MAR VIOL SENS BAD DUO 2X56/1,90078683,VIOLETA,112.11 ko,ko,3.65,0.03,,3.65,3.65,3870128007284,TOALETNE POTREPŠTINE
LOSOS ODREZAK PAK KONZUM,90078695,,1.00 kg,kg,,12.99,12.99,7.19,18.69,,HRANA
ŠUM TBL MULTI+MIN 96G 24TAB NATUREL,90078990,NATUREL,0.10 kg,ko,2.45,25.52,,2.45,2.45,3858887246496,HRANA
PAPAR CRNI ZRNO 40g MLIN ŠAFRAM,90083118,ŠAFRAM,0.04 kg,ko,2.52,63,,2.52,2.52,3859892109103,HRANA
REUMO GEL OLIVAL 250ml     ,90112349,OLIVAL,0.25 l,ko,4.49,17.96,,4.49,4.49,3859892751067,KOZMETIKA
SOK FRUCTAL ANANAS 1L,90112717,FRUCTAL,1.00 l,ko,2.49,2.49,,1.87,1.87,3838945509077,PIĆE
ČAJ DETOX AHMAD 20X2g,90147021,AHMAD,0.04 kg,ko,3.05,76.25,,3.05,3.05,054881013666,HRANA
MRAMORNI KOLAČ 400G GECCHELE,90158084,GECCHELE,0.40 kg,ko,3.45,8.63,,3.45,3.45,8015854142501,HRANA
VL MAR LUMPI  SENSITIVE 80/1,90184805,LUMPI,80.00 ko,ko,1.35,0.02,,1.35,1.35,3850334558589,TOALETNE POTREPŠTINE
ČAJ ZELENI 20X2g NATURAVITA,90212971,NATURAVITA,0.04 kg,ko,1.79,44.75,,1.79,1.79,3858884090580,HRANA
GRAH INDIANA 430g BONDUELLE,90220119,BONDUELLE,0.43 kg,ko,1.89,4.4,,1.32,1.89,3083681031171,HRANA
KRUH KLARA RUSTIKA 500G PAK KLARA,90228721,KLARA,0.50 kg,ko,1.95,3.9,,1.95,1.95,3856016902206,HRANA
LIKER CHERRY BRANDY 0.10 Bordo,90235797,MARASKA,0.10 l,ko,1.69,16.9,,1.69,1.69,3850158404000,PIĆE
KAKAO NESQUIK 490g NESTLE KUT,90240341,NESQUIK,0.49 kg,ko,6.89,14.06,,6.89,6.89,7613034916891,HRANA
SIR MEKI GRABANCIJAŠ 350G VINDIJA,90268096,VINDIJA,0.35 kg,ko,5.89,16.85,,5.89,5.89,3850108054026,HRANA
ZAČIN RUŽMARIN USITNJE VR 20g  VEGETA MAESTRO,90282118,VEGETA MAESTRO,0.02 kg,ko,0.89,44.5,,0.49,0.89,3850104294495,HRANA
FILET GRGEČA KONZUM,90298408,,1.00 kg,kg,12.59,12.59,,7.55,12.59,,HRANA
JUN KOLJENICA BK MARTINJAK MHF,90308792,,1.00 kg,kg,10.99,10.99,,10.99,10.99,3859893702372,HRANA
JUHA ORTOLANA 620g,90316219,DIMMIDISI,0.62 kg,ko,2.79,4.5,,2.79,2.79,8014190017108,HRANA
MJEŠAVINA MUFFIN ČOKO LAVA 300g DR. OETKER,90332410,DR OETKER,0.30 kg,ko,3.85,12.83,,3.85,3.85,5997381364225,HRANA
PAPIR ZA PEČENJE 8mX38cm,90344371,DOMUS,8.00 m,ko,2.25,0.28,,2.25,2.25,3859893097454,PROIZVODI ZA KUĆANSTVO
SVJEŽE PRHKO TIJESTO 350g HANS HENGLEIN,90344948,HANS HENGLEIN,0.35 kg,ko,1.59,4.54,,1.29,1.59,4001163135666,HRANA
PIVO PAN RADLER BRESKVA ĐUMBIR 0.5L PB,90360973,PAN,0.50 l,ko,1.25,2.5,,1.25,1.25,3858887583089,PIĆE
ZAČIN CHILI PEPERO MRVLJ ST 38g KOTANYI,90363952,KOTANYI,0.04 kg,ko,3.19,83.95,,2.95,3.19,9001414146132,HRANA
VREĆA SMEĆE BOJA FINO 60L 20/1,90364687,FINO,20.00 ko,ko,2.99,0.15,,2.39,2.39,5201314578031,PROIZVODI ZA KUĆANSTVO
VINO ORAHOVICA RIZLING RAJNSKI KV 0.75L,90380613,PP ORAHOVICA,0.75 l,ko,5.55,7.4,,5.55,5.55,3859888114074,PIĆE
SMJESA MIX C 1000g DR SCHAR,90386196,DR SCHAR,1.00 kg,ko,,5.02,5.02,6.29,6.29,8008698004852,HRANA
VINO PRIMITIVO LUCARELLI 0.75L,90402347,LUCARELLI,0.75 l,ko,8.69,11.59,,8.69,8.69,8019873924650,PIĆE
BOMBONI SKITTLES WILD BERRY VR 95G,90405123,WRIGLEY,0.10 kg,ko,1.59,16.74,,1.11,1.59,4009900510837,HRANA
NAMAZ MILKA 600g,90407637,MILKA,0.60 kg,ko,9.49,15.82,,9.49,9.49,7622201521257,HRANA
OSLIĆ ODREZAK KONZUM,90410218,KONZUM,1.00 kg,kg,10.49,10.49,,6.29,10.49,,HRANA
BRAŠNO HELJDINO 500g LETIFICO,90412463,LETIFICO,0.50 kg,ko,2.92,5.84,,2.92,2.92,3859893457777,HRANA
DEKOR SVJEĆ HAPPY B 20G DR OETKER,90412553,DR OETKER,0.02 kg,ko,3.89,194.5,,3.89,3.89,4000521035532,HRANA
ČAJ  ĐUMBIR LIMUN 20X2.5g NATURAVITA,90363489,NATURAVITA,0.05 kg,ko,2.19,43.8,,2.19,2.19,3858884091617,HRANA
KAVA PERFETTO ESPRESSO DG 10/1 70g BAR,90363502,BARCAFFE,0.07 kg,ko,3.98,56.86,,3.98,3.98,3838471037754,HRANA
PROSERIES ZERO SYRUP 425ml COOKIES&CREAM,90364400,POLLEO,0.43 l,ko,5.49,12.92,,5.49,5.49,3858892292426,HRANA
PRŠUT NAREZAK 200g PIVAC,90364988,PIVAC,0.20 kg,ko,5.79,28.95,,4.79,5.79,3858884994765,HRANA
DATULJA VEDRINI BEZ KOŠTICE 125g,90377901,VEDRINI,0.13 kg,ko,1.35,10.8,,1.09,1.09,3858889332197,HRANA
GEL TUŠ PALM BLCK ORCHID 750ml,90378117,PALMOLIVE,0.75 l,ko,6.69,8.92,,6.49,6.49,8693495035972,KOZMETIKA
LIZALICA KIŠOBRAN 40g,90380393,FANTASIA,0.04 kg,ko,0.93,23.25,,0.93,0.93,3859892573324,HRANA
KIKIRIKI U TIJESTU WASABI 60g MOGYI,90381878,MOGYI,0.06 kg,ko,0.8,13.33,,0.6,0.8,5997347541301,HRANA
PUDING PROTEIN ČOK 180g VINDIJA,90389420,VINDIJA,0.18 kg,ko,1.29,7.17,,1.09,1.29,3850108040913,HRANA
SIR EMMENTALER NAR 100G PRESIDENT,90392127,PRESIDENT,0.10 kg,ko,2.29,22.9,,2.29,2.29,8595021607458,HRANA
DN UL VIOLETA KANTARION SENSITIVE 50/1,90402168,VIOLETA,50.00 ko,ko,,0.04,1.99,1.99,2.65,3870128007031,TOALETNE POTREPŠTINE
INSTANT NES GOLD COLOMBIE ST 200G,90402281,NESCAFE,0.20 kg,ko,14.99,74.95,,14.99,14.99,9002100103408,HRANA
BRAŠNO HELJDINO 1kg PODRAVKA,90403363,PODRAVKA,1.00 kg,ko,3.99,3.99,,3.99,3.99,3838700295276,HRANA
KEKS BAIOCCHI 168g  BARILLA,90403982,BARILLA,0.17 kg,ko,2.19,13.04,,1.64,2.19,8076809574969,HRANA
ŠIPAK VOĆNI LIKER OD LJUTOG NARA 0.5 NATURA ANTUNOVIC,90404171,NATURA ANTUNOVIC,0.50 l,ko,15.39,30.78,,15.39,15.39,3858890745023,PIĆE
ČAJ ŠIPAK 100g,90404286,SUBAN,0.10 kg,ko,2.65,26.5,,2.39,2.65,3858882912334,HRANA
ZAČIN GRILL DOZA BARBEC 80g KOTANYI,90405955,KOTANYI,0.08 kg,ko,2.89,36.13,,1.44,2.89,9001414003275,HRANA
JANJETINA PAŠKA S GLAVOM,90406635,PIK VRBOVEC,1.00 kg,kg,25.99,25.99,,18.18,25.99,3850139520200,HRANA
LEDENI DESERT ČOKOLADA 96g DR.OETKER,90408360,DR OETKER,0.10 kg,ko,1.39,14.48,,1.39,1.39,5997381365901,HRANA
KEKS DULCETTI CHOCO PETIT 125g,90412429,DULCETTI,0.13 kg,ko,1.99,15.92,,1.99,1.99,3850334134752,HRANA
JAJA SVJ SLOB UZGOJ M 10/1,90423579,K PLUS,10.00 ko,ko,3.12,0.31,,3.12,3.12,3850334234186,HRANA
UMAK PESTO ROSO 190g MINUTE,90432901,MINUTE,0.19 kg,ko,2.49,13.11,,2.49,2.49,3859888798878,HRANA
SIR TVRDI SNACK MR BOKUNIĆ 100g,90432975,PAŠKA SIRANA,0.10 kg,ko,2.19,21.9,,1.99,2.19,3859892884789,HRANA
PANIRANI PILEĆI CORDON BLEU 240g,90438161,CEKIN,0.24 kg,ko,3.45,14.37,,3.45,3.45,3850159141317,HRANA
ČAJ SAN 40g PODRAVKA,90442954,PODRAVKA,0.04 kg,ko,2.85,71.25,,2.85,2.85,3850104301278,HRANA
PLOČICA ENERG LJUTA LIMETA EKO 50g RAW BITE,90448032,RAW BITE,0.05 kg,ko,2.59,51.8,,2.59,2.59,5712840020043,HRANA
MAJONEZA THOMY 611g + 150g GR,90448038,THOMY,0.76 kg,ko,3.65,4.8,,3.65,3.65,3858890178692,HRANA
VOĆNE KUGL MAGMA 48g FIT FIT,90448314,FIT&FIT,1.00 ko,ko,1.59,1.59,,1.59,1.59,8681917254346,HRANA
PEL VIOLETA MAXI 4 GIGA 104/1,90453749,VIOLETA,104.06 ko,ko,19.99,0.19,,19.99,19.99,3870128025509,TOALETNE POTREPŠTINE
KOCKE ZA POTPALU 48/1 HOME PARAFIN,90457844,HOME,48.01 ko,ko,,0.01,0.59,0.99,0.99,3838900984703,PROIZVODI ZA KUĆANSTVO
DEO AXE BLACK XXL 250ml,90477885,AXE,0.25 l,ko,6.49,25.96,,6.49,6.49,8720181047725,KOZMETIKA
DEO DOVE W ACAI BER&WAT 150ml,90478371,DOVE,0.15 l,ko,3,20,,3,3,8720181291401,KOZMETIKA
DEO SPRAY NIVEA M ACT ENER 150ml,90483704,NIVEA,0.15 l,ko,,24.67,3.7,3.95,5.29,9005800344799,KOZMETIKA
PIĆE GAZ SCHWEPPES PINK GRAPEFR 1L,90484800,SCHWEPPES,1.00 l,ko,1.79,1.79,,1.79,1.79,5449000245236,PIĆE
VRHNJE KISELO 12% M.M. 180g KRAVICA,90485426,KRAVICA KRALJICA,0.18 kg,ko,0.89,4.94,,0.69,0.69,3856015324375,HRANA
SIR POLU CHEDDAR VINTAGE 200g,90487208,PRESIDENT,0.20 kg,ko,4.39,21.95,,4.39,4.39,5017838821634,HRANA
DŽEM JAGODA 430g MADRE NATURA,90494872,MADRE NATURA,0.43 kg,ko,3.99,9.28,,3.99,3.99,3859892918477,HRANA
JOGURT TEKUĆI 1.5 KG DUKAT,90514027,DUKAT,1.50 kg,ko,3.05,2.03,,3.05,3.05,3850354016038,HRANA
SMOOTHIE B'AKTIV BOROV-BAN 330g,90514033,B'AKTIV,0.33 kg,ko,1.85,5.61,,1.39,1.85,3850354015888,HRANA
RAKIJA TRAVARICA VINOPLOD 0.7L,90514322,VINOPLOD,0.70 l,ko,11.05,15.79,,11.05,11.05,3858892460429,PIĆE
LIKER AURA TERANINO 0.7L,90528138,AURA,0.70 l,ko,26.05,37.21,,26.05,26.05,3859892613365,PIĆE
BLAZINICE OLEA 140/1,90528306,OLEA,140.06 ko,ko,,0.01,0.95,1.19,1.19,8605002353233,TOALETNE POTREPŠTINE
FEFERONI MIX GRIL 230g MADRE NATURA,90568562,MADRE NATURA,0.23 kg,ko,3.19,13.87,,3.19,3.19,3859892918170,HRANA
AJVAR DOMAĆI BLAGI 550g MADRE NATURA,90568566,MADRE NATURA,0.55 kg,ko,8.79,15.98,,8.79,8.79,3859892918996,HRANA
DESERT MONTE TOP CUP 70g,90570578,MONTE,0.07 kg,ko,0.76,10.86,,0.76,0.76,4014500511559,HRANA
KREMA LICE SN BB OILFRE MED 50ml,90571684,GARNIER,0.05 l,ko,9.99,199.8,,9.99,9.99,3600542415194,KOZMETIKA
CEDEVITA NARANČA 455g,90571951,CEDEVITA,0.46 kg,ko,3.95,8.68,,3.95,3.95,3850322014882,PIĆE
VODICA MICEL NIVEA ROSE T 400ml,90572221,NIVEA,0.40 l,ko,,14.98,5.99,8.69,8.69,9005800347028,KOZMETIKA
DET NILA MY HAPPY COLORS 3.7L,90593631,NILA,3.70 l,ko,4.99,1.35,,4.99,4.99,3850105180704,SREDSTVA ZA ČIŠĆENJE
KAVA LUNGO INTENSO NS 10/1 77g JACOBS,90623145,JACOBS,0.08 kg,ko,5.59,72.6,,5.59,5.59,8711000371244,HRANA
ČAJ SLIM LIMUN/ZELENI ČAJ 20X1.5g AHMAD,90623183,AHMAD,0.03 kg,ko,3.32,110.67,,3.32,3.32,054881020350,HRANA
CAPP JACOBS ICED ORGIN 17.8g,90627711,JACOBS,0.02 kg,ko,0.59,33.15,,0.59,0.59,8711000680292,HRANA
ARF STAKLO 650 ml,90627899,ARF,0.65 l,ko,1.79,2.75,,1.49,1.49,3850105181015,SREDSTVA ZA ČIŠĆENJE
TOMI MM 85G PILETINA,90673260,TOMI,0.09 kg,ko,0.89,10.47,,0.89,0.89,4003024157268,PROIZVODI ZA KUĆANSTVO
PIVO GARDEN OBALA 0.44L ,90677980,GARDEN,0.44 l,ko,2.99,6.8,,2.99,2.99,3858893811268,PIĆE
KREKER TAK MULTIGRAIN CLASSIC 115g,90704668,TAK,0.12 kg,ko,1.09,9.48,,1.09,1.09,8600114009474,HRANA
UMAK RAJČICA I PARMIGIANO SIR 400g MUTTI,90704973,MUTTI,0.40 kg,ko,2.99,7.48,,2.99,2.99,8005110000775,HRANA
ČIPS HRUSTY LUK I VRHNJE  XCUT 150g,90705147,HRUSTY,0.15 kg,ko,1.29,8.6,,1.29,1.29,3850334044730,HRANA
SIR TVRDI OVČJI DIMLJENI 150g,90705268,INTERLAT,0.15 kg,ko,3.99,26.6,,2.99,3.99,8427298009584,HRANA
VODA CEDEVITA VIT LIMUN NAR 0.5L ,90705614,CEDEVITA,0.50 l,ko,1.15,2.3,,1.15,1.15,3850322016206,PIĆE
INSTANT KAVA CREMA ST 180G BARCAFFE,90707703,BARCAFFE,0.18 kg,ko,8.49,47.17,,8.49,8.49,3838471049689,HRANA
OM SILAN MAGNOLIA 770ml,90713180,SILAN,0.77 l,ko,3.65,4.74,,3.65,3.65,9000101581416,SREDSTVA ZA ČIŠĆENJE
VINO OREE DES ROSES 0.75L,90669647,OREE DES ROSES,0.75 l,ko,7.39,9.85,,7.39,7.39,3500610137648,PIĆE
ČOKOLADA RITTER KOKOS 100g,90403721,RITTER SPORT,0.10 kg,ko,1.79,17.9,,1.79,1.79,4000417298003,HRANA
ČAJ PODRAVSKI 60g PIRAMID PAMPA-TEA,90408756,PAMPA TEA,0.06 kg,ko,10.39,173.17,,10.39,10.39,3859891239368,HRANA
PUREĆA DIMLJENA NAR 100g PIK,90409805,PIK,0.10 kg,ko,2.59,25.9,,1.89,2.59,3850139520453,HRANA
PECIVO HAMBURGER BG 4X75G 300g DR SCHAR,90412736,DR SCHAR,0.30 kg,ko,,13.03,3.91,4.89,4.89,8008698012246,HRANA
AJVAR K PLUS LJUTI 680g,90423940,K PLUS,0.68 kg,ko,2.79,4.1,,2.49,2.79,3850334234964,HRANA
LOSOS SUP 4/5 MOWI,90425108,MOWI,1.00 kg,kg,,11.99,11.99,6.59,16.99,97055722040892,HRANA
SET NEUTROGENA PLAVI 2020,90427996,NEUTROGENA,1.00 ko,ko,8,8,,8,8,3858890476163,KOZMETIKA
NAPITAK OD ĐUMBIRA EKO 75ml GREEN,90448242,GREEN IN PACK,0.08 kg,ko,1.99,26.53,,1.99,1.99,3859894229007,PIĆE
UMAK LJUTI ORIGINAL 100ML VRABANERO,90494504,VRABANERO,0.10 l,ko,6.99,69.9,,6.99,6.99,3858893750222,HRANA
MIN VODA JAMNICA MILD 0.5L PET,90494684,JAMNICA,0.50 l,ko,0.85,1.7,,0.85,0.85,3858890875546,PIĆE
VL MARAMICE HIGI 3X 72/1 XXL,90503144,HIGI,72.05 ko,ko,2.29,0.03,,2.29,2.29,3870128028470,TOALETNE POTREPŠTINE
BOMBON ŽELE KOCKA 320g KANDIT,90523136,KANDIT,0.32 kg,ko,2.55,7.97,,2.55,2.55,3856024802338,HRANA
PAŠTETA TUNA 3X95g ARGETA,90568281,ARGETA,0.29 kg,ko,4.99,17.51,,4.99,4.99,3838471033190,HRANA
HIG UL LIBRESSE ULT NORM PURE SENS 12/1,90568369,LIBRESSE,12.00 ko,ko,3,0.25,,1.99,3,7322541161747,TOALETNE POTREPŠTINE
PROSECCO MIONETTO ROSE 0.75L,90568742,MIONETO,0.75 l,ko,14.99,19.99,,11.55,14.99,8006220003274,PIĆE
ČOKOLADA RAFFAELLO 90g,90569216,FERRERO,0.09 kg,ko,2.49,27.67,,2.49,2.49,8000500359556,HRANA
KEKS BOOM BOX ZOB BOROV VANILIJA 50g,90599762,BOOM BOX,0.05 kg,ko,0.99,19.8,,0.99,0.99,3858890479409,HRANA
KIKIRIKI MASLAC PROTEIN GO ON KOKOS 350g ,90617798,GO ON,0.35 kg,ko,4.99,14.26,,4.99,4.99,5900617041241,HRANA
MUESLI GRANOLA FITNESS CHOCO 300g NESTLE,90617871,NESTLE ŽITAR,0.30 kg,ko,4.69,15.63,,4.59,4.59,7613035619425,HRANA
KAVA LAVAZZA CREM E GUSTO CLAS ZRNO 1kg,90623323,LAVAZZA,1.00 kg,ko,27.99,27.99,,27.99,27.99,8000070051003,HRANA
PROTEIN PRO WHEY MILK CHOCOLATE 2kg,90623624,POLLEO,2.00 kg,ko,59.99,30,,59.99,59.99,3856026800578,HRANA
DET FAKS LAVANDA SMILJE 4.875kg=75PR,90628075,FAKS,4.88 kg,ko,12.99,2.66,,12.99,12.99,3850105179654,SREDSTVA ZA ČIŠĆENJE
ŠPINAT 400g LEDO,90668483,LEDO,0.40 kg,ko,1.99,4.98,,1.99,1.99,3850116053257,HRANA
MARINIRANI PILEĆI MIX RAW-ŠTILJ ,90672695,RAW ŠTILJ,1.00 kg,kg,7.69,7.69,,6.59,7.69,3850159155352,HRANA
KREKER SIR RAJČ BOSILJ 130 g DANVITA,90675282,DANVITA,1.00 ko,ko,2.29,2.29,,1.79,2.29,4771218201935,HRANA
GIN CASTLE 0.7L ,90675742,CASTLE,0.70 l,ko,5.75,8.21,,5.75,5.75,3850164243525,PIĆE
MIX KINDER HAPPY MOMENTS 161g,90698844,FERRERO,0.16 kg,ko,5.39,33.48,,5.39,5.39,8000500389652,HRANA
OM VIOLETA PARADISE 1.71L,90699057,VIOLETA,1.71 l,ko,4.55,2.66,,2.99,4.55,3870128034655,SREDSTVA ZA ČIŠĆENJE
MARINATO GRILL FILE ZABATKA CEKIN,90707057,CEKIN,1.00 kg,kg,9.99,9.99,,9.99,9.99,3850159150265,HRANA
INSTANT KAVA CLAS LIM 200g BARCAFFE,90707690,BARCAFFE,0.20 kg,ko,8.19,40.95,,8.19,8.19,3838471049474,HRANA
PLOČICA KIKIR BADEM 50g NUTTY,90708075,NUTTY,0.05 kg,ko,1.59,31.8,,1.59,1.59,3857500109637,HRANA
PIĆE GAZ TH. HENRY MYSTIC MANGO 0.2 L,90713381,THOMAS HENRY,0.20 l,ko,2.19,10.95,,2.19,2.19,4251760800102,PIĆE
PUDING ŠLAG ČOK 175g FINESSE,90713932,FINESSE,0.18 kg,ko,0.39,2.23,,0.39,0.39,3850334043344,HRANA
TIJESTO FUSILLINI 500g PASTA ZARA,90725841,PASTA ZARA,0.50 kg,ko,1.59,3.18,,0.89,1.59,8004350130648,HRANA
VINO MINUTY PRESTIGE BLANC 0.75L,90730941,MINUTY,0.75 l,ko,20,26.67,,20,20,3547103230004,PIĆE
ČOKOLADA MILKA GINGERBREAD 300g,90730977,MILKA,0.30 kg,ko,5,16.67,,3.99,3.99,7622201386191,HRANA
TUBA FRULLÀ BIO JAB/BOR/ZOB 100g,90734719,FRULLA,0.10 kg,ko,0.89,8.9,,0.89,0.89,8024985012379,HRANA
PRALINE MASLAC BADEM 39G BETT R,90739970,BETT R,0.04 kg,ko,2.79,71.54,,1.99,2.79,3800233781236,HRANA
DET PERWOLL COLOR 3.75L=75PR,90745036,PERWOLL,3.75 l,ko,19.49,5.2,,19.49,19.49,9000101810325,SREDSTVA ZA ČIŠĆENJE
PEL VIOLETA JUNIOR+ 6 GIANT 96/1,90745245,VIOLETA,95.97 ko,ko,22.99,0.24,,22.99,22.99,3870128033054,TOALETNE POTREPŠTINE
VREĆA SMEĆE PREMIUM 35l 15/1 ALUFIX,90754956,ALUFIX,15.00 ko,ko,2.39,0.16,,1.79,2.39,4823071655322,PROIZVODI ZA KUĆANSTVO
COCKT RTD PELIN SPRITZ LEMON 0.25L,90764796,BADEL 1862,0.25 l,ko,2.05,8.2,,1.79,2.05,3850112143075,PIĆE
KANTA OCJEĐIVAČ OKRUGLA 12 L CS,90799930,CLEAN SMART,1.00 ko,ko,5.19,5.19,,3.63,5.19,3859893097201,PROIZVODI ZA KUĆANSTVO
PIRE VOĆNI  JAB KRUŠ KIWI 200 g BB,90800609,BOOM BOX,0.20 kg,ko,1.99,9.95,,1.49,1.99,3856027801307,HRANA
PODLOGA ZA TORTU SVIJ SWEET CHEF 400g,90810394,SWEET CHEF,0.40 kg,ko,3.49,8.73,,3.49,3.49,8605028611874,HRANA
KNEDLE DUPLO PUNJENJE MINUTE 600 g,90810828,MINUTE,0.80 kg,ko,2.99,3.74,,2.99,2.99,3850334429766,HRANA
RAKIJA VILJAMOVKA PREMIUM ŠIMIĆ 0.5 L,90814733,ŠIMIĆ,0.50 l,ko,23.05,46.1,,23.05,23.05,3859890900528,PIĆE
TP ZEWA DELUXE BIJELA 3SL 12/1,90814735,ZEWA,12.00 ko,ko,3.99,0.33,,3.99,3.99,7322540989779,TOALETNE POTREPŠTINE
KIMCHI KURKUMA 320/240g MIGHTY FARMER,90819739,MIGHTY FARMER,0.24 kg,ko,7.49,31.21,,7.49,7.49,5600797937180,HRANA
ČAJ JABUKA CIMET 20X3g NATURAVITA,90824837,NATURAVITA,0.06 kg,ko,2.19,36.5,,2.19,2.19,3858884092270,HRANA
SIRUP AGAVA BIO 350 g NUTRIGOLD,90825073,NUTRIGOLD,0.35 kg,ko,3.39,9.69,,3.39,3.39,3858891971476,HRANA
TIJESTO IST KRPICE S JAJ SPEC MOM 500g,90825340,SPECIAL MOMENTS,0.50 kg,ko,2.99,5.98,,2.99,2.99,3850334431080,HRANA
SOMUN MINI 6X50 g TVOJIH 5 MINUTA,90825698,TVOJIH 5 MIN,0.30 kg,ko,1.49,4.96,,1.49,1.49,8606028305855,HRANA
GAZ PIĆE MIRINDA ZERO 2 L,90826544,MIRINDA,2.00 l,ko,2.05,1.03,,1.85,2.05,3830065023846,PIĆE
SOL MORSKA SA ZAČ BILJ SPEC MOM 110g,90829784,SPECIAL MOMENTS,0.11 kg,ko,2.99,27.18,,2.99,2.99,3850334430595,HRANA
ŠLJIVA SUHA B/K FP EC99 300 g,90850342,PERFECT DAY,0.30 kg,ko,2.69,8.97,,2.02,2.69,3872084016034,HRANA
ŠAMPON PANTENE 3U1 COLOR 325 ml,90850418,PANTENE,0.33 l,ko,5.99,18.43,,4.49,4.49,8700216567152,KOZMETIKA
ZP COLGATE MAX WHITE BYE STAIN 75 ml,90850487,COLGATE,0.08 l,ko,3.99,53.2,,2.79,3.99,8718951610521,KOZMETIKA
GRAH SMEĐI GARDEN GOOD 800/480 g,90854721,GARDEN GOOD,0.48 kg,ko,1.49,3.1,,1.49,1.49,3838900842874,HRANA
SVINJSKI ODRESCI OD BUTA AVE 400 g,90859909,AVE,0.40 kg,ko,4.99,12.48,,3.49,4.99,3831020349292,HRANA
RAJČICA PASIRANA BIO 690g PODRAVKA,90406206,PODRAVKA,0.69 kg,ko,2.95,4.28,,2.95,2.95,3856020239695,HRANA
RAJČICA PASIRANA 700g STAR,90406750,STAR,0.70 kg,ko,2.19,3.13,,2.19,2.19,8410300359524,HRANA
SENDVIČ PANE AMORE ŠUNKA SIR 130G,90408710,PANE AMORE,0.13 kg,ko,2.79,21.46,,2.79,2.79,8020693230012,HRANA
WHISKEY KENTUCKY HIGHWAY 0.7L,90411183,KENTUCKY HIGHWAY,0.70 l,ko,10.45,14.93,,10.45,10.45,4006714007669,PIĆE
SAPUN TEK AFRODITA LEMON 1L,90412567,AFRODITA,1.00 l,ko,5.69,5.69,,5.69,5.69,3831070652847,KOZMETIKA
MAST KOKOSOVA POP ZA KUHANJE 250g,90498246,PLANET OF PLANTS,0.25 kg,ko,1.99,7.96,,1.99,1.99,3856015322500,HRANA
TUBA FRUTOLI JAB/KRUŠ/BAN 100g,90568469,LINO,0.10 kg,ko,1.39,13.9,,1.39,1.39,3856020248093,HRANA
MR MUSCOLO KUHINJA GEL 1L,90569507,MR MUSCOLO,1.00 l,ko,7.29,7.29,,6.99,6.99,5000204199604,SREDSTVA ZA ČIŠĆENJE
SIRUP VIŠNJA 0.5L BOBO,90571036,BOBO,0.50 l,ko,5.69,11.38,,5.69,5.69,3859893313615,PIĆE
JUHA GOV. NOODLES 75g FINI MINI ,90599207,FINI MINI,0.08 kg,ko,0.69,9.2,,0.69,0.69,3856020258054,HRANA
LJEŠNJAK JEZGRA PP ORAHOVICA 500g,90622799,PP ORAHOVICA,0.50 kg,ko,6.79,13.58,,6.79,6.79,3858889832871,HRANA
BAGUETTE MINI 150g DR. SCHÄR ,90627780,DR SCHAR,0.15 kg,ko,,17,2.55,3.19,3.19,8008698003213,HRANA
LIKER MARTINI FIERO 1L,90642888,MARTINI,1.00 l,ko,16.05,16.05,,16.05,16.05,7630040402521,PIĆE
BOMBON IBON 1000g ELVAN,90648048,ELVAN,1.00 kg,ko,6.29,6.29,,6.29,6.29,8693029604353,HRANA
DET ARIEL COLOR 13TAB,90662792,ARIEL,13.00 ko,ko,10.89,0.84,,10.89,10.89,8001090726377,SREDSTVA ZA ČIŠĆENJE
ŠAMPON SCHAUMA 7 TRAVA 750ml,90669373,SCHAUMA,0.75 l,ko,7.99,10.65,,7.99,7.99,9000101681123,KOZMETIKA
TIJESTO REZ S JAJ MAMINI 400g KOLEDA,90670125,KOLEDA,0.40 kg,ko,2.25,5.63,,1.59,2.25,3859888433519,HRANA
DESERT SNICKERS CREAMY 36.5g,90670353,MARS,0.04 kg,ko,1.19,32.6,,0.95,1.19,5900951310379,HRANA
NEKTAR+PIĆA VINDI MIX OKUSA 4X1L,90682932,VINDI,4.00 l,ko,4.39,1.1,,4.39,4.39,3850108074390,PIĆE
RAJČICA PASIRANA ST 560g MUTTI,90704929,MUTTI,0.56 kg,ko,2.49,4.45,,1.59,2.49,8005110630569,HRANA
DET ARIEL M SPRING 1.98kg=36PR,90706049,ARIEL,1.98 kg,ko,10,5.05,,10,10,8006540940204,SREDSTVA ZA ČIŠĆENJE
WANPY CAT CREAMY TUNA PIL 5x14G,90707542,WANPY,0.07 kg,ko,2.39,34.14,,1.67,2.39,6927749871088,PROIZVODI ZA KUĆANSTVO
MAČKA TOTAL FISH ,90719739,KARIJA,1.00 kg,kg,4.19,4.19,,2.51,4.19,,HRANA
DET FROSCH LIMETA 30 TAB,90725139,FROSCH,30.00 ko,ko,7.99,0.27,,5.59,7.99,4001499963339,SREDSTVA ZA ČIŠĆENJE
DET WOOLITE DARK 4.5L,90729717,WOOLITE,4.50 l,ko,8.99,2,,8.99,8.99,5900627056945,SREDSTVA ZA ČIŠĆENJE
KOBASICA  KRANJSKA 150g,90732093,GAVRILOVIĆ,0.15 kg,ko,2.55,17,,2.55,2.55,3858892725382,HRANA
CESAR MP PILETINA PURETINA 150 g,90750821,CESAR,0.15 kg,ko,1.59,10.6,,1.29,1.59,4008429061868,PROIZVODI ZA KUĆANSTVO
KOLAČ INTENSE BROWNIE 36 g JAFFA,90754695,JAFFA,0.04 kg,ko,0.59,16.39,,0.47,0.59,8600114011477,HRANA
SOMAT EXCELLENCE 5IN1 54TAB,90765294,SOMAT,54.03 ko,ko,,0.27,14.49,14.49,14.49,9000101807936,SREDSTVA ZA ČIŠĆENJE
PATRONE VENUS SUGARBERRY 4/1,90775174,VENUS,4.00 ko,ko,15,3.75,,15,15,8700216122849,KOZMETIKA
DŽEM K PLUS EXTRA JAGODA 350g,90794852,K PLUS,0.35 kg,ko,2.49,7.11,,1.99,2.49,3850334111456,HRANA
DŽEM K PLUS EXTRA JAGODA MANJE Š 330g,90794854,K PLUS,0.33 kg,ko,1.99,6.03,,1.99,1.99,3850334111784,HRANA
KEČAP BLAGI 310g PODRAVKA,90794909,PODRAVKA,0.31 kg,ko,1.49,4.81,,1.49,1.49,3856020273880,HRANA
NAMAZ KOKOS PRŽ BADEM PROT 180g GO ON,90814752,GO ON,0.18 kg,ko,4.99,27.72,,4.99,4.99,5900617044822,HRANA
PINĐUR BLAGI 300 g GURMANO,90849988,GURMANO,0.30 kg,ko,5.99,19.97,,5.99,5.99,5319991599710,HRANA
NAMAZ ALPINESSE CL 400 g MEGGLE,90859927,ALPINESSE,0.40 kg,ko,4.99,12.48,,4.99,4.99,4034900008589,HRANA
SOČNA ROŠTILJ VRATINA U MARIN 460 g,90909781,AVE,0.46 kg,ko,5.99,13.02,,5.99,5.99,3831020349414,HRANA
TIKVA PUTER,01405783,,1.00 kg,kg,1.49,1.49,,1.49,1.49,3850334386519,HRANA
PAPRIKA FEFERON 150 grama,01407832,,0.15 kg,ko,1.69,11.27,,1.69,1.69,3858885878040,HRANA
SOMAT EXCELLENCE 5IN1 20TAB,90784870,SOMAT,20.00 ko,ko,17.99,0.9,,17.99,17.99,9000101808384,SREDSTVA ZA ČIŠĆENJE
PIVO EFES PILSENER 0.3 L NB,90814663,EFES,0.30 l,ko,1.49,4.97,,1.49,1.49,8690520011567,PIĆE
KVINOJA ŠARENA BIO ZONE 500 g,90824908,BIO ZONE,0.50 kg,ko,4.49,8.98,,4.49,4.49,3838900841181,HRANA
MUFFIN NUTELLA 4x66 g,90825177,FERRERO,0.26 kg,ko,5.99,22.7,,5.99,5.99,8000500431269,HRANA
CAPPUCCINO FONTANA 8/1 144g FRANCK,90825457,FRANCK,0.14 kg,ko,,22.85,3.29,3.29,3.89,3850291055466,HRANA
TORTA ČOKOLADA 850 g CALLIPO,90825983,CALIPPO,0.85 ko,ko,,11.89,10.08,11.99,11.99,8033706190326,HRANA
DET ARIEL FRESH AIR 36 TAB,90826034,ARIEL,36.00 ko,ko,15,0.42,,15,15,8700216357074,SREDSTVA ZA ČIŠĆENJE
ĆUFTE KRUMPIR PIRE 300 g CHEF,90826053,EUROCHEF,0.30 kg,ko,5.49,18.28,,5.49,5.49,8013554113449,HRANA
GOURMET PERLE MM PAČ JAN TUN 4X85 g,90830070,GOURMET,0.34 kg,ko,3.09,9.09,,2.49,3.09,7613287781789,PROIZVODI ZA KUĆANSTVO
SIR MOZZARELLA ALPINETTA,90835072,MARAGONI,1.00 kg,kg,8.99,8.99,,6.99,6.99,4020420112349,HRANA
PRAH ZOE BOSS SLEEP MARSHMALL 200 g,90839921,ZOE,0.20 kg,ko,27.99,139.95,,27.99,27.99,3856026709802,HRANA
BOMBON ŽELE PUNJ VOĆNI MIX 200 g ROSHEN,90840033,ROSHEN,0.20 kg,ko,1.49,7.45,,1.49,1.49,4823077602863,HRANA
KREMA VASELINE KAKAO 100 ml,90850082,VASELINE,0.10 l,ko,,27.9,2.79,3.79,3.79,8710447485323,KOZMETIKA
ZP SIGNAL WHITE SYSTEM CHARC 75 ml,90850538,SIGNAL,0.08 l,ko,3.29,43.87,,2.29,2.29,8720181472626,KOZMETIKA
DEO PLAYBOY W PLAY IT SEXY 150 ml,90850941,PLAYBOY,0.15 l,ko,3.99,26.6,,3.99,3.99,5050456007455,KOZMETIKA
ŠUNKA K PLUS SCHWARZWA 100 g NAREZAK,90869954,K PLUS,0.10 kg,ko,2.19,21.9,,2.19,2.19,3850334432223,HRANA
ROLL ON DJ MELEM MAN LIM 30 ml,90874880,MELEM,0.03 l,ko,,69.67,2.09,1.99,2.49,3856007912672,KOZMETIKA
ROLL ON DJ MELEM JAG MAL 30 ml,90874890,MELEM,0.03 l,ko,,69.67,2.09,1.99,2.49,3856007912665,KOZMETIKA
VREĆA SMEĆE HD 35L 30/1 DAX,90875159,DAX,30.00 ko,ko,0.75,0.02,,0.6,0.75,3850334101563,PROIZVODI ZA KUĆANSTVO
HIG UL ALWAYS PLAT NORMAL 30/1,90879962,ALWAYS P&G,30.00 ko,ko,5.45,0.18,,5.45,5.45,8001841913803,TOALETNE POTREPŠTINE
KREMA ZORINA MAST OČI 15 ml,90885229,ZORINA MAST,0.02 l,ko,16.79,1119.33,,16.79,16.79,3859894008473,KOZMETIKA
SPREJ TAFT ALOE 150 ml,90885539,TAFT,0.15 l,ko,,31.93,4.79,5.99,5.99,9000101744408,KOZMETIKA
REG OGX KERATIN 385 ml,90885659,OGX,0.39 l,ko,,17.38,6.69,8.45,8.45,0022796977526,KOZMETIKA
SLAD BARATOLLINO WAFER LOAKER 800 ml,90886248,SAMMONTANA,0.80 l,ko,5.99,7.49,,5.99,5.99,8005840021576,HRANA
DET ARIEL FRESH 2.2 kg=40PR,90886302,ARIEL,2.20 kg,ko,17.99,8.18,,11.49,17.99,8700216733458,SREDSTVA ZA ČIŠĆENJE
KOKICE CARAMEL CHOCO 170 g BOOMZA,90887160,BOOMZA,0.17 kg,ko,2.49,14.65,,2.49,2.49,4820196732037,HRANA
VODA CEDEVITA VIT LIMUN NAR 1.5 L,90889872,CEDEVITA,1.50 l,ko,1.69,1.13,,1.69,1.69,3850322017036,PIĆE
VODA VITAMIN IMMUNO BOOST JUICY 0.5L,90890112,JUICY,1.00 ko,ko,1.05,1.05,,1.05,1.05,3858890972214,PIĆE
ULJE MASLINOVO EX DJEV 0.25 l BLATO,90890399,BLATO 1902,0.25 l,ko,7.99,31.96,,7.99,7.99,3859888154261,HRANA
TIJESTO TORTIGLIONI RIG LC 500 g BAR,90890419,BARILLA,0.50 kg,ko,2.85,5.7,,2.85,2.85,8076809584920,HRANA
CAPP FR ČOKOLADA 3X144 g SUPER PONUD,90894993,FRANCK,0.43 kg,ko,7.95,18.4,,7.95,7.95,3850291055671,HRANA
SLAD GELATISSIMO FORTE KARAM 1650 ml,90900017,GELATISSIMO,1.65 l,ko,4.99,3.02,,4.99,4.99,3850334437419,HRANA
PROT PUD ŠLAG VAN ACTIV ZONE 4X115g,90900125,ACTIVE ZONE,0.46 kg,ko,2.49,5.41,,2.49,2.49,3838900836811,HRANA
KUPUS KISELI REZANI 500g MADIG,01400078,,0.50 kg,ko,1.09,2.18,,1.09,1.09,3859891493036,HRANA
SALATA CIKORIJA 500 grama,01400084,,0.50 kg,ko,1.99,3.98,,1.99,1.99,8717154170016,HRANA
NAMAZ VOĆ MAREL 284g DALFOUR,01465028,ST DALFOUR,0.28 kg,ko,4.64,16.34,,4.64,4.64,3492390007290,HRANA
PEDIGREE MP ADULT 4X100g,01641305,PEDIGREE,0.40 kg,ko,,5.73,2.29,2.99,2.99,5900951021015,PROIZVODI ZA KUĆANSTVO
UGOR OČIŠĆ 2-4kg FIORITAL,02197494,,1.00 kg,kg,6.99,6.99,,4.19,6.99,,HRANA
VONGOLE SVJEŽE,02197625,,1.00 kg,kg,18.19,18.19,,10.91,18.19,,HRANA
PILEĆI FILE OD PRSA OB PAK PODL KOKA,02434282,CEKIN,1.00 kg,kg,12.69,12.69,,12.69,12.69,3850159110580,HRANA
SENDVIČ MONTANA CLASSIC ŠUNKA 180g,02520866,MONTANA,0.18 kg,ko,2.99,16.61,,2.99,2.99,3859889353656,HRANA
VINO HVARSKI PLAVAC 0.75L KV BADEL,03021565,IVAN DOLAC HVAR,0.75 l,ko,7.79,10.39,,7.79,7.79,3850112169143,PIĆE
PIVO UNION 0.5L LIM,03040034,UNION,0.50 l,ko,1.25,2.5,,1.25,1.25,3838999050013,PIĆE
LIKER PELIN KRAUTER 1L,03070150,NIMCO,1.00 l,ko,14.05,14.05,,14.05,14.05,4000152006017,PIĆE
RAKIJA ŠLJIVOVICA MARASKA 0.5L ,03071003,MARASKA,0.50 l,ko,9.05,18.1,,9.05,9.05,3850158300906,PIĆE
VISKI GLENFIDDICH 12Y 0.7L,03081040,GLENFIDDICH,0.70 l,ko,52.49,74.99,,52.49,52.49,5010327000176,PIĆE
KAŠICA HIPP BIO TEL TIJ RAJČ+1g 220g,03140039,HIPP,0.22 kg,ko,2.09,9.5,,2.09,2.09,9062300103547,HRANA
KRUPICA PŠEN GRIS 200g FRANCK,04030974,FRANCK,0.20 kg,ko,1.09,5.45,,1.09,1.09,3858881086401,HRANA
SIR POLUTVRDI TRAPIST K PLUS,90052146,K PLUS,1.00 kg,kg,12.99,12.99,,8.99,12.99,3858888594503,HRANA
BABY ŠPINAT 100 grama,90052359,KONZUM,0.10 kg,ko,1.39,13.9,,1.39,1.39,3850334339522,HRANA
BRUSCHETTE PIZZA 70g MARETTI,90055491,MARETTI,0.07 kg,ko,,10,0.7,0.7,0.95,3800205871255,HRANA
FILET MARINI INCUNA U SU ULJU 75g,90058923,ARBASOL,0.05 kg,ko,3.39,75.33,,2.79,3.39,3859891895069,HRANA
VOSAK TAFT POWER 75ml,90060148,TAFT,0.08 l,ko,,58.53,4.39,4.39,5.49,9000100340373,KOZMETIKA
KRUPICA PŠENIČNA GRIS K PLUS 1kg,90064212,K PLUS,1.00 kg,ko,0.99,0.99,,0.99,0.99,3850334340559,HRANA
TIJESTO K PLUS SPIRALI PREMIUM 500g,90072938,K PLUS,0.50 kg,ko,1.39,2.78,,0.99,1.39,3850334363404,HRANA
ZP LACALUT SENSITIVE 75ml,90092301,LACALUT,0.08 l,ko,4.39,58.53,,2.99,4.39,4016369726358,KOZMETIKA
GEL TUŠ NIVEA CREME SMOOTH 500ML,90231996,NIVEA,0.50 l,ko,6.29,12.58,,6.29,6.29,9005800243788,KOZMETIKA
ZP MAX WHITE SHINE 125ml,90280232,COLGATE,0.13 l,ko,2.99,23.92,,2.29,2.99,8718951312845,KOZMETIKA
JUN KOLJENICA SK MARTINJAK,90295406,,1.00 kg,kg,9.19,9.19,,9.19,9.19,3859893702693,HRANA
PIVO 5TH ELEMENT LELA 0.5L NB,90298342,5TH ELEMENT,0.50 l,ko,2.15,4.3,,2.15,2.15,3859892222949,PIĆE
ŠAMPON BOTANIC THERAPY HONEY 400ml,90310863,BOTANIC THERAPY,0.40 l,ko,,8.48,3.39,4.59,4.59,3600542114240,KOZMETIKA
SEZAM 150g NATURA,90311342,NATURA,0.15 kg,ko,1.55,10.33,,1.39,1.55,3859891427680,HRANA
SIR MEKI SLANI KOZJI 200g GABRIEL,90320970,GABRIEL,0.20 kg,ko,4.99,24.95,,4.99,4.99,3859892805067,HRANA
TIJES INTEG FARFALLE 500g BARILLA,90341840,BARILLA,0.50 kg,ko,3.39,6.78,,3.39,3.39,8076809532440,HRANA
PROTEIN 1ST WHEY 2.27kg VANILLA,90346381,POLLEO,2.27 kg,ko,69.99,30.83,,69.99,69.99,3858892293430,HRANA
ŠUNKA SELJAČKA VAC PIK,90346429,PIK,1.00 kg,kg,11.99,11.99,,11.99,11.99,3850139030570,HRANA
LIST FILET MEDUZA,90356714,MEDUZA,1.00 kg,kg,16.89,16.89,,10.13,16.89,,HRANA
ČOKOLADA FINESSE TAMNA 72% 100g,90356897,FINESSE,0.10 kg,ko,1.79,17.9,,1.79,1.79,3850334152114,HRANA
NEG PIĆE FRUCTAL FIRST  LIM/MENTA 0.5L,90360739,FRUCTAL,0.50 l,ko,1.25,2.5,,1.25,1.25,3838945035309,PIĆE
LIKER CAROLANS 0.7L,90362625,CAROLANS,0.70 l,ko,17.55,25.07,,17.55,17.55,5011026105223,PIĆE
PAŠTETA PIKANT 100g GAVRILOVIĆ,90362792,GAVRILOVIĆ,0.10 kg,ko,1.55,15.5,,1.55,1.55,3858890206968,HRANA
NAMAZ KIKIRIKI MASLAC K PLUS 350g,90362818,K PLUS,0.35 kg,ko,2.99,8.54,,2.99,2.99,3850334153913,HRANA
KAVA FRANCK COFFEE&GO INTENSE 9g,90363427,FRANCK,0.01 kg,ko,0.39,43.33,,0.39,0.39,3850291049267,HRANA
SAPUN TEK PALM MED I MLIJ REF 500ml,90363667,PALMOLIVE,0.50 l,ko,,4.38,2.19,3.19,3.19,8003520029157,KOZMETIKA
NAPITAK KOKOS BŠ 1L ALPRO,90364635,ALPRO,1.00 l,ko,3.79,3.79,,3.79,3.79,5411188128311,HRANA
ČOKOLADA MOUSSE TAMNA 86g DR OETKER,90386010,DR OETKER,0.09 kg,ko,1.89,21.98,,1.89,1.89,4000521475505,HRANA
ZOB PLOČ BOB VOĆE&JOGURT 100g MB,90391691,MA BAKER,0.10 kg,ko,1.79,17.9,,1.79,1.79,5034444102438,HRANA
FLIPS POM BAR ORIGINAL 50g,90404630,POM BAR,0.05 kg,ko,1.19,23.8,,0.99,1.19,3856021302718,HRANA
ŽV GUMA JUICY FRUIT COLA TAPE 56G,90405116,WRIGLEY,0.06 kg,ko,2.29,40.89,,2.29,2.29,4009900535410,HRANA
PAHULJICE  MED KOLUT BG 225g LINO,90405179,LINO,0.23 kg,ko,3.99,17.73,,3.99,3.99,3856020229542,HRANA
SHEBA DELIKATESSE MIX IZBOR 4X85g,90405328,SHEBA,0.34 kg,ko,3.29,9.68,,2.59,2.59,4770608257132,PROIZVODI ZA KUĆANSTVO
CEDEVITA FRESH LIMUN 0.34L,90405340,CEDEVITA,0.34 l,ko,1.15,3.38,,1.05,1.15,3850322013380,PIĆE
SIR MEKI GALB MINI MOZZARELL 200g,90405569,GALBANI,0.20 kg,ko,3.19,15.95,,3.19,3.19,8595021607786,HRANA
ČAJ LEDENI ARIZONA BRESKVA 0.45L,90407050,ARIZONA,0.45 l,ko,1.35,3,,1.35,1.35,0613008753290,PIĆE
ROLL ON GARNIER BWC COT FR 50ml,90410196,GARNIER,0.05 l,ko,,73.8,3.69,4.59,4.99,3600542310338,KOZMETIKA
JUHA BOGATA S VRGANJ HLJED 70g PODRAVKA,90423549,PODRAVKA,0.08 kg,ko,1.49,18.63,,1.09,1.49,3856020218850,HRANA
PAŠTETA PILEĆA ROASTY 100 g,90427957,GAVRILOVIĆ,0.10 kg,ko,1.35,13.5,,1.35,1.35,3858890207767,HRANA
PAGAR 3+ RZ KOMIŽA,90428174,RZ KOMIŽA,1.00 kg,kg,32.49,32.49,,19.48,32.49,,HRANA
DET CALGON GEL KAMENAC 750ML,08016451,CALGON,0.75 l,ko,10.09,13.45,,10.09,10.09,5997321700267,SREDSTVA ZA ČIŠĆENJE
STAKLO SUPER JON ANTISTAT 650ML,08036080,SUPER JON,0.65 l,ko,,2.29,1.49,1.49,1.99,3850111503375,SREDSTVA ZA ČIŠĆENJE
TUNJ OCEAN KOMADI MA ULJ 3X56g,90036204,OCEAN,0.17 kg,ko,3.79,22.56,,3.79,3.79,3850334350367,HRANA
HOBOTNICA +3000 KONZUM,90042964,,1.00 kg,kg,10.99,10.99,,6.59,10.99,,HRANA
VINO DINGAČ 0.75L VRH PL,90058606,TERRA VINEA,0.75 l,ko,12.89,17.19,,9.59,12.89,3850334343543,PIĆE
MARAMICE VIOLETA MAKE UP 25/1,90076003,VIOLETA,25.00 ko,ko,2.15,0.09,,2.15,2.15,3870128004009,KOZMETIKA
TIJESTO MAFALDINE 500g ZARA,90147066,PASTA ZARA,0.50 kg,ko,1.72,3.44,,1.72,1.72,8004350130341,HRANA
TJEST.RIBANA KAŠA JAJA KPLUS 400G,90166212,K PLUS,0.35 kg,ko,1.29,3.69,,1.19,1.29,3850334410542,HRANA
VEGETARIAN SUSHI COMBO 199G GRUPO,90184660,AS SUSHI,0.20 kg,ko,6.09,30.6,,6.09,6.09,0604580001770,HRANA
BRANCIN ML CROMARIS,90191736,CROMARIS,1.00 kg,kg,23.69,23.69,,14.2,23.69,,HRANA
JUN LEĐA SK - RIBEYE MATURO,90205809,,1.00 kg,kg,19.99,19.99,,19.99,19.99,,HRANA
KEKS CHOC CHIP COOKIES BEZ GL 100g SCHAR,90213081,DR SCHAR,0.10 kg,ko,,18.3,1.83,2.29,2.29,8008698013021,HRANA
SIR SVJEŽI 450G MOJA KRAVICA,90224477,MOJA KRAVICA,0.45 kg,ko,2.19,4.87,,2.19,2.19,3870199000078,HRANA
NEG PIĆE VINDI NARANČA NEKTARINA 2L,90241146,VINDI,2.00 l,ko,,1,1.99,1.99,2.49,3850108073072,PIĆE
PROSERIES ZERO SYRUP 425ml STRAWBERRY,90364391,POLLEO,0.43 l,ko,5.49,12.92,,5.49,5.49,3858892292440,HRANA
ŠEĆER BREZIN-XYLITOL 350g GREEN LAB,90364683,GREEN LAB,0.35 kg,ko,6.63,18.94,,6.63,6.63,3858891761169,HRANA
KOLAČ SACHER 450g K PLUS,90366018,K PLUS,0.45 kg,ko,3.98,8.84,,3.98,3.98,3850334189516,HRANA
IŠLERI 400g K PLUS,90366021,K PLUS,0.40 kg,ko,4.25,10.63,,4.25,4.25,3850334189295,HRANA
BOMBON KAR KIKI JAGODA 100g,90373317,KIKI,0.10 kg,ko,1.29,12.9,,0.97,1.29,3850102516735,HRANA
PUREĆI KOTLET MINIPAK CCA 500g,90377918,VINDON,1.00 kg,kg,11.99,11.99,,11.99,11.99,3850339402900,HRANA
ZAČIN PAP CRNI ZRNO MLIN 42g VEG MAESTR,90381053,VEGETA MAESTRO,0.04 kg,ko,3.89,92.62,,3.89,3.89,3856020233051,HRANA
ŠTAPIĆI BIORAZG BABY TOTO 60/1,90382179,TOTO,60.02 ko,ko,1.29,0.02,,1.29,1.29,3838985889085,TOALETNE POTREPŠTINE
KOBASICA DOMAĆA SUHA VAK KUDELIĆ,90382414,KUDELIĆ,1.00 kg,kg,16.69,16.69,,16.69,16.69,,HRANA
 PRUTIĆ VOĆNI JABUKA I MALINA 35g N.A,90386344,NATURE ADDICTS,0.04 kg,ko,1.69,48.29,,1.69,1.69,3609200003070,HRANA
VISKI BOURBON FOUR ROSES 0.7L,90396299,FOUR ROSES,0.70 l,ko,22.05,31.5,,22.05,22.05,5000299101100,PIĆE
ROLADA MESNA LUK I ČEŠNJAK 500g RAVY,90401200,RAVY,0.50 kg,ko,1.4,2.8,,0.98,1.4,8595024872068,HRANA
VOĆNI NAMAZ OD ŠUM. VOĆA 300gr BOKUN,90403914,BOKUN,0.30 kg,ko,4.19,13.97,,4.19,4.19,3859891224081,HRANA
FLIPS POM BAR PAPRIKA 50g,90404064,POM BAR,0.05 kg,ko,1.19,23.8,,0.99,1.19,3856021302732,HRANA
ISTARSKA KOBASICA 200g HISTRIS,90405195,HISTRIS,0.20 kg,ko,6.19,30.95,,5.29,6.19,3859893167379,HRANA
DESERT KNOPPERS 3/1 75g,90405373,KNOPPERS,0.08 kg,ko,1.39,18.53,,1.39,1.39,40144412,HRANA
SIR KOZJI CHAV PIR ILE DE FRANC 150g,90405653,ILE DE FRANCE,0.15 kg,ko,3.71,24.73,,3.71,3.71,3272770013994,HRANA
POSLASTICA STARSNACK DUO BONES GAME&CHICKEN200g,90406769,STARSNACK,0.20 kg,ko,3.25,16.25,,3.25,3.25,4033766797798,PROIZVODI ZA KUĆANSTVO
POSLASTICA TRAINER SNACK MINI HEARTS 200g,90406931,TRIXIE,0.20 kg,ko,4.79,23.95,,4.79,4.79,4011905315249,PROIZVODI ZA KUĆANSTVO
PAPAR CRNI MLJEV 50g KOTANYI,90412444,KOTANYI,0.05 kg,ko,2.35,47,,2.09,2.35,9001414707371,HRANA
KREMA VASELINE ORIG 100ml,90423265,VASELINE,0.10 l,ko,,27.9,2.79,3.79,3.79,42182634,KOZMETIKA
PELINKOVAC ORANGE 0.7L BADEL ,90442846,BADEL 1862,0.70 l,ko,12.55,17.93,,10.99,10.99,3850112111517,PIĆE
PEL VIOLETA AD MINI 2 PREM 64/1,90442967,VIOLETA,64.02 ko,ko,,0.16,10.39,10.39,13.39,3870128024373,TOALETNE POTREPŠTINE
ŠKAMP EKSTRA ŽUVELA,90457804,ŽUVELA,1.00 kg,kg,34.89,34.89,,20.92,34.89,,HRANA
MATOVILAC RADIČ 125 grama,90468031,KONZUM,0.13 kg,ko,1.69,13.52,,1.69,1.69,3850334240620,HRANA
BALZAM KCG ZA BRADU 100ml,90478670,GILLETTE,0.10 l,ko,11.69,116.9,,11.69,11.69,8006540150450,KOZMETIKA
TORTILLA ORIGINAL 6KOM 370g  MISSION,90478740,MISSION,0.37 kg,ko,2.65,7.16,,2.65,2.65,8710637105352,HRANA
GOURMET MON PETIT TUNA 6x50g,90483298,GOURMET,0.30 kg,ko,3.09,10.3,,2.49,3.09,7613036860024,PROIZVODI ZA KUĆANSTVO
FUET IBERICO 150g ELPOZO,90486158,ELPOZO,0.15 kg,ko,4.29,28.6,,4.29,4.29,8410843105152,HRANA
VAFL LOACKER THINS NAPOLITANER 150g,90486186,LOACKER,0.15 kg,ko,2.19,14.6,,1.59,2.19,8000380201600,HRANA
MIX ORAŠASTO VOĆE 150g NATURA,90487097,NATURA,0.15 kg,ko,2.99,19.93,,2.09,2.99,3859893512032,HRANA
PANCETA DIMLJENA  200g VP,90487244,PISINIUM,0.20 kg,ko,6.19,30.95,,5.99,5.99,3858884935935,HRANA
MUESLI GRAN BOOM BOX ORAŠ PLOD 300g,90493484,BOOM BOX,0.30 kg,ko,3.99,13.3,,3.99,3.99,3858890477375,HRANA
MUESLI GRANOLA PROTEIN ČOKO 300g SANTE,90494773,SANTE,0.30 kg,ko,4.99,16.63,,4.99,4.99,5900617039262,HRANA
BADEM LISTIĆI 100g SWEET CHEF,90513439,SWEET CHEF,0.10 kg,ko,1.39,13.9,,1.39,1.39,3838900987780,HRANA
KEKS DOMAĆICA KOKOS 275g KRAŠ,90518216,DOMAĆICA,0.28 kg,ko,3.19,11.6,,2.49,3.19,3850102521388,HRANA
ALU FOLIJA FINO 20m,90570342,FINO,20.00 m,ko,4.39,0.22,,3.49,4.39,5900536352053,PROIZVODI ZA KUĆANSTVO
BAKALAR MANTECATO CLASSIC 150g ALDEN,90570611,ALDEN,0.15 kg,ko,3.71,24.73,,3.71,3.71,3859891792832,HRANA
SIRUP ARONIJA 0.5L BOBO,90571019,BOBO,0.50 l,ko,5.29,10.58,,5.29,5.29,3859893313622,PIĆE
DŽEM MARELICA 670g PODRAVKA,90573080,PODRAVKA,0.67 kg,ko,,4.46,2.99,2.89,3.99,3856020252502,HRANA
KRUH SENDVIČ BIJELI 650g KLARA,90598059,KLARA,0.65 kg,ko,1.55,2.38,,1.55,1.55,3856016902800,HRANA
DEO OLD SPICE WHITEWATER 250ml,90598669,OLD SPICE,0.25 l,ko,7.49,29.96,,7.49,7.49,8700216875677,KOZMETIKA
PATRONE VENUS SMOOTH SENS PINK 4KOM,90598823,VENUS,4.00 ko,ko,17.29,4.32,,17.29,17.29,7702018575381,KOZMETIKA
PANCETA DALMATINSKA REZANA 80g,90599030,VOŠTANE,0.08 kg,ko,2.99,37.38,,2.99,2.99,3858889493218,HRANA
DES CORNY PROTEIN KOKOS 50g,90599733,SCHWARTAU,0.05 kg,ko,1.89,37.8,,1.89,1.89,4011800295110,HRANA
SIR NAM PHILADELPHIA PROTEIN 175g,90600671,PHILADELPHIA,0.18 kg,ko,3.49,19.94,,3.49,3.49,7622201637071,HRANA
ČAJ GINGER LEMON ORGANIC 30.6G YOGI TEA,90568300,YOGI TEA,0.03 kg,ko,3.69,120.59,,3.69,3.69,4012824401341,HRANA
MEDALJONI VEGAN GARDEN GOURMET 300g,90598344,GARDEN GOURMET,0.30 kg,ko,,15.27,4.58,5.49,5.49,7613287745705,HRANA
KOBASICA KRANJSKA 340g HISTRIS,90602817,HISTRIS,0.34 kg,ko,4.79,14.09,,4.79,4.79,3859893167911,HRANA
MESNI UŠTIPCI 300g PIK VRBOVEC (MA),90602829,VOLIM ROŠTILJ,0.30 kg,ko,,8.63,2.59,1.67,3.15,3850139522341,HRANA
SALATA TUNA MINUTE 170g,90623221,MINUTE,0.17 kg,ko,2.99,17.58,,2.99,2.99,3850334019035,HRANA
ČAJ MENTA FILTAR 15/1,90623763,SUBAN,0.04 kg,ko,2.65,70.67,,2.45,2.65,3858882912549,HRANA
SIR POLUTV GOUDA BON CCA 3kg,90657813,BON,1.00 kg,kg,6.49,6.49,,6.49,6.49,3858890211566,HRANA
BUNDEVA JEZGRA FP EC SIROVA 300g,90705641,EUROCOMPANY,0.30 kg,ko,2.79,9.3,,2.09,2.79,3872084015082,HRANA
DET ARIEL COLOR 3.5L=70PR,90705938,ARIEL,3.50 l,ko,15,4.29,,15,15,8006540869512,SREDSTVA ZA ČIŠĆENJE
KAVA MLJEV BUON 220g JULIUS M,90707397,JULIUS MEINL,0.22 kg,ko,5.69,25.86,,5.69,5.69,9000403977443,HRANA
TJEST SPAGHETTI BG 500g PASTA D ORO,90707736,PASTA D ORO,0.50 kg,ko,1.99,3.98,,1.99,1.99,5948935002605,HRANA
KREMA ZA KUHANJE SOJA EKO 200ml BRIDGE,90713271,THE BRIDGE,0.20 l,ko,1.59,7.95,,1.59,1.59,8019428005032,HRANA
PAHULJICE CHOCAPIC 250g NESTLE,90713437,NESTLE ŽITAR,0.25 kg,ko,3.15,12.6,,3.05,3.05,5900020000958,HRANA
MRKVA JULIENNE 200 grama,90405025,KORA,0.20 kg,ko,0.99,4.95,,0.99,1.09,3858893250456,HRANA
PIĆE NEGAZ CAPPY LEMONADE 0.4L PET,90407736,CAPPY,0.40 l,ko,1.19,2.98,,1.19,1.19,5449000275639,PIĆE
TJESTENINA U VREĆICI PILETINA 59.2g MAGGI,90407788,MAGGI,0.06 kg,ko,,7.6,0.45,0.55,0.79,5201219488800,HRANA
KEKS PIŠKOTE 400g MATILDE VICENZI,90411643,MATILDE VICENZI,0.40 kg,ko,4.49,11.23,,4.49,4.49,8000350000462,HRANA
KREMA PANNA COTTA ŠUM VOĆ 124g DR OETKER,90412475,DR OETKER,0.12 kg,ko,2.39,19.27,,2.39,2.39,5997381372701,HRANA
AMUR  FILET SVJ PAK 300g PP ORA,90424551,PANONA MARE,0.30 kg,ko,3.32,11.07,,1.99,3.32,3858889832673,HRANA
TJESTENINA NAPOLITANA 160g MINUTE,90424935,MINUTE,0.16 kg,ko,1.69,10.56,,1.29,1.69,3850334239877,HRANA
DOMAĆA KOBASICA VP RAVLIĆ,90427973,RAVLIĆ,1.00 kg,kg,15.99,15.99,,15.99,15.99,,HRANA
SLAD GELATISSIMO KOR VAN JAG 6X110ML,90485245,GELATISSIMO,0.66 l,ko,3.29,5,,1.99,3.29,3838900955345,HRANA
NAPIT KOMB ORIG EKO 400ml CK,90486811,CAPTAIN KOMBUCHA,0.40 l,ko,2.99,7.48,,2.99,2.99,5600787049046,HRANA
WC FROSCH GEL MALINA OCAT 750ml,90487364,FROSCH,0.75 l,ko,2.65,3.53,,1.85,2.65,4009175953742,SREDSTVA ZA ČIŠĆENJE
DŽEM BOROVNICA 100% VOĆE 220g PODR,90494849,PODRAVKA,0.22 kg,ko,3.89,17.68,,3.89,3.89,3856020248567,HRANA
KAVA LEDENA LANDESSA CAS MACC 230ml,90518587,LANDESSA,0.23 l,ko,1.99,8.65,,1.99,1.99,9004380079602,HRANA
SALAMA SLAVONSKA NAR 80g DOBRO,90570237,DOBRO,0.08 kg,ko,1.79,22.38,,1.79,1.79,3850133800841,HRANA
SAPUN TEK PALM DUOPA AQUA 500ml,90571859,PALMOLIVE,0.50 l,ko,,4.38,2.19,3.19,3.19,8714789510309,KOZMETIKA
REGENER SCHAUMA COL SHINE 250ml,90587878,SCHAUMA,0.25 l,ko,,11.96,2.99,4.19,4.19,9000101658224,KOZMETIKA
PRSA PILEĆA POLI KIDS 220g PERUTNINA,90599058,POLI,0.22 kg,ko,1.99,9.05,,1.69,1.99,3838977042627,HRANA
SIR SVJ ZA JELO I KOLAČE 500g ZDENKA,90600673,ZDENKA,0.50 kg,ko,3.19,6.38,,3.19,3.19,3858888594930,HRANA
ŠAMPON&REG NV FROZEN 250ml,90622988,NATURAVERDE,0.25 l,ko,2.65,10.6,,2.65,2.65,8029241114446,KOZMETIKA
SALATA MOZZARELLA MINUTE 170g,90623225,MINUTE,0.17 kg,ko,2.99,17.58,,2.99,2.99,3850334018984,HRANA
GRAŠAK 400g LEDO,90668440,LEDO,0.40 kg,ko,1.19,2.98,,1.19,1.19,3850116053165,HRANA
ČETKICA COLGATE TWISTER 4/1,90669242,COLGATE,4.00 ko,ko,5.39,1.35,,3.77,5.39,8718951500488,KOZMETIKA
SAVIJAČA JABUKA CIMET 500g MINUTE,90669674,MINUTE,0.50 kg,ko,2.29,4.58,,2.29,2.29,8605002358849,HRANA
KOLJENICA DIMLJENA VAJDA,90673215,VAJDA,1.00 kg,kg,6.99,6.99,,6.99,6.99,3858882457361,HRANA
NAMAZ HUMMUS MASLINE 200g RIBELLA,90674434,RIBELLA,0.20 kg,ko,2.25,11.25,,1.99,2.25,8606011895677,HRANA
KREKER SIR ČEŠNJAK 130g DANVITA ,90675289,DANVITA,1.00 ko,ko,2.29,2.29,,1.79,2.29,4771218200198,HRANA
PAKET FUETEC DUO EL POZO,90675559,ELPOZO,0.32 kg,ko,10.99,34.34,,10.99,10.99,8410843121626,HRANA
BOMBONIJERA TOFFIFEE WHITE CHOCO 125g,90698803,TOFFIFEE,0.13 kg,ko,,15.12,1.89,1.5,2.99,4014400932959,HRANA
TIJESTO REZANCI 625g MAXX MARODI,90699173,MARODI,0.63 kg,ko,2.99,4.78,,2.99,2.99,3859893944321,HRANA
ZP COLGATE LPP WHITENING 75ml,90699246,COLGATE,0.08 l,ko,2.09,27.87,,1.46,2.09,6920354836091,KOZMETIKA
DEO DOVE M CLEAN COMFORT 200ml,90702967,DOVE,0.20 l,ko,6.49,32.45,,6.49,6.49,8720181284946,KOZMETIKA
PIVO HEINEKEN SILVER 0.5L LIM,90703112,HEINEKEN,0.50 l,ko,1.69,3.38,,1.49,1.69,3850103902452,PIĆE
BAGUETTE RUSTIC VEGAN 160g MEGGLE,90705751,MEGGLE,0.16 kg,ko,1.65,10.31,,1.65,1.65,4034900032331,HRANA
KRPA VILEDA MICROFIBRE UF 3/1,90706273,VILEDA,3.00 ko,ko,6.49,2.16,,6.49,6.49,4023103229273,PROIZVODI ZA KUĆANSTVO
KAŠA ZOB ČOKO PROT 4X60g ACTIVE LIFE,90707222,ACTIVE LIFE,0.24 kg,ko,3.49,14.54,,3.49,3.49,3858891295046,HRANA
SNACK TZATZIKI & PITA CHIIPS 130g,90707275,ESTI,0.13 kg,ko,1.99,15.3,,0.67,1.99,5201310722711,HRANA
GRICKALICE ORG GERBER BAN/MAL 35g,90707613,GERBER,0.04 kg,ko,2.49,71.14,,1.99,2.49,7613037307641,HRANA
CIKLA REZANA DOORA 290g,90725550,DOORA,0.29 kg,ko,1.99,6.86,,1.99,1.99,3858894541645,HRANA
BOM YUMMI GUMMI KISELI ŠTAP MIX 70 g,90729984,ROSHEN,0.07 kg,ko,0.89,12.71,,0.89,0.89,4823077636257,HRANA
RAJČICA CHERRY 400g ROSSOGARGANO,90730150,ROSSOGARGANO,0.40 kg,ko,1.39,3.48,,1.39,1.39,8033837720034,HRANA
SET ZA DEPILACIJU ČUPKO BIKINI ZONA,90730248,ČUPKO,1.00 ko,ko,3,3,,3,3,3859888495364,KOZMETIKA
TJEST FUSILLI 400g BRONZA,90730978,BRONZA,0.40 kg,ko,2.59,6.48,,2.59,2.59,3857500128508,HRANA
SET NIVEA MEN SENSITIV GEL TUŠ+KREM,90731741,NIVEA,1.00 ko,ko,3,3,,3,3,9005800372976,KOZMETIKA
PILEĆA MINI KRILCA 450g,90732048,MEĐIMURSKO PILE,0.45 kg,ko,2.79,6.2,,2.79,2.79,3850220408400,HRANA
BOMBONI PARTY MIX 150g VIDAL,90732124,VIDAL,0.15 kg,ko,2.99,19.93,,2.99,2.99,8413178193566,HRANA
VREĆA SMEĆE FINO GRE LIF 60L 18/1,90732207,FINO,18.00 ko,ko,3.29,0.18,,2.59,2.59,5900536335971,PROIZVODI ZA KUĆANSTVO
ČAJ BEDTIME 30.6g YOGI TEA,90744653,YOGI TEA,0.03 kg,ko,3.69,120.59,,3.69,3.69,4012824402485,HRANA
RIŽA ORIGINARIO 1.2kg XXL RISO GALLO,90744683,RISO GALLO,1.20 kg,ko,2.49,2.07,,2.49,2.49,8001420012156,HRANA
LUC SVJ ŽUVELA ,90745692,ŽUVELA,1.00 kg,kg,3.49,3.49,,2.09,3.49,,HRANA
NAMAZ SUNNY KAKAO LJEŠNJAK PVC 400 g,90749845,SUNNY,0.40 kg,ko,1.99,4.98,,1.99,1.99,3838900834671,HRANA
MASKA GLISS NOURISHMENT 400 ml,90749851,GLISS,0.40 l,ko,,15.73,6.29,8.59,8.59,9000101726053,KOZMETIKA
NAMAZ ČOKOPEKMEZ 350 g PODRAVKA,90750768,PODRAVKA,0.35 kg,ko,2.99,8.54,,2.99,2.99,3856020270247,HRANA
SIR TOPLJ LIST EMENTAL DELISO 200g,90750907,DELISO,0.20 kg,ko,1.85,9.25,,1.85,1.85,3850334082626,HRANA
VL MARAMICE NIVEA SOFT&CREAM 2X57,90759675,NIVEA,114.03 ko,ko,,0.04,5.02,6.29,6.29,9005800374413,TOALETNE POTREPŠTINE
ŠUNKA DOMAĆA PEČENA cca 1kg PIVAC,90759739,PPK,1.00 kg,kg,9.99,9.99,,6.79,9.99,3858884998848,HRANA
KOKICE ZA MIKROV SIR 80 g POPCORN,90770446,POP CORN,0.08 kg,ko,1.09,13.63,,1.09,1.09,3858889366208,HRANA
PAPRIKA MLJEV LJUTA 100 g SPICE CHEF,90770533,SPICE CHEF,0.10 kg,ko,1.29,12.9,,0.9,0.9,3850334101013,HRANA
MJEŠ ZAČINA GARAM MASALA 20 g KOTANYI,90770631,KOTANYI,0.02 kg,ko,1.69,84.5,,1.39,1.69,9001414535523,HRANA
ŠAMPON H&S CITRUS 800 ml,90771146,HEAD&SHOULDE,0.80 l,ko,12.49,15.61,,12.49,12.49,8700216156172,KOZMETIKA
ŠAMPON H&S 2IN1 MENTHOL 330 ml,90771191,HEAD&SHOULDE,0.33 l,ko,6.69,20.27,,3.29,6.69,8700216304825,KOZMETIKA
REGEN PANTENE MIRAC REPAIR 150 ml,90771247,PANTENE,0.15 l,ko,5,33.33,,5,5,8700216334426,KOZMETIKA
MASKA HERBAL ESSENCES ROSE 300 ml,90771249,HERBAL ESSENCES,0.30 l,ko,8.35,27.83,,8.35,8.35,8700216210751,KOZMETIKA
TRETMAN GLISS NIGHT AQUA REV 100 ml,90775214,GLISS,0.10 l,ko,6,60,,6,6,9000101702224,KOZMETIKA
SHEBA MM JUNIOR MIJ IZBOR LOS PIL 4X85 g,90775501,SHEBA,0.38 kg,ko,3.29,8.69,,2.59,2.59,4770608265076,PROIZVODI ZA KUĆANSTVO
DEO LACTOVIT Ž EXTRA 200 ml,90775580,LACTOVIT,0.20 l,ko,4.79,23.95,,3.59,4.79,8411135008953,KOZMETIKA
THE PINK STUFF WC GEL 750 ml,90789832,THE PINK STUFF,0.75 l,ko,3.45,4.6,,3.45,3.45,5060033820681,SREDSTVA ZA ČIŠĆENJE
BRAŠNO K PLUS PŠENIČNO TIP00 1kg,90789891,K PLUS,1.00 kg,ko,1.09,1.09,,1.09,1.09,3850334110558,HRANA
SIRUP ZA KAVU LJEŠNJAK 0.25l MONIN,90804729,MONIN,0.25 l,ko,7.99,31.96,,7.99,7.99,3052910013745,HRANA
KAVA MLJEV VIENNA JULIUS M 220g,90804881,JULIUS MEINL,0.22 kg,ko,6.59,29.95,,6.59,6.59,9000403975456,HRANA
PIVO O'HARA IRISH STOUT NITRO 0.44 L,90810099,O'HARA,0.44 l,ko,3.65,8.3,,3.65,3.65,5391500602210,PIĆE
PAŠTETA PILEĆA JUNIOR 100g GAVRILOVIĆ,90810792,GAVRILOVIĆ,0.10 kg,ko,1.39,13.9,,1.39,1.39,3858892726426,HRANA
TJEST FUSILLI INTEG 400 g BRONZA,90824831,BRONZA,0.40 kg,ko,2.79,6.98,,2.79,2.79,3857500143105,HRANA
VINO MUŠKAT OTTONEL ST.JEROME 0.75 L,90824957,ST.JEROME,0.75 l,ko,11.05,14.73,,11.05,11.05,3858893390688,PIĆE
ČAJ BECAUSE YOU ARE AMAZING 20/1 34g ETS,90824974,ENGLISH TEA SHOP,0.03 kg,ko,4.99,146.76,,4.99,4.99,0680275060185,HRANA
KOLUTIĆI JABUKA TONI KAISER 300 g,90825025,TONI KAISER,0.37 ko,ko,3.99,10.77,,2.79,3.99,9001969038586,HRANA
ŠTRUDLA SPECIAL M ČOKO JAB CIMET 145g,90825566,SPECIAL MOMENTS,0.15 kg,ko,1.29,8.9,,0.9,1.29,3850334429216,HRANA
GROŽĐICE THOMPSON BIO 500 g NUTRIGOLD,90825630,NUTRIGOLD,0.50 kg,ko,3.99,7.98,,3.99,3.99,3858891973326,HRANA
GRAH S TJESTENINOM 620 g STAGIONE,90825731,BONTA DI STAGIONE,0.62 kg,ko,3.29,5.3,,3.29,3.29,8055118488341,HRANA
PANZEROT GLJIV&TARTUF 250 g SPEC MOMENTS,90825759,SPECIAL MOMENTS,0.25 kg,ko,2.49,9.96,,2.09,2.49,3850334421135,HRANA
MUFFIN MRK I SOK NAR BG 140 g NUTRIFREE,90826058,NUTRIFREE,0.14 kg,ko,3.99,28.5,,3.99,3.99,8008696033007,HRANA
BOŽIĆNA POKLON KUT MIX 703g,90830251,FILIR,0.70 kg,ko,6.49,9.23,,6.49,6.49,3858891165783,HRANA
GEL TUŠ DOVE W GENTLE PAMPER 450 ml,90850525,DOVE,0.45 l,ko,5.99,13.31,,5.99,5.99,8720181471728,KOZMETIKA
ZP ORAL B KIDS 75 ml,90850680,ORAL B,0.08 l,ko,4.39,58.53,,4.39,4.39,8700216089654,KOZMETIKA
BADEL DOMAĆI 1 L,90850930,BADEL 1862,1.00 l,ko,11.05,11.05,,11.05,11.05,3850112145109,PIĆE
PRŠUT NARESCI 90 g PREMIUM DOBRO,90851045,DOBRO,0.09 kg,ko,3.99,44.33,,3.99,3.99,3850133816224,HRANA
PIL BATAK.ZABATAK DIO LEĐA VINDIJA,90854669,CEKIN,1.00 kg,kg,4.19,4.19,,4.19,4.19,3850159110665,HRANA
KEKS FINESSE PUNJ KAKAO KREMA 150 g,90864727,FINESSE,0.15 kg,ko,1.69,11.27,,1.69,1.69,3850334105707,HRANA
SUSHI OSAKA 260 g GINGER,90864860,GINGER SUSHI,0.26 kg,ko,5.99,23.04,,5.99,5.99,3859893601798,HRANA
ČAJ ZELENI 60 g AGRISTAR,90874720,AGRISTAR,0.06 kg,ko,2.89,48.17,,2.89,2.89,3858886504795,HRANA
KAVA INDIA NS ALU 10/1 55 g BAR,90874751,BARCAFFE,0.06 kg,ko,4.69,85.27,,4.69,4.69,3838471057134,HRANA
VANILIN ŠEĆER 8g DR OETKER,90406213,DR OETKER,0.01 kg,ko,0.22,27.5,,0.22,0.22,5997381367226,HRANA
VISKI J WALKER GREEN (MALT )70cl(6),90408730,JOHNNIE WALKER,0.70 l,ko,73.69,105.27,,73.69,73.69,5000267134710,PIĆE
KOLAČ BOŽIĆNI STOLLEN 750g KUCHEN MEISTER,90410822,KUCHENMEISTER,0.75 kg,ko,5.69,7.59,,5.69,5.69,4101540707117,HRANA
KAVA STARB CARAMEL DG 12/1 127.8g,90412306,STARBUCKS,0.13 kg,ko,6.49,50.78,,5.29,6.49,7613287002488,HRANA
ZP ORAL B G&E PRO EX FR 2x75ml,90424317,ORAL B,0.15 l,ko,7.99,53.27,,7.99,7.99,8700216482592,KOZMETIKA
KREMA NIVEA MEN HYALURON 50ml,90478534,NIVEA,0.05 l,ko,21.89,437.8,,16.39,21.89,9005800340883,KOZMETIKA
TABINJA PARANGAL RZ KOMIŽA,90478966,RZ KOMIŽA,1.00 kg,kg,9.19,9.19,,5.51,9.19,,HRANA
ZP COLG MAX CLEAN 75ml,90484119,COLGATE,0.08 l,ko,2.89,38.53,,2.02,2.89,8718951327085,KOZMETIKA
FLIPS SMOKI 130g ŠTARK,04142263,SOKO ŠTARK,0.13 kg,ko,,9.15,1.19,1.29,1.29,8600939507087,HRANA
DESERT ČOKOLADNA TORTICA 25g KRAŠ,04154813,TORTICA,0.03 kg,ko,0.55,22,,0.39,0.55,3850102320011,HRANA
PJENUŠAC FREIXENET CORD NEGRO BRUT 0.75L,03030023,FREIXENET,0.75 l,ko,11.99,15.99,,8.99,11.99,8410036009090,PIĆE
ČAJ ŠUMSKO VOĆE K 110g MAXI FRANCK,04090868,FRANCK,0.11 kg,ko,3.79,34.45,,3.79,3.79,3858881085695,HRANA
JUHA KOKOŠ TIJES I MESO 60g PODRAVKA,04162559,PODRAVKA,0.06 kg,ko,1.29,21.5,,1.29,1.29,3850104002038,HRANA
KAŠICA FRUTEK JAB KOLAČ 190g,04172606,FRUTEK,0.19 kg,ko,,6.79,1.29,1.75,1.75,3838945511391,HRANA
MUFFINS ČOKOLADNI 360g DR OETKER,04182080,DR OETKER,0.36 kg,ko,3.85,10.69,,3.85,3.85,5997381372169,HRANA
ŽV GUMA ORBIT BLUEBERRY 14g,04202178,WRIGLEY,0.01 kg,ko,0.99,70.71,,0.99,0.99,42123880,HRANA
KAKAO NESQUIK PLUS 200g NESTLE,04210699,NESQUIK,0.20 kg,ko,3.39,16.95,,3.39,3.39,5998710960729,HRANA
BOMBON HARIBO JAGODA 100g,04340892,HARIBO,0.10 kg,ko,1.59,15.9,,1.19,1.59,9002975405157,HRANA
SALVETE VIOLETA 38X38 2SL BEŽ 25/1,05081567,VIOLETA,25.00 ko,ko,1.59,0.06,,1.59,1.59,3870128001183,PROIZVODI ZA KUĆANSTVO
SAPUN ČVRSTI NIVEA SOFT CR 100g,06510388,NIVEA,0.10 kg,ko,1.49,14.9,,1.49,1.49,4005808135318,KOZMETIKA
ŠAMPON ASEBON PROT MAS PRHUTI 200ml,06524349,ASEBON,0.20 l,ko,5.49,27.45,,5.49,5.49,3856007903328,KOZMETIKA
GEL NIVEA KREMAST ZA KOSU 150ML 8780,06540367,NIVEA,0.15 l,ko,,35.33,5.3,7.59,7.59,0000042246534,KOZMETIKA
CERESIT STOP VLAZI TAB REF 2X450g,08030673,CERESIT,0.90 kg,ko,16.49,18.32,,16.49,16.49,5997272386817,SREDSTVA ZA ČIŠĆENJE
DESERT BANANKO 30g KRAŠ,90029870,BANANKO,0.03 kg,ko,0.55,18.33,,0.39,0.55,3850102127252,HRANA
NAMAZ OD ZELENIH MASLINA NONA 190g,90038378,NONA,0.19 kg,ko,4.89,25.74,,4.89,4.89,3859892174590,HRANA
MASLAC S MORSKOM SOLI 250g PRESIDENT,90039021,PRESIDENT,0.25 kg,ko,4.29,17.16,,4.29,4.29,3155250367094,HRANA
PAŠTETA KOKOŠJA ARGETA 95g,90047247,ARGETA,0.10 kg,ko,1.39,14.63,,1.19,1.39,3838975567009,HRANA
ONE SM STERIL MESO 800G,90052139,ONE,0.80 kg,ko,5.69,7.11,,3.99,5.69,8445290246813,PROIZVODI ZA KUĆANSTVO
TORTELLONI 4 VRSTE SIRA 450g,90054298,AURELIA,0.45 kg,ko,4.79,10.64,,4.51,4.79,3859890561033,HRANA
BOJA SYOSS OLEO 7-10 PRIR PLAVA,90059997,SYOSS OLEO,1.00 ko,ko,,6.49,6.49,6.49,7.99,9000100814461,KOZMETIKA
LOSION NIVEA ORIGINAL 100ML,90064317,NIVEA,0.10 l,ko,10.79,107.9,,8.09,10.79,4005808753475,KOZMETIKA
ZP COLGATE TRIPLE ACTION 125ML,90068534,COLGATE,0.13 l,ko,2.79,22.32,,1.99,2.79,7891024128831,KOZMETIKA
KETCHUP 450g DEVELEY,90078289,DEVELEY,0.45 kg,ko,3.79,8.42,,2.65,3.79,4006824991278,HRANA
NAPITAK RIŽA ORIGINAL 1L ALPRO,90081447,ALPRO,1.00 l,ko,3.79,3.79,,3.79,3.79,5411188112549,HRANA
PAPAR ŠARENI 40g MLIN ŠAFRAM,90083124,ŠAFRAM,0.04 kg,ko,3.05,76.25,,3.05,3.05,3859892109110,HRANA
PAŠTETA ČAJNA ARGETA 95 g,90087030,ARGETA,0.10 kg,ko,1.39,14.63,,1.19,1.19,3838471024365,HRANA
MIX JACOBS 3U1 VREĆICA 10X15.2g,90088427,JACOBS,0.15 kg,ko,3.99,26.25,,3.99,3.99,8711000532935,HRANA
INĆUN MARINIRANI 160g ARBASOL,90091855,ARBASOL,0.10 kg,ko,5.89,58.9,,5.89,5.89,3859891895106,HRANA
LIKER VIŠNJEVAC 0.7L BADEL,90094893,BADEL 1862,0.70 l,ko,10.55,15.07,,10.55,10.55,3850112111531,PIĆE
PIVO HOLSTEN 4 PACK LIM 0.5L,90097220,HOLSTEN,2.00 l,ko,3.65,1.83,,3.65,3.65,3858887581887,PIĆE
PAŠTETA OD LOSOSA ARGETA 95g    ,90108959,ARGETA,0.10 kg,ko,2.39,25.17,,2.39,2.39,3838471013109,HRANA
PLOČICA VOĆ. FRUTABELA BOROVNICA 44g,90116140,FRUTABELA,0.04 kg,ko,0.99,22.5,,0.99,0.99,3838945511292,HRANA
TOAST S INTEG.BRAŠ.500g,90123790,KLARA,0.50 kg,ko,2.45,4.9,,2.45,2.45,3856016900578,HRANA
PRSA PIL DIMLJ DIMCEK NAR 100G VINDIJA,90146772,CEKIN,0.10 kg,ko,2.19,21.9,,2.19,2.19,3850159123337,HRANA
NAMAZ HUMMUS ZRNA SLANUTKA 250G SANA,90148366,SANA,0.25 kg,ko,3.45,13.8,,3.45,3.45,3859892873080,HRANA
ČAJ LEMON&GINGER  AHMAD 20X2g,90157451,AHMAD,0.04 kg,ko,3.05,76.25,,3.05,3.05,054881000208,HRANA
JUHA KREM OD RAJČICE 60g PODRAVKA,90160140,PODRAVKA,0.06 kg,ko,1.39,23.17,,1.09,1.39,3850104274619,HRANA
SURPRISE SOK JABUKE 0.30 L + IZNENAĐENJE,90174021,SURPRISE,0.30 l,ko,1.39,4.63,,1.39,1.39,8594023921050,PIĆE
CHEF'S #5 SPECIAL 199G GRUPO OHANA,90184683,AS SUSHI,0.20 kg,ko,14.58,73.27,,14.58,14.58,0604580003927,HRANA
VEGETABLE SPRING ROLLS 112G GRUPO,90184702,AS SUSHI,0.11 kg,ko,5.3,47.32,,5.3,5.3,0604580002593,HRANA
DEO GARNIER AC THERMIC ROLL ON 50ml,90185909,GARNIER,0.05 l,ko,,73.8,3.69,4.59,4.99,3600541740051,KOZMETIKA
LIKER PELINKOVAC 0.7L MARASKA,90186599,MARASKA,0.70 l,ko,12.05,17.21,,12.05,12.05,3850158406820,PIĆE
KAVA BARCAFFE BLACK&EASY SUGAR 11g,90215819,BARCAFFE,0.01 kg,ko,0.39,35.45,,0.39,0.39,3838471030359,HRANA
DŽEM OD NARANČE BAKINA TAJNA 375g,90235961,BAKINA TAJNA,0.38 kg,ko,3.99,10.64,,3.99,3.99,8606011030498,HRANA
KEFIR 3.5%MM 400G VERONIKA,90267832,VERONIKA,0.40 kg,ko,1.99,4.98,,1.99,1.99,3859889622479,HRANA
KORICA NARANČE 20G KOTANYI,90268039,KOTANYI,0.02 kg,ko,0.99,49.5,,0.59,0.99,9001414203446,HRANA
ŽICA ČELIČNA DAX 2/1,90290000,DAX,2.00 ko,ko,0.66,0.33,,0.46,0.66,3850334608444,PROIZVODI ZA KUĆANSTVO
BRESKVA 500 grama,90290720,,0.50 kg,ko,,3.78,1.89,1.99,2.79,3858885879955,HRANA
PRŠUT DALMAT NAR 100g VP PIVAC,90298046,PIVAC,0.10 kg,ko,3.45,34.5,,3.45,3.45,3858884994406,HRANA
LIZALICE FLOPITO COLA 400g 50/1,90298511,FLORESTAL,0.40 kg,ko,3.71,9.28,,3.71,3.71,7896321004253,HRANA
KREKER CROCO SLANI 400g,90298562,CROCO,0.40 kg,ko,3.09,7.73,,3.05,3.05,5941194000061,HRANA
SOL MORSKA SITNA SOLJENKA 250g SOLANA NIN,90311276,SOLANA NIN,0.25 kg,ko,1.06,4.24,,1.06,1.06,3859888595644,HRANA
ŽELIN 3:1 25g PODRAVKA,90325031,PODRAVKA,0.03 kg,ko,1.3,52,,1.3,1.3,3856020211011,HRANA
SMRZ MLADA PATKA BEZ IZNUTR,90340009,HUNENT,1.00 kg,kg,6.99,6.99,,3.49,6.99,,HRANA
PROTEIN BAR 50% PROSERIES 50g CHOCO CRISP,90344600,POLLEO,0.05 kg,ko,1.99,39.8,,1.99,1.99,3858892290095,HRANA
DEO AXE LEATHER&COOKIES 150 ml,90377850,AXE,0.15 l,ko,,22.73,3.41,4.55,4.55,8710447285428,KOZMETIKA
KULEN DOBRO,90392047,DOBRO,1.00 kg,kg,18.99,18.99,,18.99,18.99,3850133812493,HRANA
ULJE MASLIN EX DJ TRAD 0.75L ORGULA,90394786,ORGULA,0.75 l,ko,11.49,15.28,,11.49,11.49,3859890446019,HRANA
ŠIROKI REZANCI S JAJIMA 500gMLIN PUKANIC,90404015,MLIN PUKANIĆ,0.50 kg,ko,2.12,4.24,,2.12,2.12,3859892888299,HRANA
ORAHOVAC 0.75L HARMUND,90404140,HARMUND,0.75 l,ko,16.69,22.25,,16.69,16.69,3859893459085,PIĆE
KAŠA ZOB BADEM/MED/VANIL 65g DOBRA,90406312,DOBRA,0.07 kg,ko,0.99,15.23,,0.99,0.99,8595054906238,HRANA
MARINIRANI PILEĆI ZABATAK RAW-ŠTILJ,90408133,RAW ŠTILJ,1.00 kg,kg,4.89,4.89,,4.09,4.89,3850159155314,HRANA
TORTELLINI BOLOGNESE NOVARESE 270g,90408603,PASTIFICICO NOVARESE,0.27 kg,ko,2.65,9.81,,2.65,2.65,8006827600081,HRANA
PILEĆI MINI FILE  400g AIA,90410127,AIA,0.40 kg,ko,,10.73,4.29,4.78,4.78,8008110260705,HRANA
KAVA LEDENA MINUTE LATTE MAC 250ml,90410591,MINUTE,0.25 l,ko,1.09,4.36,,1.09,1.09,3850334586629,HRANA
UMAK S MASLINAMA 190g POLLI,90424654,POLLI,0.19 kg,ko,3.32,17.47,,3.32,3.32,8001310001420,HRANA
PJENUŠAC MIA DELICAT FREIXENET 0.75L,90424812,FREIXENET,0.75 l,ko,8.99,11.99,,8.85,8.85,8410384012087,PIĆE
ŠKRPINA RZ KOMIŽA,90428177,RZ KOMIŽA,1.00 kg,kg,37.69,37.69,,22.6,37.69,,HRANA
TEL KOLJENICA DOMAĆA SK ,90453828,MARTINJAK,1.00 kg,kg,6.37,6.37,,6.37,6.37,,HRANA
VRHNJE ZA KUHANJE 20% M.M. 1L KRAVICA,90485401,KRAVICA KRALJICA,1.00 l,ko,5.99,5.99,,5.99,5.99,3856015324344,HRANA
TUBA NUTR JAB/MAN/PAP/BAN 100g,90494061,NUTRINO,0.10 kg,ko,,8.9,0.89,1.05,1.05,8606019650261,HRANA
JOGURT Z BREGOV 2.8% 1750gVINDIJA,90513938,Z BREGOV,1.75 kg,ko,4.05,2.31,,4.05,4.05,3850108037265,HRANA
VINO TERAN TERRA VINEA 0.75L,90528192,TERRA VINEA,0.75 l,ko,4.99,6.65,,3.25,4.99,3850334519634,PIĆE
GEL TUŠ/KOSA BIOB GARDEN 400ml,90572402,BIOBAZA,0.40 l,ko,,9.45,3.78,5.05,5.05,3856020908317,KOZMETIKA
SPECIAL DOG EX MP ADULT MINI ZEC 100g,90572794,SPECIAL DOG EXCELLENCE,0.10 kg,ko,1.09,10.9,,0.76,1.09,8009470060561,PROIZVODI ZA KUĆANSTVO
KROASAN MINI ČOKOLADA 65g QUICKIE,90582794,QUICKIE,0.07 kg,ko,0.73,11.23,,0.73,0.73,3872324000311,HRANA
BRANCIN P TOTAL FISH,90587746,TOTAL,1.00 kg,kg,28.49,28.49,,17.08,28.49,,HRANA
SAPUN DOVE BEAUTY CREAM 2X90g,90598305,DOVE,0.18 kg,ko,3.49,19.39,,3.49,3.49,8720181481239,KOZMETIKA
ZP PDX GUM+SENS&BREATH WHITE 75ml,90598349,PARODONTAX,0.08 l,ko,6.99,93.2,,6.99,6.99,5054563120496,KOZMETIKA
BOJA PALETTE ICC 8-21 PEPELJ SV PLAVA,90598474,PALETTE ICC,1.00 ko,ko,,3.49,3.49,3.49,3.49,9000101677607,KOZMETIKA
SLAD CARTE D'OR LEMON PIE 900ml,90598486,ALGIDA CD OR,0.90 l,ko,4,4.44,,4,4,8712100876417,HRANA
ŠUNKA LINO PUREĆA 60g NAR,90599011,LINO,0.06 kg,ko,1.75,29.17,,1.19,1.75,3856020257033,HRANA
TORTILLA MEKSIČKA 230g MLINAR,90623160,MLINAR,0.23 kg,ko,4.69,20.4,,4.69,4.69,3858881128033,HRANA
JUNEĆA KOLJENICA S KOSTI LOVRIĆ,90648706,LOVRIĆ,1.00 kg,kg,7.59,7.59,,7.59,7.59,,HRANA
KAPSULE ILLY BEZ KOFEINA120.6g 18/1 ,90669617,ILLY,0.12 kg,ko,11.59,96.58,,11.59,11.59,8003753198224,HRANA
NAPITAK OSHEE ISOTONIC NARANČA 0.75L,90673619,OSHEE,0.75 l,ko,1.69,2.25,,1.69,1.69,5908260250126,PIĆE
KEKS MILKA CHOCO SENSATIONS 312g,90675306,MILKA,0.31 kg,ko,4,12.82,,2.8,4,7622202265853,HRANA
ZP SIGNAL WHITE NOW ICE COOL 75ml,90702707,SIGNAL,0.08 l,ko,4.25,56.67,,2.97,2.97,8720181327162,KOZMETIKA
BISKVIT SUNNY VANILIJA 200g 8/1,90702769,SUNNY,0.20 kg,ko,1.45,7.25,,1.45,1.45,3850334043979,HRANA
SIRUP K PLUS BOROVNICA 1L,90703463,K PLUS,1.00 l,ko,2.55,2.55,,2.55,2.55,3850334044310,PIĆE
ROLL ON BOROTALCO M AMBER 50ml,90703896,BOROTALCO,0.05 l,ko,,39.8,1.99,1.99,3.99,80886754,KOZMETIKA
MJEŠAVINA MEKSIČKA GARDEN GOOD 750g,90704007,GARDEN GOOD,0.75 kg,ko,,1.98,1.49,1.49,1.99,3838900835357,HRANA
TUBA ORG GERBER MANGO 80g,90707592,GERBER,0.08 kg,ko,1.49,18.63,,1.49,1.49,8445290167132,HRANA
KAŠICA ORG GERBER MRKVA/BATAT 125g,90707595,GERBER,0.13 kg,ko,1.59,12.72,,1.27,1.59,7613036047135,HRANA
UMAK BASILICO VEGAN 195g BARILLA,90403232,BARILLA,0.20 kg,ko,4.79,24.56,,2.99,4.79,8076809572569,HRANA
MLIJEKO ZAMJ HIPP 2 COMBIOTIK 600g,90407290,HIPP,0.60 kg,ko,14.69,24.48,,14.69,14.69,4062300398917,HRANA
ŠTAPIĆI TWISTER HRUSTY SIR 150g,90433043,HRUSTY,0.15 kg,ko,1.99,13.27,,1.99,1.99,3850334134653,HRANA
KOMPOT ANANAS KOL 560g DEL MONTE,90438060,DEL MONTE,0.56 kg,ko,3.59,6.41,,2.87,3.59,024000011859,HRANA
ČOKOLADA TONYS MILK 180g,90453046,TONYS CHOCOLONELY,0.18 kg,ko,4.69,26.06,,4.69,4.69,8717677336593,HRANA
VJENČIĆI MIX MAR/VIŠNJA 500g FANOLA,90453202,FANOLA,0.50 kg,ko,4.99,9.98,,3.79,4.99,3859888257658,HRANA
PIĆE GAZ THENRY CHERRY BLOS 0.20L,90462878,THOMAS HENRY,0.20 l,ko,2.19,10.95,,2.19,2.19,4251760800096,PIĆE
GEL TUŠ NIVEA CARE ORANGE 500ml,90478525,NIVEA,0.50 l,ko,6.29,12.58,,6.29,6.29,9005800263687,KOZMETIKA
ZAČIN GRILL MARINADA BBQ 75g VEGETA,90484199,VEGETA,0.08 kg,ko,1.29,17.2,,0.99,1.29,3850104283239,HRANA
SOK JABUKA 1L MOJ DAN,90485474,MOJ DAN,1.00 l,ko,2.79,2.79,,2.05,2.79,3850334045935,PIĆE
NAMAZ NUTELLA 1000 g,90779758,NUTELLA,1.00 kg,ko,7.49,7.49,,7.49,7.49,8000500082379,HRANA
KREKER RIŽA SLANI ACTIVE ZONE 120 g,90780001,ACTIVE ZONE,0.12 kg,ko,0.99,8.25,,0.79,0.99,3838900837429,HRANA
BOJA COLOR NAT 9N NUDE EXT L BLD,90800415,GARNIER COL NATURALS,1.00 ko,ko,,3.69,3.69,4.99,4.99,3600542617321,KOZMETIKA
OM SILAN JUNGLE  1.1 L,90810337,SILAN,1.10 l,ko,,2.54,2.79,2.79,2.79,9000101800883,SREDSTVA ZA ČIŠĆENJE
KESTEN ROLADA ČOKOLADA 280 g SANA,90825788,SANA,0.40 kg,ko,2.5,6.25,,5.99,5.99,3858892322802,HRANA
ULJE SUNCOKRET K PLUS 1L,90850286,K PLUS,1.00 l,ko,1.49,1.49,,1.39,1.49,3850334432537,HRANA
TJEST SIMPLY PASTA CHIFF RIGATI 500g,90875092,SIMPLY PASTA,0.50 kg,ko,1.29,2.58,,0.89,1.29,3858884500607,HRANA
BOMBON GUM KIS MAČKA 125 g BEAUTY SW,90880114,BEAUTY SWEETIES,0.13 kg,ko,2.89,23.12,,2.89,2.89,4260278363108,HRANA
SVJEŽI KVASAC 42 g DR OETKER,90880130,DR.OETKER,0.04 kg,ko,0.49,11.67,,0.49,0.49,4003834000112,HRANA
STICK OS EPIC LEGEND 50 ml,90885633,OLD SPICE,0.05 l,ko,,59.8,2.99,3.99,3.99,8700216607360,KOZMETIKA
PJENA NEUTROGENA CLEAR 150 ml,90885874,NEUTROGENA,0.15 l,ko,,61.53,9.23,11.55,11.55,3574661527086,KOZMETIKA
KOMPOT KRUŠKA POL 420/230 g DELMONTE,90885994,DEL MONTE,0.23 kg,ko,2.59,11.26,,2.59,2.59,024000027584,HRANA
ROLL ON MELEM SEAWOLF 50 ml,90886057,MELEM,0.05 l,ko,3.99,79.8,,3.19,3.99,3856007912405,KOZMETIKA
ČIPS HRUSTY TUBA SLANI 100 g,90887103,HRUSTY,0.10 kg,ko,1.49,14.9,,1.49,1.49,3838900820612,HRANA
MASLINE ZEL OTKOŠ 235/105 g SERPIS,90889762,SERPIS,0.11 kg,ko,1.89,18,,1.89,1.89,8410344700153,HRANA
NEKTAR NARANČA JUICY 2 L,90889896,JUICY,2.00 l,ko,4.19,2.1,,3.49,4.19,3858890979220,PIĆE
KROKETI 400 g ZP,90890445,ZLATO POLJE,0.40 kg,ko,1.89,4.73,,1.89,1.89,3838700369304,HRANA
PERŠIN LIST 100 grama,01400236,,0.10 kg,ko,1.29,12.9,,1.29,1.29,3850334049612,HRANA
PORILUK,01401857,,1.00 kg,kg,1.69,1.69,,1.29,1.99,3850334173225,HRANA
KIWANO,01410001,,0.10 kg,ko,1.49,14.9,,1.49,1.69,3856017202336,HRANA
NEKTARINA,01410071,,1.00 kg,kg,4.19,4.19,,3.99,3.99,3850334173492,HRANA
JABUKA BRAEBURN,01410086,,1.00 kg,kg,1.69,1.69,,1.69,1.69,3850334173508,HRANA
DŽEM BOROVNICA 370g BONNE MAMAN,01462519,BONNE MAMAN,0.37 kg,ko,6.09,16.46,,6.09,6.09,3608580705147,HRANA
MLIJEKO KOKOS 400ml YOUWOK,01496118,YOUWOK,0.40 l,ko,3.99,9.98,,3.99,3.99,8717228380242,HRANA
HOBBY VIT PAPIGE  500g,01640520,HOBBY,0.50 kg,ko,1.89,3.78,,1.89,1.89,3838964001200,PROIZVODI ZA KUĆANSTVO
GOURMET PERLE MM GOV PIL ZEC 4X85G,01640607,GOURMET,0.34 kg,ko,3.09,9.09,,2.49,3.09,7613032870393,PROIZVODI ZA KUĆANSTVO
PEDIGREE DENTASTIX SRED VEL 77G,01641114,PEDIGREE,0.08 kg,ko,1.79,23.25,,1.43,1.79,5998749104392,PROIZVODI ZA KUĆANSTVO
ŠUNKA ROLANA DO 1500g VAC PODRAVKA,02019066,PODRAVKA,1.00 kg,kg,6.99,6.99,,6.99,6.99,3858886460497,HRANA
ŠUNKA DELIKATES OD PUREĆIH PRSA VIND,02034495,VINDON,1.00 kg,kg,15.49,15.49,,15.49,15.49,3850159128592,HRANA
GRDOBINA III SVJ MEDUZA,02195272,,1.00 kg,kg,24.99,24.99,,14.98,24.99,,HRANA
LOSOS SUP 5/6,02197639,,1.00 kg,kg,16.29,16.29,,9.77,16.29,,HRANA
SIR SVJ ZAGREB PRESIDENT 375g,02398982,PRESIDENT,0.38 kg,ko,2.99,7.97,,2.39,2.39,3850355002498,HRANA
PILEĆI FILETINO CLASSIC VINDIJA,02434759,CEKIN,1.00 kg,kg,,11.59,11.59,11.59,12.99,3850159110795,HRANA
PUREĆI ĆEVAPČIĆI SMR 400g VINDIJA,02451418,VINDON,0.40 kg,ko,4.49,11.23,,4.49,4.49,3850339439005,HRANA
VINO ROSE CUVEE STOL 0.75L KRAUTHAK,03021009,KRAUTHAKER,0.75 l,ko,11.05,14.73,,11.05,11.05,3859892481100,PIĆE
VINO PELJEŠAC 0.75L BADEL 1862,03021332,VINA HRVATSKE,0.75 l,ko,6.05,8.07,,6.05,6.05,3850112170644,PIĆE
VINO ŽDREPČEVA KRV 0.75L STOL ČOKA,03024246,VIN ČOKA,0.75 l,ko,4.29,5.72,,3.39,4.29,8600102938083,PIĆE
CIDER SOMERSBY JABUKA 0.33L NB,03130658,SOMERSBY,0.33 l,ko,1.65,5,,1.65,1.65,7310070764973,PIĆE
PIVO OŽUJSKO LIMUN 0.5L LIMENKA,03131125,OŽUJSKO,0.50 l,ko,1.55,3.1,,1.39,1.55,3850131002063,PIĆE
KAŠICA HIPP INT ŽIT VOĆE 4-6MJ 190g,03140035,HIPP,0.19 kg,ko,1.75,9.21,,1.75,1.75,9062300137825,HRANA
KAŠICA HIPP ŠPAGETI BOLOGNESE 190g,03140525,HIPP,0.19 kg,ko,1.99,10.47,,1.99,1.99,4062300266247,HRANA
SOK PREMIUM JAGODA 1L FRUCTAL,03142078,FRUCTAL,1.00 l,ko,2.59,2.59,,1.87,1.87,3838945509022,PIĆE
VODA SENSATION LIME/KIWA 1.5L JAM,03180155,SENSATION,1.50 l,ko,1.69,1.13,,1.39,1.69,3858884602349,PIĆE
BRAŠNO GLATKO T-550 2kg MLINETA,04034425,MLINETA,2.00 kg,ko,1.49,0.75,,0.99,1.49,3859888419056,HRANA
PAHULJICE COOKIE CRISP NESTLE 375g,04034426,NESTLE ŽITAR,0.38 kg,ko,4.49,11.97,,3.39,4.29,5900020011886,HRANA
RIŽA ZL POLJE 800G VREĆ,04060007,ZLATO POLJE,0.80 kg,ko,2.59,3.24,,1.79,2.59,3838700540314,HRANA
INSTANT BEZ KOFEINA 100g FRANCK,04070189,FRANCK,0.10 kg,ko,5.49,54.9,,5.49,5.49,3850291055251,HRANA
ČAJ ZELENI S JASMINOM 20X2g AHMAD,04090854,AHMAD,0.04 kg,ko,3.45,86.25,,3.45,3.45,054881005654,HRANA
ČAJ BIO CICIBAN 40g AO BIO PODRAVKA,04094012,LINO,0.04 kg,ko,2.19,54.75,,2.19,2.19,3850104073908,PIĆE
PERŠIN U LISTIĆIMA 7g ŠAFRAM,04101010,ŠAFRAM,0.01 kg,ko,0.53,75.71,,0.53,0.53,3859888163263,HRANA
ŠEĆER KRISTAL 1kg VIROVITICA,04121781,VIRO,1.00 kg,ko,0.99,0.99,,0.99,0.99,3859893641008,HRANA
FLIPS TIP TOP VES PRIJAT 45g,04140032,TIP TOP,0.05 kg,ko,,19.78,0.89,0.89,1.09,3856021303722,HRANA
VAFL LOACKER CREMKAKAO 175g,04140670,LOACKER,0.18 kg,ko,2.19,12.51,,1.59,2.19,8000380007264,HRANA
KEKS LEIBNIZ MLIJEČNI 125g BAHLSEN,04149158,BAHLSEN,0.13 kg,ko,2.85,22.8,,2.85,2.85,4017100209833,HRANA
GEL TUŠ K PLUS OLEA ROSE/JOG 300ml,06524214,OLEA,0.30 l,ko,1.19,3.97,,1.19,1.19,3850334103154,KOZMETIKA
BOJA COLOR NAT 4 CHATAI 5616,06542044,GARNIER COL NATURALS,1.00 ko,ko,,3.69,3.69,4.99,4.99,3600540335616,KOZMETIKA
BOJA COLOR NAT 5 CHAT CL 5623,06542045,GARNIER COL NATURALS,1.00 ko,ko,,3.69,3.69,4.99,4.99,3600540335623,KOZMETIKA
BOJA COMPLETE COL D20 BLACK 7947,06549340,ANNYER,1.00 ko,ko,3.99,3.99,,3.99,3.99,3850177007947,KOZMETIKA
ROLL ON DOVE 50ml 6444,06550242,DOVE,0.05 l,ko,,80.2,4.01,5.35,5.35,59095859,KOZMETIKA
DEO SPREJ DENIM 150ml ORIG 6026,06551375,DENIM BRAND,0.15 l,ko,,19,2.85,3.59,3.59,8008970004402,KOZMETIKA
DEO NIVEA Ž PEARL&BEAUTY SPR 150ml,06552500,NIVEA,0.15 l,ko,5.39,35.93,,3.99,5.39,4005808734528,KOZMETIKA
HANSAPLAST UNIVERZ 20/1 9427,06621161,HANSAPLAST,20.00 ko,ko,2.99,0.15,,2.99,2.99,4005800239427,TOALETNE POTREPŠTINE
ČAJ MAXI ZELENI ČAJ 40X2g NATURA,90212943,NATURAVITA,0.08 kg,ko,2.19,27.38,,2.19,2.19,3858884090672,HRANA
DŽEM SMOKVA EKO 240G DIDA BOŽA,01460260,DIDA BOŽA,0.24 kg,ko,3.69,15.37,,2.58,3.69,3859891515011,HRANA
GRAH BIJELI 460g PODRAVKA,01529014,PODRAVKA,0.46 kg,ko,2.19,4.76,,1.85,1.85,3850104020780,HRANA
SIR TVRDI EMMENTALER K PLUS 300g,02053911,K PLUS,0.30 kg,ko,2.99,9.97,,2.99,2.99,3850334189134,HRANA
MARGARIN STOLNI 250g ZVIJEZDA,02210021,ZVIJEZDA,0.25 kg,ko,0.95,3.8,,0.85,0.85,3858882210102,HRANA
MLIJEKO K PLUS TRAJNO 2.8% 1L,02233999,K PLUS,1.00 l,ko,0.79,0.79,,0.75,0.79,3850334079220,HRANA
SOK 100% NARANČA HAPPY DAY  1L,03141937,HAPPY DAY,1.00 l,ko,3.49,3.49,,2.99,2.99,90087066,PIĆE
SOK 100% VINDI NARAN  1L,03142008,VINDI,1.00 l,ko,2.79,2.79,,2.79,2.79,3850108075397,PIĆE
TIJESTO PENNE RIGATE 73 1kg BARILLA,04050380,BARILLA,1.00 kg,ko,3.69,3.69,,3.69,3.69,8076800105735,HRANA
SOL MORSKA KRUPNA 5kg PVC SOLANA,04110031,SOLANA PAG,5.00 kg,ko,2.79,0.56,,2.79,2.79,3859888155435,HRANA
PECIVO KVIKI PERECI 200g PODRAVKA,04145408,KVIKI,0.20 kg,ko,1.79,8.95,,1.79,1.79,3850104007224,HRANA
ŽELATINA BIJELA 10g DR OETKER,04180086,DR OETKER,0.01 kg,ko,0.99,99,,0.99,0.99,5997381370387,HRANA
DŽEM JAGODA EKO 240G DIDA BOŽA,04280238,DIDA BOŽA,0.24 kg,ko,3.69,15.37,,2.58,3.69,3859891515325,HRANA
GEL TUŠ AXE AFRICA 250  4827,06520306,AXE,0.25 l,ko,,10.76,2.69,2.99,2.99,8710447279793,KOZMETIKA
KUPKA PALM OS OLIVE 500ml,06520986,PALMOLIVE,0.50 l,ko,4.89,9.78,,4.89,4.89,8714789733166,KOZMETIKA
ŠAMPON ELSEVE TOT REPAI 400ml,06521074,LOREAL ELSEVE,0.40 l,ko,,11.23,4.49,5.49,5.99,3600521929421,KOZMETIKA
PAHULJ LINO PILLOWS MILK 250g PODR,90039261,LINO,0.25 kg,ko,3.49,13.96,,2.49,3.49,3850104259616,HRANA
BOJA PALETTE DELUXE 562,90070826,PALETTE DELU,1.00 ko,ko,,4.79,4.79,4.79,4.79,9000100823555,KOZMETIKA
FRISKIES SP JUNIOR 500G,90071589,FRISKIES,0.50 kg,ko,2.29,4.58,,1.59,2.29,5997204513199,PROIZVODI ZA KUĆANSTVO
MAKOVNJAČA 500g MLINAR,90090152,MLINAR,0.50 kg,ko,4.79,9.58,,3.29,4.79,3858881125537,HRANA
MARINIRANI SV KARE BK PIK,90096206,PIK VRBOVEC,1.00 kg,kg,8.79,8.79,,4.89,8.79,3850139436198,HRANA
KAŠICA FRUTEK BIO JABUKA/BRESKVA 120g,90105806,FRUTEK,0.12 kg,ko,1.25,10.41,,0.99,1.25,3838945016476,HRANA
VL MARAMICE BECUTAN 4PACK 72/1,90107519,BECUTAN,288.18 ko,ko,,0.02,5.42,6.79,6.79,5310001224103,TOALETNE POTREPŠTINE
BOMBON MENTOL CRNI 100g KANDIT,90113275,KANDIT,0.10 kg,ko,0.96,9.6,,0.96,0.96,3858881048508,HRANA
JUN SLABINA I LEĐA SK MATURO KONZUM,90142785,KONZUM,1.00 kg,kg,21.99,21.99,,21.99,21.99,,HRANA
ČAJ MAJČINA DUŠICA BILJKA 40G,90147220,AGRISTAR,0.04 kg,ko,2.19,54.75,,2.19,2.19,3858886502333,HRANA
GOF SVJ RZ L,90148930,,1.00 kg,kg,25.99,25.99,,15.58,25.99,,HRANA
HIG UL VIOLETA COTTON NORMAL 10/1,90152812,VIOLETA,10.00 ko,ko,,0.12,1.19,1.19,1.59,3870128007925,TOALETNE POTREPŠTINE
PAHULJ CHEERIOS S MEDOM 375G,90169877,NESTLE ŽITAR,0.38 kg,ko,4.49,11.97,,3.39,4.29,5900020022745,HRANA
KULEN 650g REZ PIK,90180362,PIK,1.00 kg,kg,20.79,20.79,,17.66,20.79,,HRANA
BOMBONJ FONTANA LED KOCKE  146G,90184900,FONTANA,0.15 kg,ko,4,27.4,,3,4,3850102007936,HRANA
KAVA ZLATNA DŽEZVA 200G,90186831,ZLATNA DŽEZVA,0.20 kg,ko,4.19,20.95,,3.29,4.19,3870007014303,HRANA
SIR POLUTV K PLUS CHEDDAR 100G,90219838,K PLUS,0.10 kg,ko,1.69,16.9,,1.19,1.19,3850334577399,HRANA
BOJA COL SENSAT S9 SILV,90258728,GARNIER COL SENSATION,1.00 ko,ko,,3.99,3.99,4.99,5.29,3600541914070,KOZMETIKA
BANANA ČIPS VEDRINI 400g,90303761,VEDRINI,0.40 kg,ko,2.79,6.98,,2.79,2.79,3858889331091,HRANA
ŠAMPON BOTANIC THERAPY RICINUS 250ml,90310822,BOTANIC THERAPY,0.25 l,ko,,10.76,2.69,3.59,3.59,3600542114486,KOZMETIKA
TIJESTO K PLUS PENNE RIGATE PREMIUM 500g,90312379,K PLUS,0.50 kg,ko,1.39,2.78,,0.99,1.39,3850334352507,HRANA
SUHO ULJE PIZ BUIN SPF15 150ml,90319981,PIZ BUIN,0.15 l,ko,14.99,99.93,,14.99,14.99,3574661192833,KOZMETIKA
KREKER RIŽA VRHNJE LUK 60g RICE UP,90364912,RICE UP,0.06 kg,ko,1.39,23.17,,1.39,1.39,3800233070118,HRANA
BOMBON NIMM2 GUMENI JOGURT 100g,90365244,NIMM2,0.10 kg,ko,1.19,11.9,,1.19,1.19,4014400913040,HRANA
DRESSING FRENCH 250ml KUHNE,90402847,KUHNE,0.25 l,ko,2.89,11.56,,2.89,2.89,40122397,HRANA
PLJESKAVICA SA SIROM 400g PIK,90406554,PIK VRBOVEC,0.40 kg,ko,3.99,9.98,,2.79,2.79,3850139541465,HRANA
KAVA ESSPR CREMA JM NS 30/1 MULTI  168g,90409314,JULIUS MEINL,0.17 kg,ko,14.29,85.06,,14.29,14.29,9000403979508,HRANA
MED BAGREM 900g ŽUPANJA,90412081,KUĆA MEDA,0.90 kg,ko,15.99,17.77,,15.99,15.99,3859893780011,HRANA
UMAK BOSILJAK 410g PODRAVKA,90412273,PODRAVKA,0.41 kg,ko,3.19,7.78,,3.19,3.19,3856020242237,HRANA
BOJA PALETTE DELUXE 760,90060058,PALETTE DELU,1.00 ko,ko,,4.79,4.79,4.79,4.79,3838824256603,KOZMETIKA
KVASAC SUHI 450g INSTANT DOLCELA,90069483,DOLCELA,0.45 kg,ko,4.89,10.87,,4.89,4.89,3850104266027,HRANA
PAHULJ NESQUIK NESTLE 625g,90072676,NESTLE ŽITAR,0.63 kg,ko,6.29,10.06,,4.99,4.99,5900020021311,HRANA
VODKA COSMOPOLITAN 0.7L MARASKA,90186576,MARASKA,0.70 l,ko,9.05,12.93,,9.05,9.05,3850158409203,PIĆE
MIX JACOBS 2U1 14g,90188533,JACOBS,0.01 kg,ko,0.45,32.14,,0.45,0.45,8711000526743,HRANA
KREKER RIBICE BOBI 100g,90210713,BOBI,0.10 kg,ko,0.95,9.5,,0.95,0.95,3858891590745,HRANA
NAPITAK PRO SPORT SUPER FRUITS 0.75L,90219680,PRO SPORT,0.75 l,ko,1.59,2.12,,1.59,1.59,3858890871944,PIĆE
ČISTAČ POS VILEDA PURACTIV 2/1,90230650,VILEDA,2.00 ko,ko,3.85,1.93,,2.69,3.85,4023103070240,PROIZVODI ZA KUĆANSTVO
DEO SPRAY MAN MAX SENSITIVE 150ml,90235477,MAN MAX,0.15 ko,ko,1.29,8.6,,1.29,1.29,3850334584366,KOZMETIKA
KAŠA ZOB ČOK 4X65G MY LIFE,90236667,MY LIFE,0.26 kg,ko,2.69,10.35,,2.69,2.69,3859892920081,HRANA
BOROVNICA EKO 125 grama,90246274,,0.13 kg,ko,1.69,13.52,,1.69,1.99,3856028676478,HRANA
DEO SPRAY MEN NIVEA B&W 150ml,90281388,NIVEA,0.15 l,ko,,24.67,3.7,3.95,5.29,9005800280707,KOZMETIKA
GAZ PIĆE FANTA 1.5L,90290866,FANTA,1.50 l,ko,1.89,1.26,,1.89,1.89,5449000322166,PIĆE
KEKS CHOCO SANDWICH BŠ 250g GULLON,90302246,GULLON,0.25 kg,ko,,7.16,1.79,2.09,2.99,8410376048148,HRANA
ČOK MILKA KIKIRIKI KARAMELA 90g,90308573,MILKA,0.09 kg,ko,2.49,27.67,,1.39,2.49,7622210826633,HRANA
GOURMET MON PETIT PILETINA 6x50g,90320290,GOURMET,0.30 kg,ko,3.09,10.3,,2.49,3.09,7613036861175,PROIZVODI ZA KUĆANSTVO
PIZZA FELICIANA SALAMA 320g,90380022,DR OETKER,0.32 kg,ko,4.29,13.41,,4.29,4.29,5900437007151,HRANA
ZAČIN CIMET POSIP 45g VEG MAESTRO,90381078,VEGETA MAESTRO,0.05 kg,ko,1.99,44.22,,1.99,1.99,3856020233082,HRANA
PJENUŠAC MIONETTO PROSECO T BRUT 0.2L,90392917,MIONETO,0.20 l,ko,5.89,29.45,,5.89,5.89,8006220110774,PIĆE
KREKER RAJČICA&BILJE 70g ELEPHANT,90401660,ELEPHANT,0.07 kg,ko,,10.71,0.75,0.99,0.99,5949040203000,HRANA
TP VLAŽNI VIOLETA DOUBLE CARE 99% VODE,90402997,VIOLETA,1.00 ko,ko,2.52,2.52,,2.52,2.52,3870128021037,TOALETNE POTREPŠTINE
BRAŠNO PIROVO INTEGRAL 1kg PODRAVKA,90403373,PODRAVKA,1.00 kg,ko,2.49,2.49,,2.49,2.49,3838700295269,HRANA
DET FROSCH ALOE VERA 1.5l,90406479,FROSCH,1.50 l,ko,6.75,4.5,,4.72,6.75,4001499159510,SREDSTVA ZA ČIŠĆENJE
DEO NIVEA M B&W ULTIM IMP 150ml,90407674,NIVEA,0.15 l,ko,,24.67,3.7,3.95,5.29,9005800329604,KOZMETIKA
DN UL VIOL WE CARE AIR FIT NORMAL 50/1 ,90424467,VIOLETA,50.00 ko,ko,,0.04,1.99,1.99,2.65,3870128023680,TOALETNE POTREPŠTINE
PIVO PALE ALE 0.33L ANGELUŠ,90477991,ANGELUŠ,0.33 l,ko,1.99,6.03,,1.99,1.99,3857500070722,PIĆE
MASLINE ZELENE NAREZANE 185g SACLA,90485125,SACLA,0.19 kg,ko,1.49,8.05,,1.49,1.49,8001060009660,HRANA
ODOJAK DOMAĆI BEZ GLAVE,90486697,PIK VRBOVEC,1.00 kg,kg,10.99,10.99,,10.99,10.99,,HRANA
ŠTAPIĆI SA SEZAMOM 125g ULKER,90493118,ULKER,0.13 kg,ko,1.55,12.4,,1.55,1.55,8690504011750,HRANA
DŽEM BRUSN/JAGO 100% VOĆE 220g PODR,90494838,PODRAVKA,0.22 kg,ko,3.89,17.68,,3.89,3.89,3856020248475,HRANA
HRENOVKE FRANK IVANEČKI 275g IMISIMO,90498761,IMISIMO,0.28 kg,ko,3.29,11.96,,3.29,3.29,3859893866036,HRANA
LIKER OD BOROVNICE 500ml KAPRONCA,90498841,AL KAPRONE,0.50 l,ko,9.39,18.78,,9.39,9.39,3859892356088,PIĆE
PECIVO ŽEMLJA 6/1 360g KLARA,90503281,KLARA,0.36 kg,ko,2.15,5.97,,2.15,2.15,3858881321595,HRANA
PISTACIO LJUSKA G GOOD PR NESL 180g ,90514405,GARDEN GOOD,0.18 kg,ko,,18.26,3.29,3.99,3.99,3838900987995,HRANA
VREĆICA TREGER LD MALA KONZUM,90538192,K PLUS,1.00 ko,ko,0.13,0.13,,0.13,0.13,3850334524324,PROIZVODI ZA KUĆANSTVO
TUBA FRUTOLINO VOĆE/PIR 100g,90568457,LINO,0.10 kg,ko,1.39,13.9,,1.39,1.39,3856020248185,HRANA
CEDEVITA BAZGA LIMUN 455g,90571958,CEDEVITA,0.46 kg,ko,4.19,9.21,,4.19,4.19,3850322014943,PIĆE
WANPY DOG SUŠENA PIL I KOSTI 100g,90572828,WANPY,0.10 kg,ko,3.55,35.5,,2.48,3.55,6927749810353,PROIZVODI ZA KUĆANSTVO
NAPITAK BADEM ORIG. 1L RISO SCOTTI,90573452,RISO SCOTTI,1.00 ko,ko,,1.99,1.99,2.92,2.92,8001860222658,HRANA
SLANINA DOM SUHA CCA 700g PIVAC,90598409,PIVAC,1.00 kg,kg,,10.99,10.99,16.29,16.29,3858884997100,HRANA
ZAČIN CIMET VR.70g VEGETA MAESTRO,90599242,VEGETA MAESTRO,0.07 kg,ko,2.69,38.43,,2.69,2.69,3856020203092,HRANA
SIR SVJEŽI SPORT 500g ZDENKA,90600677,ZDENKA,0.50 kg,ko,2.99,5.98,,2.99,2.99,3858888598679,HRANA
VRHNJE ZA KUHANJE LAGANO 500g DUKAT,90602853,BRZO&FINO,0.50 kg,ko,3.39,6.78,,3.39,3.39,3850354017172,HRANA
PEKMEZ AFR SUN CARE EXPRESS 200ml,90607866,AFRODITA,0.20 l,ko,,63.45,12.69,16.99,16.99,3831070658931,KOZMETIKA
ČOKOLADA ČOKSA BANANA BISCUIT 68g,90657778,ČOKSA,0.07 kg,ko,1.39,20.44,,1.39,1.39,3850102001606,HRANA
ŠUMSKO VOĆE 300g LEDO,90668492,LEDO,0.30 kg,ko,3.19,10.63,,2.79,3.19,3850116053585,HRANA
PAPRENJAK ĐUMBIR 100g KEKSOMANIJA,90670186,KEKSOMANIJA,0.10 kg,ko,3.32,33.2,,3.32,3.32,3857500127860,HRANA
GEL TUŠ FA COCONUT MILK 400ml,90703673,FA,0.40 l,ko,,6.38,2.55,3.99,3.99,9000101009576,KOZMETIKA
TRAKE VEET DEPIL LICE 20/1,90705146,VEET,20.00 ko,ko,,0.22,4.49,5.89,5.89,5997321774725,KOZMETIKA
SIR TVRDI KOZJI 150g,90705261,INTERLAT,0.15 kg,ko,3.99,26.6,,2.99,3.99,8427298009560,HRANA
VAFL CHOCO RUM 200g KOESTLIN,90705704,KOESTLIN,0.20 kg,ko,2.69,13.45,,2.69,2.69,3856014106088,HRANA
KAŠA ZOB RISE&SMILE ČOKOLADA 65g,90713246,RISE&SMILE,0.07 kg,ko,0.55,8.46,,0.55,0.55,3850334043474,HRANA
SIR TV KRAVLJI TERANO 230 g SPEC MOM,90829928,SPECIAL MOMENTS,0.23 kg,ko,5.99,26.04,,4.99,5.99,3850334430861,HRANA
SERUM NIVEA CELL E 3 ZONE LIFT 30 ml,90834753,NIVEA,0.03 l,ko,,531.33,15.94,22.79,22.79,9005800367071,KOZMETIKA
 COOKIE SMART PROSERIES CHOCO 128 g,90839781,POLLEO,0.13 kg,ko,2.99,23.36,,2.99,2.99,3856026808949,HRANA
VODICA MICEL NIVEA REGENER 400 ml,90850413,NIVEA,0.40 l,ko,,15.48,6.19,8.89,8.89,9005800377742,KOZMETIKA
TP NATUR FOREST 150L 3SL 10/1,90850718,NATUR,10.00 ko,ko,2.65,0.27,,2.29,2.29,3850334429575,TOALETNE POTREPŠTINE
GLAVA ZAMJ ORAL B PRO LION K 8 kom,90850900,ORAL B,8.00 ko,ko,,2.6,20.78,24.49,24.49,8700216302227,KOZMETIKA
VREĆICE SA ZATVARAČEM MIX FINO 25/1,90869867,FINO,25.00 ko,ko,2.99,0.12,,2.99,2.99,5201314185727,PROIZVODI ZA KUĆANSTVO
VINO MALVAZIJA MATIĆ KV 0.75 L,90874781,MATIĆ VINA,0.75 l,ko,12.99,17.32,,12.99,12.99,3859891681013,PIĆE
ČAJ MENTA MAXI 40/1 52 g FRANCK,90874928,FRANCK,0.05 kg,ko,2.79,53.65,,2.79,2.79,3850291055435,HRANA
VREĆA ZA SMEĆE ALUFIX 35L 12/1,90875149,ALUFIX,12.00 ko,ko,3.19,0.27,,3.19,3.19,5949509003134,PROIZVODI ZA KUĆANSTVO
BOMBON GUM KIKI SPRING WOR 90 g KRAŠ,90875395,KIKI,0.09 kg,ko,0.7,7.78,,0.59,0.79,3850102015122,HRANA
PECIVO KAJZERICA BG 4X60g 240g DR SC,90875525,DR SCHAR,0.24 kg,ko,,13.62,3.27,4.09,4.09,8008698038543,HRANA
DEO DOVE Ž KOKOS JASMIN 150 ml,90885176,DOVE,0.15 l,ko,,26.73,4.01,5.35,5.35,8720181291487,KOZMETIKA
ŠAMPON H&S CLARIFYING 800 ml,90885595,HEAD&SHOULDE,0.80 l,ko,12.49,15.61,,12.49,12.49,8700216658614,KOZMETIKA
REG OGX ARGAN ULJE 385 ml,90885670,OGX,0.39 l,ko,,17.38,6.69,8.45,8.45,0022796976123,KOZMETIKA
SNACK GRANA PADANO 20 gX5 AGRIFORM,90886293,AGRIFORM,0.10 kg,ko,3.79,37.9,,3.49,3.79,8003518106716,HRANA
KEKS JIMMY ČOKOLADA 32 g,90887276,JIMMY FANTASTIC,0.03 kg,ko,0.65,20.31,,0.65,0.65,8600939843529,HRANA
KREKER CHILI I LIMETA 70 g ELEPHANT,90887378,ELEPHANT,0.07 kg,ko,0.99,14.14,,0.99,0.99,5949040204847,HRANA
TIJESTO FUSILLI 500 g BRAGAGNOLO,90894653,BRAGAGNOLO,0.50 kg,ko,1.99,3.98,,1.99,1.99,8004350003881,HRANA
DET DUEL UNIVERSAL 2.45 L,90895405,DUEL,2.45 l,ko,11.99,4.89,,11.99,11.99,8606015847108,SREDSTVA ZA ČIŠĆENJE
DET VESH WHITE GEL 1L+ OM ORIG 0.9L,90899707,VESH,1.00 ko,ko,5.99,5.99,,5.99,5.99,3870128040632,SREDSTVA ZA ČIŠĆENJE
CHICKEN STRIPS CEKIN 600 g,90899995,CEKIN,0.60 kg,ko,8.29,13.82,,8.29,8.29,3850159141171,HRANA
GLJIVA BUKOVAČA 300 grama,01400000,,0.30 kg,ko,,3.97,1.19,1.19,1.19,3850334393135,HRANA
PAPRIKA ZELENA,01401721,,1.00 kg,kg,2.99,2.99,,2.99,3.49,3850334173164,HRANA
UMAK FAJITA 430g POCO LOCO,01490385,POCO LOCO,0.43 kg,ko,3.99,9.28,,3.99,3.99,5412514999841,HRANA
UMAK PIZZA 490g ZVIJEZDA,01491257,ZVIJEZDA,0.49 kg,ko,2.09,4.27,,2.09,2.09,3858882212502,HRANA
TARTUFATA  130g ZIGANTE,01600108,ZIGANTE,0.13 kg,ko,13.49,103.77,,13.49,13.49,3859889179218,HRANA
SAFALADA 300g GAVRILOVIĆ,02044238,GAVRILOVIĆ,0.30 kg,ko,2.85,9.5,,2.85,2.85,3858881225916,HRANA
DORUČAK K PLUS MESNI 150g LO,02169554,K PLUS,0.15 kg,ko,1.19,7.93,,1.19,1.19,3850334530660,HRANA
NAMAZ RIO MARE TUN 100g TUB,02195129,RIO MARE,0.10 kg,ko,3.59,35.9,,1.99,3.59,8004030069008,HRANA
ARBUN 500-1000 SVJ FIORITAL,02197338,,1.00 kg,kg,19.99,19.99,,11.99,19.99,93856024300011,HRANA
SOM SVJ REZ RIBNJAK,02197820,RIBNJAK,1.00 kg,kg,11.19,11.19,,6.71,11.19,,HRANA
MAST SVINJ 1kg VRBOVEC,02270361,PIK,1.00 kg,ko,2.2,2.2,,2.2,2.2,3850139390032,HRANA
PRASEĆA POL EWG  ,02400774,PIK VRBOVEC,1.00 kg,kg,,5.79,5.79,4.19,4.19,3850139440287,HRANA
JANJEĆI TRUP BEZ GLAVE UVOZ,02470157,PIK VRBOVEC,1.00 kg,kg,,11.49,11.49,8.04,8.04,3850139510188,HRANA
SENDVIČ MONTANA TROKUT ZIMSKA 140g,02520796,MONTANA,0.14 kg,ko,3.59,25.64,,3.59,3.59,3859889353076,HRANA
VINO MALVAZIJA 0.75L ALBA MATOŠEVIĆ,03020196,MATOŠEVIĆ,0.75 l,ko,13.75,18.33,,13.75,13.75,3859892196011,PIĆE
VINO DINGAČ MATUŠKO 0.75L,03020235,MATUŠKO,0.75 l,ko,21.05,28.07,,21.05,21.05,3859889396127,PIĆE
VINO MERLOT CHENET 0.75L,03020432,JP CHENET,0.75 l,ko,5.85,7.8,,5.85,5.85,3263286328993,PIĆE
OCAT K PLUS JABUČNI 1L,03120129,K PLUS,1.00 l,ko,1.05,1.05,,1.05,1.05,3850334125309,HRANA
NAPITAK SOJA VANILIJA 1L ALPRO,03150047,ALPRO,1.00 l,ko,3.99,3.99,,3.99,3.99,5411188081852,HRANA
GAZ PIĆE SKY ORANGE 2L,03166974,SKY,2.00 l,ko,,0.68,1.35,1.35,1.79,3871059000504,PIĆE
MIN VODA KISELJAK 1.5L PET,03180015,SAR KISELJAK,1.50 l,ko,0.89,0.59,,0.75,0.75,3871059000078,PIĆE
DVOPEK IZ CIJELOG ZRNA 225g KLARA,04016293,KLARA,0.23 kg,ko,2.65,11.78,,2.65,2.65,3858881324855,HRANA
LUK U GRANULAMA 40g BOČ KOTANYI,04100225,KOTANYI,0.04 kg,ko,2.39,59.75,,2.39,2.39,9001414040577,HRANA
VLASAC 5g VREĆ KOTANY,04100295,KOTANYI,0.01 kg,ko,0.99,198,,0.99,0.99,9001414015568,HRANA
MRAMORNI BLOK KOLAČ 400g,04140168,JOMO,0.40 kg,ko,2.59,6.48,,2.19,2.59,9002287000262,HRANA
DESERT TWIX EXTRA 75g,04220838,MARS,0.08 kg,ko,1.49,19.87,,1.49,1.49,5900951312250,HRANA
KRPA POLLYFL 3/1 PLUS,05351945,POLLY FLEX,3.00 ko,ko,2.39,0.8,,2.39,2.39,3859888122154,PROIZVODI ZA KUĆANSTVO
DN UL CAREFREE ALOA 20,06505395,CAREFREE,20.00 ko,ko,1.99,0.1,,1.99,1.99,3574660224849,TOALETNE POTREPŠTINE
ČETKICA AQUA DJ LITTLE TEETH 3-5 GOD,06530484,AQUAFRESH,1.00 ko,ko,3.35,3.35,,3.35,3.35,5054563123619,KOZMETIKA
BOJA COLOR NAT 8 BLO CL 5654,06542047,GARNIER COL NATURALS,1.00 ko,ko,,3.69,3.69,4.99,4.99,3600540335654,KOZMETIKA
BOJA COMPLETE COL N78 LIGHT TOB 7817,06549336,ANNYER,1.00 ko,ko,3.99,3.99,,3.99,3.99,3850177007817,KOZMETIKA
VINO PLAVAC 1L KK BADEL 1862,03011436,VINA HRVATSKE,1.00 l,ko,5.55,5.55,,4.49,4.49,3850112170613,PIĆE
SUDOCREM ZAŠTITA KREMA 60g,06601615,SUDOCREM,0.06 kg,ko,4.99,83.17,,3.99,4.99,3850114243421,KOZMETIKA
KAŠ FRUTEK LN VANIL 190g,90029817,FRUTEK,0.19 kg,ko,,6.79,1.29,1.75,1.75,3838945020541,HRANA
SIR POLUTVRDI TRAPIST K PLUS 300g,90052151,K PLUS,0.30 kg,ko,4.79,15.95,,4.79,4.79,3850334336712,HRANA
RIŽA K PLUS ORIGINARIO 1kg KUTIJA,90056489,K PLUS,1.00 kg,ko,1.99,1.99,,1.99,1.99,3850334339270,HRANA
INĆUNA FILET SLANI 100g ARBASOL,90082414,ARBASOL,0.06 kg,ko,5.49,99.82,,5.49,5.49,3859891895564,HRANA
ŠAMPON SCHAUMA MEN SPORT 400ml,90082448,SCHAUMA,0.40 l,ko,,7.48,2.99,2.99,4.19,9000100860246,KOZMETIKA
TJESTENINA  K PLUS  SPIRALI MINI 500g,90083132,K PLUS,0.50 kg,ko,1.29,2.58,,1.29,1.29,,HRANA
SIR MEKI CAMEMBERT 250g EUROS,90083577,FRENCHI,0.25 kg,ko,5.09,20.36,,5.09,5.09,5902431270180,HRANA
SIPA RZ LIBURNIJA,90097419,,1.00 kg,kg,13.39,13.39,,8.03,13.39,,HRANA
SIR MEKI BIJELI K PLUS ARETOS 250g,90141697,K PLUS,0.25 kg,ko,,6.76,1.69,2.65,2.65,3850334407306,HRANA
ČAJ BAZGA CVIJET 40G,90147216,AGRISTAR,0.04 kg,ko,2.35,58.75,,2.35,2.35,3858886502074,HRANA
RAKIJA VILIJAMOVKA 0.7L,90147696,ĆOSIĆ,0.70 l,ko,25.55,36.5,,25.55,25.55,3857500027917,PIĆE
FILET BAKALARA 200-400,90157545,,1.00 kg,kg,14.99,14.99,,8.99,14.99,,HRANA
MUESLI CRUNCHY CHOCOLATE 350g AWT,90170685,NATUREL,0.35 kg,ko,,7.4,2.59,2.59,3.59,3859889139304,HRANA
ŠAMPON H&S APPLE 250ml,90185495,HEAD&SHOULDE,0.25 l,ko,4.79,19.16,,4.79,4.79,8006540063248,KOZMETIKA
NOGICE DIMLJ SVINJSKE RFZ,90188207,MM,1.00 kg,kg,2.05,2.05,,2.05,2.05,3859893170881,HRANA
RAKIJA WILLIAMS S KRUŠKOM PIRCHER 0.7L,90263670,PIRCHER,0.70 l,ko,33.35,47.64,,33.35,33.35,8009375000181,PIĆE
POSL GLUT-FREE GOVEDINA 100G,90280327,LONG CLAWSON,0.10 kg,ko,1.99,19.9,,1.99,1.99,8430235681217,PROIZVODI ZA KUĆANSTVO
POSL KEKSI  PAS VITA MIX 300g,90298651,VITAKRAFT,0.30 kg,ko,2.95,9.83,,2.29,2.95,8007229348946,PROIZVODI ZA KUĆANSTVO
KULENOVA SEKA 300g GAVRILOVIĆ,90299968,GAVRILOVIĆ,0.30 kg,ko,6.55,21.83,,6.55,6.55,3858892725825,HRANA
MLIJEKO ZAMJ APTAMIL 2 PRONUTRA 800g,90303522,APTAMIL,0.80 kg,ko,21.99,27.49,,21.99,21.99,4056631001240,HRANA
VINO FRANKOVKA 1L VINA BELJE,90311428,BELJE,1.00 l,ko,7.05,7.05,,7.05,7.05,3850257020224,PIĆE
KAVA JUBIL SENS VAK MLJ 250g FRANCK,90317314,JUBILARNA,0.25 kg,ko,,17.56,4.39,4.49,5.39,3858881088658,HRANA
PIVO KARLOVAČKO 6PACK 0.33L,90319515,KARLOVAČKO,1.98 l,ko,5.79,2.92,,5.79,5.79,3850103902605,PIĆE
HRANA PSI VON BARF CLASS 20X125g,90320207,VON BARF,2.50 kg,ko,22.49,9,,17.98,22.49,3859893426001,PROIZVODI ZA KUĆANSTVO
TJEST CAPELLINI 250g LE VENEZIANE,90324648,LE VENEZIANE,0.25 kg,ko,2.19,8.76,,2.19,2.19,8009915000039,HRANA
PRAŠAK ISOTONIC DRINK 500g LEMON-LIME,90346405,POLLEO,0.50 kg,ko,11.99,23.98,,11.99,11.99,3858892293799,PIĆE
MORSKI PAS OČIŠĆENI SVJ MEDUZA,90356785,MEDUZA,1.00 kg,kg,9.99,9.99,,5.99,9.99,,HRANA
SLAD GELATISSIMO MINIMIX 10X55ml,90360454,GELATISSIMO,0.55 l,ko,4.29,7.81,,3.29,4.29,3838900844809,HRANA
SOK 100% GUSTI JUICY 1 L,90361236,JUICY,1.00 l,ko,2.39,2.39,,2.19,2.39,3858890977356,PIĆE
GRAH GARDEN GOOD PINTO 1000g,90363735,GARDEN GOOD,1.00 kg,ko,2.79,2.79,,1.99,1.99,3838900957035,HRANA
KRAČICA VP MM,90382405,MM,1.00 kg,kg,4.99,4.99,,4.99,4.99,3859893544545,HRANA
ZOB PLOČ TROPIC PECAN ORAH 90 G MB,90391695,MA BAKER,0.09 kg,ko,1.79,19.89,,1.79,1.79,5034444101202,HRANA
ŠAMPON I GEL MUSTELA 2U1 200ml,90403693,MUSTELA,0.20 l,ko,7.99,39.95,,6.39,7.99,3504105036058,KOZMETIKA
BRAŠNO BUČINO 0.5kg OPG CESAREC,90403928,OPG CESAREC,0.50 kg,ko,2.19,4.38,,1.86,2.19,3859893456442,HRANA
PANCETA ISTARSKA cca 250g BURETIĆ,90403980,BURETIĆ,1.00 kg,kg,29.99,29.99,,29.99,29.99,,HRANA
ČAJ BAZGA 40G,90404279,SUBAN,0.04 kg,ko,3.19,79.75,,2.99,3.19,3858882912365,HRANA
KEKS PLAZMA STIKSI ČOKO PRELJ 125g,90404754,BAMBI,0.13 kg,ko,2.35,18.8,,2.35,2.35,8600043029512,HRANA
VINO PLAVAC MALI MILATIĆ 0.75l,90405550,OPG IVO MILATIĆ,0.75 l,ko,6.55,8.73,,6.55,6.55,3857500048202,PIĆE
ZAČIN GRILL DOZA PILETIN 80g KOTANYI,90405957,KOTANYI,0.08 kg,ko,2.89,36.13,,1.44,2.89,9001414003299,HRANA
ARBUN II SVJ ŽUVELA,90406818,ŽUVELA,1.00 kg,kg,9.09,9.09,,5.45,9.09,,HRANA
PIĆE NEGAZ CAPPY MINT LEM 0.4L PET,90407738,CAPPY,0.40 l,ko,1.19,2.98,,1.19,1.19,5449000275677,PIĆE
HIG UL VIOLETA AIR FIT NORMAL 10/1,90409454,VIOLETA,10.00 ko,ko,,0.12,1.19,1.19,1.59,3870128023482,TOALETNE POTREPŠTINE
SIRUP MALINA 470ml KAPRONCA,90410439,KAPRONCA,0.47 l,ko,6.89,14.66,,6.89,6.89,3859892896201,PIĆE
UGOR PARANGAL RZ KOMIŽA,90428172,RZ KOMIŽA,1.00 kg,kg,5.39,5.39,,3.23,5.39,,HRANA
TEL SLABINA DOMAĆA  SK S BIFTEKOM ,90453820,MARTINJAK,1.00 kg,kg,10.73,10.73,,10.73,10.73,,HRANA
SENF BLAGI 340g THOMY,90468017,THOMY,0.34 kg,ko,2.79,8.21,,2.79,2.79,7613287203786,HRANA
PRŠUT 1/4 V.P. DIM-MES,90034388,DRNIŠKA TRADICIJA,1.00 kg,kg,22.99,22.99,,22.99,22.99,,HRANA
LIGNJA PAT C3 16-19 CM KONZUM,90049185,,1.00 ea,ea,9.49,9.49,,5.69,9.49,,HRANA
DESERT LION STAN 42g NESTLE,90052082,LION,0.04 kg,ko,1.35,32.14,,0.99,1.35,7613287757029,HRANA
TP VIOLETA BRESKVA 10/1 3SL,90060934,VIOLETA,10.00 ko,ko,2.99,0.3,,2.99,2.99,3859892288600,TOALETNE POTREPŠTINE
CROUTONS SA ZAČINIMA 100g LEIMER,90064437,LEIMER,0.10 kg,ko,2.19,21.9,,2.19,2.19,4000186040421,HRANA
TIJESTO K PLUS PENNE PREM INT 500g,90072960,K PLUS,0.50 kg,ko,1.39,2.78,,0.99,1.39,3850334363527,HRANA
TIJESTO TAGLIATELLE S JAJIMA 250g AGNESI,90403782,AGNESI,0.25 kg,ko,1.5,6,,1.5,1.5,8001200045916,HRANA
DET NILA MY HAPPY COLORS 2.7L,90404629,NILA,2.70 l,ko,9.29,3.44,,4.64,9.29,3850105169662,SREDSTVA ZA ČIŠĆENJE
KEKS OREO  264g,90404709,OREO,0.26 kg,ko,3.35,12.69,,3.35,3.35,7622201401771,HRANA
ZAČIN GRILL DOZA KOTLET 80g KOTANYI,90405956,KOTANYI,0.08 kg,ko,2.89,36.13,,1.44,2.89,9001414003329,HRANA
ZELENO ZA JUHU 95g (400ml)KOTANYI,90405965,KOTANYI,0.10 kg,ko,5.59,58.84,,5.29,5.59,9001414502556,HRANA
SREDSTVO ZA DEZINFEKCIJU RUKU 500ml LABPRO,90406501,LABPRO,0.50 l,ko,4.29,8.58,,4.29,4.29,3850111755125,KOZMETIKA
BISKVIT SOFT FINESSE 270g,90406544,FINESSE,0.27 kg,ko,2.29,8.48,,2.29,2.29,3850334131638,HRANA
POSLASTICA STARSNACK DUO BONES LAMB&RICE 200g,90406764,STARSNACK,0.20 kg,ko,3.25,16.25,,3.25,3.25,4033766797804,PROIZVODI ZA KUĆANSTVO
VL MARAMICE ZA MRLJE VESH TO GO 5/1,90406798,VESH,4.76 ko,ko,1.19,0.25,,1.19,1.19,3870128023772,SREDSTVA ZA ČIŠĆENJE
ČAJ SLJEZOV KORIJEN 60g NATURAVITA,90407193,NATURAVITA,0.06 kg,ko,3.99,66.5,,3.99,3.99,3858884092058,HRANA
NAMAZ MILKA 350g,90407634,MILKA,0.35 kg,ko,5.99,17.11,,5.99,5.99,7622201521226,HRANA
ČAJ KAMILICA 100g PAMPA-TEA,90408780,PAMPA TEA,0.10 kg,ko,4.39,43.9,,4.39,4.39,3859891239061,HRANA
ODRESCI PILEĆEG FILEA  400g AIA,90410126,AIA,0.40 kg,ko,,10.73,4.29,4.78,4.78,8008110001322,HRANA
ČOKOLADA DORINA DOMAĆICA 300g,90411102,DORINA,0.30 kg,ko,4.99,16.63,,3.79,4.99,3850102519484,HRANA
MED CVJETNI 450g ŽUPANJA,90412086,KUĆA MEDA,0.45 kg,ko,8.69,19.31,,8.69,8.69,3859893780042,HRANA
ČOKOLADA ZA KUHANJE 52% 200G SWEET CHEF,90412418,SWEET CHEF,0.20 kg,ko,3.49,17.45,,3.49,3.49,3850334044129,HRANA
TORTA CHEESECAKE VOĆE LATICA 650g,90423044,LATICA,0.65 kg,ko,6.63,10.21,,6.63,6.63,3850261359747,HRANA
UMAK ALLA ARRABBIATA  190g POLLI,90424664,POLLI,0.19 kg,ko,2.65,13.95,,2.65,2.65,8001310812026,HRANA
JUHA KREM OD GLJIVA 51g ALEVA ,90424695,ALEVA,0.05 kg,ko,1.35,26.47,,1.35,1.35,8600947036760,HRANA
ZAČIN CIMET U KORI VR 10g VEGETA MAESTRO,90453238,VEGETA MAESTRO,0.01 kg,ko,1.19,119,,1.19,1.19,3850104294464,HRANA
TABLETE ŠUM NATUREL MAGN+VIT C+VIT B6 ZASL 80g,90468595,NATUREL,0.08 kg,ko,3.25,40.63,,3.25,3.25,3858889365355,HRANA
KOKOT ODREZAK RZ KOMIŽA,90433234,RZ KOMIŽA,1.00 kg,kg,23.99,23.99,,14.38,23.99,,HRANA
TJESTENINA U ČAŠI TERIYAKI 75g MAGGI,90483126,MAGGI,0.08 kg,ko,,19.87,1.49,1.55,2.09,8445291260078,HRANA
GIN OLD PILOT'S 0.7L,90483601,OLD PILOT S,0.70 l,ko,50.05,71.5,,50.05,50.05,3857000002575,PIĆE
SLAD GELATISSIMO CARAMEL BAR 4X51ml,90485216,GELATISSIMO,0.20 l,ko,2.99,14.65,,2.39,2.99,3838900844915,HRANA
GAZ PIĆE FENTIMANS GINGER BEER 0.2l,90485637,FENTIMANS,0.20 l,ko,2.39,11.95,,2.39,2.39,5029396000727,PIĆE
NAPITAK ZOB BADEM EKO 1L BOOM BOX,90493633,BOOM BOX,1.00 l,ko,3.29,3.29,,2.29,3.29,3858890476927,HRANA
GRAH CRNI 400g PODRAVKA,90493763,PODRAVKA,0.40 kg,ko,1.89,4.73,,1.89,1.89,3856020243432,HRANA
LIGNJA PATAGONICA OČIŠĆ OCEAN 400g,90518609,OCEAN,0.40 kg,ko,5.49,13.73,,4.49,5.49,3850334396273,HRANA
VINO MERLOT TERRA VINEA 0.75L,90528190,TERRA VINEA,0.75 l,ko,4.99,6.65,,3.25,4.99,3850334519627,PIĆE
DET MERI MERINO SENS 900ml,90568134,MERI MERINO,0.90 l,ko,3.69,4.1,,3.69,3.98,3850111105777,SREDSTVA ZA ČIŠĆENJE
VINO BENE MILATIĆ 0.75L,90568518,OPG IVO MILATIĆ,0.75 l,ko,5.35,7.13,,5.35,5.35,3857500048271,PIĆE
SWIF KOMPL ČISTAČ+2 NASTAVKA,90569090,SWIFFER,1.00 ko,ko,9.89,9.89,,9.89,9.89,8006540316603,SREDSTVA ZA ČIŠĆENJE
UMAK TERIYAKI SESAME 250ml KIKKOMAN,90572582,KIKKOMAN,0.25 kg,ko,,16.84,4.21,6.49,6.49,8715035280304,HRANA
PJENUŠAVO VINO TODAY BLANC FERAVINO 0.75L,90572921,FERAVINO,0.75 l,ko,7,9.33,,7,7,3859893924026,PIĆE
NAPITAK ZOB LJEŠNJAK 500ml BOOM BOX,90573320,BOOM BOX,0.50 l,ko,1.99,3.98,,1.99,1.99,3858890478815,HRANA
MEDENE KUGLICE CIMET 235g MARLENKA,90573342,MARLENKA,0.24 kg,ko,6.99,29.74,,6.99,6.99,8594071651435,HRANA
FELIX MM MESNI MENU 4X85g,90582743,FELIX,0.34 kg,ko,,5.85,1.99,2.79,2.79,7613287491695,PROIZVODI ZA KUĆANSTVO
DET FAKS GEL COL MICEL 900ml=18 PR,90593357,FAKS,0.90 l,ko,6.99,7.77,,3.99,6.99,3850105178886,SREDSTVA ZA ČIŠĆENJE
BOJA EXCELL 3 UNIV DARK BROWN,90598211,LOREAL EXCELLANCE,1.00 ko,ko,,7.49,7.49,9.49,9.99,3600523998159,KOZMETIKA
SAPUN DOVE CREAM OIL 90g,90598292,DOVE,0.09 kg,ko,1.79,19.89,,1.79,1.79,8720182258397,KOZMETIKA
SIR POLUTV RIB PIZZ MARGAR 200g PRESID,90598965,PRESIDENT,0.20 kg,ko,3.49,17.45,,3.49,3.49,3850355007769,HRANA
ŽV GUMA ORBIT REFRESH TROPICAL 15.6g,90599949,WRIGLEY,0.02 kg,ko,,50.64,0.79,0.99,0.99,4009900540520,HRANA
OM ECOVER JABUKA&BADEM 750ml,90600506,ECOVER,0.75 l,ko,3.29,4.39,,2.55,3.19,5000204247008,SREDSTVA ZA ČIŠĆENJE
SPREJ NIV SUN DJ SENS SPF50 270ml,90607822,NIVEA,0.27 l,ko,23.49,87,,23.49,23.49,6001051004959,KOZMETIKA
KREKER GALLETE VENERE BEZ GL EKO 120g SCOTTI,90623347,RISO SCOTTI,0.12 kg,ko,,14.08,1.69,2.39,2.39,8001860187759,HRANA
ARF KUHINJA PROF. PF 600 ml,90633191,ARF,0.60 l,ko,3.29,5.48,,2.59,2.59,3850105181312,SREDSTVA ZA ČIŠĆENJE
ISTARSKA BUĐOLA NAREZAK 230g MAP,90647778,PISINIUM,0.23 kg,ko,8.49,36.91,,8.49,8.49,3858894290345,HRANA
KEKS PLAZMA MINI MINI 55g,90668780,BAMBI,0.06 kg,ko,0.79,14.36,,0.79,0.79,8600043033533,HRANA
JUNEĆA POTPLEĆKA S KOSTI LOVRIĆ,90648701,LOVRIĆ,1.00 kg,kg,10.19,10.19,,10.19,10.19,,HRANA
KAPSULE ILLY GUATEMALA 120.6g 18/1 ,90669624,ILLY,0.12 kg,ko,11.59,96.58,,11.59,11.59,8003753142661,HRANA
GIN THE ARTISAN 0.5L,90669950,THE ARTISAN,0.50 l,ko,40,80,,40,40,745760434602,PIĆE
PROIZ NA BILJ BAZI GRČKI STIL 200g,90570554,GREEN VIE,0.20 kg,ko,2.98,14.9,,2.98,2.98,5292874001909,HRANA
KAŠA ZOB BOOM BOX LJEŠNJAK/ČOKO 60g,90570788,BOOM BOX,0.06 kg,ko,0.99,16.5,,0.99,0.99,3858890478075,HRANA
MJEŠ ZA AM PALAČINKE HI PROTEIN 210g DOLCELA,90571104,DOLCELA,0.21 kg,ko,2.89,13.76,,2.89,2.89,3856020249137,HRANA
JUHA POV. NOODLES 75g FINI MINI ,90599270,FINI MINI,1.00 ko,ko,0.69,0.69,,0.69,0.69,3856020258115,HRANA
KULEN 300g PIVAC,90599515,PIVAC,0.30 kg,ko,4.89,16.3,,4.89,4.89,3858884997193,HRANA
SLAD TORTERIE MANGO MALINA 500ml,90617905,TORTERIE MACARON,0.50 l,ko,6.99,13.98,,6.99,6.99,3859893855368,HRANA
ARF DEOBAD 650ml,90628166,ARF,0.65 l,ko,2.79,4.29,,2.09,2.09,3850105181190,SREDSTVA ZA ČIŠĆENJE
TUNJ OCEAN KOMADI U SUN ULJU MAXX 6X52g,90670308,OCEAN,0.31 kg,ko,5.39,17.28,,5.39,5.39,3850334020727,HRANA
VITA NATURALS ŠTAPIĆI MAČKA 4X5G LOSOS,90672824,VITAKRAFT,0.05 kg,ko,1.19,23.8,,1.19,1.19,4008239589255,PROIZVODI ZA KUĆANSTVO
STICK NIVEA M ACTIVE 50ML,90699170,NIVEA,0.05 l,ko,,63.8,3.19,3.95,5.29,9005800352220,KOZMETIKA
BOJA PALETTE ICC 7-1 HL SRE PLAVA,90699244,PALETTE ICC,1.00 ko,ko,,3.49,3.49,3.49,3.49,9000101704853,KOZMETIKA
NEKTAR MOJ DAN JAB/GROŽ/CRV VOĆ 1L,90699247,MOJ DAN,1.00 l,ko,1.25,1.25,,1.25,1.25,3850334028075,PIĆE
PANIRANI RIBLJI FILET 240G LEDO,90703206,LEDO,0.24 kg,ko,4.29,17.89,,3.22,4.29,3850116058146,HRANA
PANIRANI FISH NUGGETS 245g LEDO,90703215,LEDO,0.25 kg,ko,3.49,14.24,,2.62,3.49,3850116066455,HRANA
OM LENOR FLORAL BOUQUET 925ml,90703531,LENOR,0.93 l,ko,3,3.24,,3,3,8006540889749,SREDSTVA ZA ČIŠĆENJE
GRISSINI TRADIZIONALI 250g ROBERTO,90703950,ROBERTO,0.25 kg,ko,3.69,14.76,,3.69,3.69,8003490037503,HRANA
GEL OLIVAL GLUKOZAMIN 250ml,90704087,OLIVAL,0.25 l,ko,2.99,11.96,,2.99,2.99,3858892691625,KOZMETIKA
KREKER TAK MULTIGRAIN CORN 135g,90704754,TAK,0.14 kg,ko,1.09,8.07,,1.09,1.09,8600462041973,HRANA
PLOČICA KIKIR ORAŠASTO 50g NUTTY ,90708059,NUTTY,0.05 kg,ko,2.15,43,,2.15,2.15,3857500109613,HRANA
KAŠA ZOB RISE&SMILE ČOKO 4/1 260g,90713226,RISE&SMILE,0.26 kg,ko,1.99,7.65,,1.99,1.99,3850334043535,HRANA
KEKS DIGESTIVE ČOK NARANČA 280g GULLON,90730024,GULLON,0.28 kg,ko,3.29,11.75,,3.29,3.29,8410376060461,HRANA
LOSION SOLO POS BRIJ OCEAN 125ml,90730478,SOLO,0.13 l,ko,2.29,18.32,,2.29,2.29,5944568001411,KOZMETIKA
VRHNJE KISELO K PLUS 12% M.M. 900g,90731603,K PLUS,0.90 kg,ko,2.89,3.21,,2.89,2.89,3850334071491,HRANA
PROTEIN PRO WHEY VANILLA 30g,90734707,POLLEO,0.03 kg,ko,1.99,66.33,,1.99,1.99,3856026800592,HRANA
MUFFIN ČOKO 300g SWEET CHEF,90734712,SWEET CHEF,0.30 kg,ko,2.49,8.3,,2.49,2.49,3850334055330,HRANA
DET PERSIL FBS 2.475kg=45PR,90745009,PERSIL,2.48 kg,ko,20.99,8.48,,20.99,20.99,9000101805130,SREDSTVA ZA ČIŠĆENJE
TORTILJA ČIPS HRUSTY CHEESE 150 g,90759926,HRUSTY,0.15 kg,ko,0.89,5.93,,0.89,0.89,8605028611416,HRANA
MLIJEČNI NAPIT ZA LAKU NOĆ 1L DUKAT,90764705,DUKAT,1.00 l,ko,2.29,2.29,,2.29,2.29,3850354004073,HRANA
SLAD MACHO TAMNA ČOKO NARANČA 370 ml,90764886,MACHO,0.37 l,ko,3.99,10.78,,3.99,3.99,3850116064024,HRANA
SLAD OREO MINI COOKIE SANDW 6x55 ml,90769675,OREO,0.19 l,ko,5.99,31.21,,5.99,5.99,8051369003791,HRANA
ZP SIGNAL EXTRA FRESH INTENSE 75 ml,90774686,SIGNAL,0.08 l,ko,3.29,43.86,,2.29,2.29,8720181437243,KOZMETIKA
GEL ANNYER STRONG BLUE 470 ml,90775324,ANNYER,0.47 l,ko,6.89,14.66,,6.89,6.89,3850177007428,KOZMETIKA
DEO NIVEA Ž EXOTIC FEELING 150 ml,90775335,NIVEA,0.15 l,ko,,26.6,3.99,3.99,3.99,9005800378992,KOZMETIKA
OM SILAN REF FRESH OCEAN 594 ml,90775823,SILAN,0.59 l,ko,1,1.68,,1,1,9000101597400,SREDSTVA ZA ČIŠĆENJE
GAZ PIĆE COCA COLA ZERO 0.3 l PET,90789844,COCA COLA,0.30 l,ko,0.95,3.17,,0.95,0.95,90375149,PIĆE
GRILL KRANJSKA 300 g PODRAVKA,90800564,PODRAVKA,0.30 kg,ko,4.49,14.97,,4.49,4.49,3856020274535,HRANA
VREĆA SMEĆE LD 150 L 10/1 DAX,90800601,DAX,10.00 ko,ko,,0.15,1.49,1.69,1.69,3850334102560,PROIZVODI ZA KUĆANSTVO
SIR TVRDI RIBANAC SNACK 90 g DUK,90809649,PRESIDENT,0.09 kg,ko,2.99,33.22,,2.99,2.99,3850355008032,HRANA
DESERT KAKAO PAW PATROL 80g,90809742,HAPPY LAND,0.08 kg,ko,0.99,12.38,,0.99,0.99,3897900401986,HRANA
SOK FRUVITA VOĆNI JAB LIMETA 330 ml,90809892,FRUVITA,0.33 l,ko,1.49,4.51,,1.49,1.49,8606030051412,PIĆE
ČAJ BEAUTY 20/1 40g PODRAVKA ,90824936,PODRAVKA,0.04 kg,ko,2.85,71.25,,2.85,2.85,3838700379280,HRANA
OKRUGLICE OD KRUMPIRA 500 g NOISETTES,90825006,LEDO,0.50 kg,ko,2.99,5.98,,2.99,2.99,3850116065793,HRANA
SET NIVEA M SF DEO150+SG250,90826281,NIVEA,1.00 ko,ko,6,6,,6,6,9005800383668,KOZMETIKA
NAMAZ DIM ŠARAN PIKANT 100 g SPEC MOMEN,90829649,SPECIAL MOMENTS,0.10 kg,ko,2.49,24.9,,1.99,2.49,3850334429490,HRANA
GOURMET GOLD MM LOS OCEA RIBA 4X85 g,90830133,GOURMET,0.34 kg,ko,3.09,9.09,,2.49,3.09,8445291133280,PROIZVODI ZA KUĆANSTVO
OAT BAR ZOE DOUBLE CHOCOLATE 65 g,90839958,ZOE,0.07 kg,ko,1.69,26,,1.69,1.69,3856026711072,HRANA
PAPRIKA SLA PIK ŽUT 400/140 g PEPPAD,90850032,PEPPADEW,0.14 kg,ko,3.99,28.5,,3.99,3.99,6007788005634,HRANA
POSLASTICA FELIX DM PATKA 4X10 g,90864715,FELIX,0.04 kg,ko,2.19,54.75,,1.69,2.19,8445291538306,PROIZVODI ZA KUĆANSTVO
ŠAMPON H&S CLARIFYING 400 ml,90885591,HEAD&SHOULDE,0.40 l,ko,6.35,15.88,,6.35,6.35,8700216658461,KOZMETIKA
ČETKICA ORAL B PRO 3D WHITE,90885818,ORAL B,1.00 ko,ko,,2.99,2.99,3.99,3.99,8700216459518,KOZMETIKA
KEKS JIMMY NOISETTE 32 g,90887281,JIMMY FANTASTIC,0.03 kg,ko,0.65,20.31,,0.65,0.65,8600939843536,HRANA
MUESLI RISE&SMILE VOĆE PREMIUM 600g,90726159,RISE&SMILE,0.60 kg,ko,3.98,6.63,,3.98,3.98,3850334045508,HRANA
VEGETA 250g VREĆICA PODRAVKA,04163419,VEGETA,0.25 kg,ko,2.19,8.76,,2.19,2.19,3850104008597,HRANA
PRAŠAK ZA PECIVO 12g DR OETKER,04180532,DR OETKER,0.01 kg,ko,0.22,18.33,,0.22,0.22,5997381311908,HRANA
PUDING VANILIJA 38g DR OETKER,04181079,DR OETKER,0.04 kg,ko,0.72,18.95,,0.43,0.72,5997381375610,HRANA
MUFFINS 360g DR OETKER,04182081,DR OETKER,0.36 kg,ko,3.85,10.69,,3.85,3.85,5997381372152,HRANA
BOMBON KOMPRIMAT VAU VAU 20g,04195225,CEDEVITA,0.02 kg,ko,1.19,59.5,,1.19,1.19,3850322000564,HRANA
ČOKOLADA RITTER NOUGAT 100g,04210096,RITTER SPORT,0.10 kg,ko,1.79,17.9,,1.79,1.79,4000417026002,HRANA
UMAK SOJA BEZ GL 250ml KIKKOMAN,04280252,KIKKOMAN,0.25 l,ko,,15.56,3.89,5.99,5.99,8715035150300,HRANA
BOMBON HARIBO BRESKVA 100g,04340724,HARIBO,0.10 kg,ko,1.59,15.9,,1.19,1.59,9002975380522,HRANA
BRISAČ PODA ULTRAMAX VILEDA BOX,05514002,VILEDA,1.00 ko,ko,39.99,39.99,,39.99,39.99,4023103143890,PROIZVODI ZA KUĆANSTVO
ŠAMPON H&S 400ml DRY SCALP CARE,06523555,HEAD&SHOULDE,0.40 l,ko,6.69,16.73,,3.29,6.69,5011321336063,KOZMETIKA
REGENER ELSEVE COLOR VIV 200ml 1361,06540080,LOREAL ELSEVE,0.20 l,ko,,16.45,3.29,3.85,4.39,3600523327676,KOZMETIKA
LOSION DENIM 100ml BLACK 6664,06560308,DENIM BRAND,0.10 l,ko,,48.5,4.85,6.09,6.09,8008970004327,KOZMETIKA
DEO AXE DARK TEMPT 150ML  7379,06565041,AXE,0.15 l,ko,,22.73,3.41,4.55,4.55,8717644277379,KOZMETIKA
LOSION NIV SUN PROT&BRON F20 200ml,06596982,NIVEA,0.20 l,ko,,54.15,10.83,15.49,15.49,9005800386348,KOZMETIKA
DOMESTOS ATLANT FRESH TB 750ML,08030302,DOMESTOS,0.75 l,ko,2.99,3.99,,2.99,2.99,8717163286975,SREDSTVA ZA ČIŠĆENJE
GEL DAX PODOVI ROZ 1L 3768,08036020,DAX,1.00 l,ko,1.59,1.59,,1.59,1.59,3850334397904,SREDSTVA ZA ČIŠĆENJE
BOJA COL SENSAT 1.0,90032854,GARNIER COL SENSATION,1.00 ko,ko,,3.99,3.99,4.99,5.29,3600541135956,KOZMETIKA
BOJA COL SENSAT 5.0,90032861,GARNIER COL SENSATION,1.00 ko,ko,,3.99,3.99,4.99,5.29,3600541136021,KOZMETIKA
KOST 11CM 3X35g TRIXIE,90043003,TRIXIE,0.11 kg,ko,3.59,34.19,,3.59,3.59,4011905027883,PROIZVODI ZA KUĆANSTVO
BOMBONJERA GRIOTTE VREĆICA 153g,90049011,GRIOTTE,0.15 kg,ko,5.39,35.23,,4.04,5.39,3850102008179,HRANA
GIN HENDRICKS 0.7L,90062355,HENDRICKS,0.70 l,ko,40.05,57.19,,40.05,40.05,5010327755014,PIĆE
DRESSING BALSAMICO 75ML DEVELEY,90064398,DEVELEY,0.08 l,ko,0.79,10.53,,0.55,0.79,4006824018067,HRANA
ŠTAPIĆI SLANI SALTAS 220g,90076227,SALTAS,0.22 kg,ko,1.59,7.23,,1.19,1.59,3856014112850,HRANA
PLAVICA SVJ LIBURNIJA,90080706,,1.00 kg,kg,2.79,2.79,,1.67,2.79,,HRANA
FLIPS MOJ PRVI LINO 25g,90084063,LINO,0.03 kg,ko,1.89,75.6,,1.89,1.89,3850104268618,HRANA
KAVA LEDENA PARMALAT MACCHIATO 200ml,90111159,PARMALAT,0.20 l,ko,1.99,9.95,,1.99,1.99,8594002782023,HRANA
KAVA ARABESCA MINAS MLJEVENA 400g,90111165,ARABESCA,0.40 kg,ko,8.39,20.98,,6.29,8.39,3858886801917,HRANA
PEDIGREE MP JUNIOR 4X100g,90139356,PEDIGREE,0.40 kg,ko,,5.73,2.29,2.99,2.99,5900951319617,PROIZVODI ZA KUĆANSTVO
SIR POLUTVRDI EDAMER K PLUS 100g,90141883,K PLUS,0.10 kg,ko,,9.9,0.99,1.29,1.29,3850334406323,HRANA
JUHA KREM OD ŠAMPINJ 63G PODRAVKA,90160143,PODRAVKA,0.06 kg,ko,1.39,22.06,,1.09,1.39,3850104274626,HRANA
SARAJEVSKI ĆEVAPČIĆI 480G,90160737,AVE,0.48 kg,ko,6.59,13.73,,4.61,4.61,3831020345232,HRANA
ČUPKO PATRONA ZA GRIJAČ 100ml,90161845,ČUPKO,0.10 l,ko,2.69,26.9,,2.69,2.69,3859888495548,KOZMETIKA
ŠEĆER CIMET DOLCELA 3X10G,90168399,DOLCELA,0.03 kg,ko,0.99,33,,0.69,0.69,3850104275685,HRANA
KAŠA ZOB MAL CHIA 50g ENCIAN,90186373,SUPERFOODS BY ENCIAN,0.05 kg,ko,0.89,17.8,,0.89,0.89,3858890101461,HRANA
KRUMPIR ZA SALATU 2.5 kg,90201902,KORA,2.50 kg,ko,2.79,1.12,,1.99,2.79,3850334035370,HRANA
MLIJEKO KONDENZIRANO NESTLE 397g,90202016,NESTLE,0.40 kg,ko,4.19,10.55,,4.19,4.19,8715000014026,HRANA
PLATA ISTARSKA 8 OSOBA KONZUM,90204839,,0.83 kg,ko,19.91,23.89,,19.91,19.91,,HRANA
NAMAZ KON MED TR EKO 2X50g VEG,90219591,VEGETARIANA,0.10 kg,ko,2.25,22.5,,2.25,2.25,3859892560485,HRANA
NAPITAK RIŽA 1L BIO ZONE,90225793,BIO ZONE,1.00 l,ko,1.39,1.39,,0.99,1.39,3850334577795,HRANA
MLIJEKO FIT VANILIJA 0.5L BOCA DUKAT,90230791,DUKAT,0.50 l,ko,2.29,4.58,,2.29,2.29,3850354007838,HRANA
KAŠA ZOB BRUSNICA 65g DOBRA,90231280,DOBRA,0.07 kg,ko,0.99,15.23,,0.99,0.99,8595054904340,HRANA
KAŠA ZOB LJEŠ 4X65G MY LIFE,90236672,MY LIFE,0.26 kg,ko,2.69,10.35,,2.69,2.69,3859892920104,HRANA
MORSKI PAS RZ LIB,90273251,,1.00 kg,kg,6.09,6.09,,3.65,6.09,,HRANA
KREMA ZA RUKE NIVEA INTENSIVE 100ML,90280249,NIVEA,0.10 l,ko,,30.7,3.07,4.39,4.39,42417774,KOZMETIKA
PAPAR ŠARENI MLINAC VEGETA MAESTRO 40 g,90282090,VEGETA MAESTRO,0.04 kg,ko,3.89,97.25,,3.89,3.89,3850104294730,HRANA
PAPRIKA SLATKA MLJ VR 100g VEGETA MAESTRO,90282103,VEGETA MAESTRO,0.10 kg,ko,,10.1,1.01,1.69,1.69,3850104294631,HRANA
ZAČIN KURKUMA POSIPAČ 50g VEGETA MAESTRO,90282163,VEGETA MAESTRO,0.05 kg,ko,2.59,51.8,,2.59,2.59,3856020201326,HRANA
ŽICA INOX DAX 2/1,90290001,DAX,2.00 ko,ko,0.66,0.33,,0.46,0.66,3850334608413,PROIZVODI ZA KUĆANSTVO
TIJESTO PENNE 1kg GRANO DORO,90296104,GRANO DORO,1.00 kg,ko,1.69,1.69,,1.45,1.69,3850334348357,HRANA
PIL BATAK U PIKANTNOJ MARINADI cca 500g,90319771,CEKIN,1.00 kg,kg,8.39,8.39,,8.39,8.39,3850159150319,HRANA
LUBENICA MINI,90325862,,1.00 kg,kg,2.29,2.29,,2.29,2.29,3858885876749,HRANA
PROTEIN BAR CHOCOLATE 35g,90340922,POLLEO,0.04 kg,ko,1.49,42.57,,1.49,1.49,3859893008443,HRANA
PLATA APERITIAMO PRŠUT 150g,90341148,IL PAGNOTTO,0.15 kg,ko,4.99,33.27,,4.99,4.99,8032841845610,HRANA
CROISSANT KAKAO SUNNY 1kg,90467877,SUNNY,1.00 kg,ko,2.69,2.69,,2.69,2.69,3850334386748,HRANA
SOMAT MACHINE CLEANER 60g=3PR,90230606,SOMAT,0.06 kg,ko,,49.83,2.99,2.99,2.99,9000100999786,SREDSTVA ZA ČIŠĆENJE
DET JAR LEMON 450ML,90232306,JAR HDW,0.45 l,ko,2.39,5.31,,1.65,2.39,4015400922407,SREDSTVA ZA ČIŠĆENJE
VINO VRHUNSKO ECLAT PLAVAC MALI  0.75L,90265851,ECLAT,0.75 l,ko,18.05,24.07,,18.05,18.05,3859893101335,PIĆE
POSL GLUT-FREE LOSOS-TUNA 100G,90280326,LONG CLAWSON,0.10 kg,ko,1.99,19.9,,1.99,1.99,8430235681255,PROIZVODI ZA KUĆANSTVO
LIGNJA PATAGONIKA FIORITAL,90284929,,1.00 kg,kg,9.79,9.79,,5.87,9.79,93856024300844,HRANA
JUHA PROLJETNA 50g PODRAVKA,90290259,PODRAVKA,0.05 kg,ko,0.99,19.8,,0.79,0.79,3850104295201,HRANA
MATOVILAC 125 grama,90290468,KONZUM,0.13 kg,ko,1.29,10.32,,0.89,1.39,3858890542462,HRANA
ŽV GUMA ORBIT EUCALYPTUS 14g,90299304,WRIGLEY,0.01 kg,ko,0.99,70.71,,0.99,0.99,50173617,HRANA
ODREZAK PANIRANI PILEĆI XXL 290g,90301589,CEKIN,0.29 kg,ko,4.75,16.38,,4.75,4.75,3850159140792,HRANA
ROLL ON NIVEA MEN DEEP 50ml,90311657,NIVEA,0.06 l,ko,,71,4.26,4.55,6.09,42349822,KOZMETIKA
UMAK BBQ SLATKI 500g HEINZ,90312387,HEINZ,0.50 kg,ko,4.91,9.82,,4.91,4.91,8715700419695,HRANA
KAVA DOLCE GUSTO CAPPUC 16/1 186.40g,90316875,DOLCE GUSTO,0.19 kg,ko,6.49,34.82,,5.29,6.49,7613036306270,HRANA
FANT ZA ŠPAGETE BOLOGNESE 58g PODRA,90319718,FANT,0.06 kg,ko,1.39,23.97,,0.99,1.39,3850104295089,HRANA
SENDVIČ PRŠUT PAK 190g MLINAR,90325409,MLINAR,0.19 kg,ko,3.49,18.37,,3.49,3.49,3858881124486,HRANA
TUNJ OCEAN KOMADI SUNC ULJE 3X56g,90325825,OCEAN,0.17 kg,ko,2.79,16.61,,2.79,2.79,3850334379467,HRANA
ŠUNKA U OVITKU 350g PIK VRBOVEC,90330562,PIK,0.35 kg,ko,4.69,13.4,,4.69,4.69,3850139173550,HRANA
FUŽI 350g KARLA,90330597,KARLA,0.35 kg,ko,1.89,5.4,,1.89,1.89,3858881506251,HRANA
FANT UMAK OD GLJIVA 45g PODRAVKA,90332058,FANT,0.05 kg,ko,1.09,24.22,,1.09,1.09,3850104298202,HRANA
ALOE VERA LOTTE ŠIPAK 0.24L,90340511,LOTTE,0.24 l,ko,1.05,4.37,,1.05,1.05,8801056052447,PIĆE
VODICA ZA USTA LISTERINE TEETH&GUM MILD 500ml,90341379,LISTERINE,0.50 l,ko,,9.38,4.69,6.29,6.29,3574661397535,KOZMETIKA
UMAK CHILLISAUCE SWEET 500ml GO TAN,90361549,GO-TAN,0.50 l,ko,4.29,8.58,,4.29,4.29,8710605021011,HRANA
PELENE GAĆICE PAMPERS VEL 3 48KOM,90364420,PAMPERS,48.01 ko,ko,10,0.21,,10,10,8001090759795,TOALETNE POTREPŠTINE
TP PALOMA SENSITIVE SHEA BUTTER 10/1 4SL,90370360,PALOMA,10.00 ko,ko,5.39,0.54,,5.39,5.39,3838952027540,TOALETNE POTREPŠTINE
ZP SENSOD EXTRA FRESH 75ml,90380252,SENSODYNE,0.08 l,ko,,62.8,4.71,5.55,5.55,5054563072634,KOZMETIKA
PEL LUMPI PREMIUM NEWBORN 1 (2-5kg) 28/1,90380356,LUMPI,28.00 ko,ko,3.99,0.14,,3.59,3.59,3850334154286,TOALETNE POTREPŠTINE
ČAJ LIMUNSKA TRAVA ĐUMBIR 40g FRANCK,90386055,FRANCK,0.04 kg,ko,2.49,62.25,,2.49,2.49,3850291050027,HRANA
ČAJ DINARSKI AO 30g PODRAVKA,90386274,PODRAVKA,0.03 kg,ko,2.19,73,,2.19,2.19,3856020233983,HRANA
LIKER KAHLUA 0.7L COFFEE LIQUEUR,90394558,KAHLUA,0.70 l,ko,18.09,25.84,,18.09,18.09,7610594252148,PIĆE
ŠAMPON FRUCTIS COCONUT W 400ml,90401529,GARNIER FRUCTIS,0.40 l,ko,,7.8,3.12,4.29,4.49,3600541970557,KOZMETIKA
DET PUR LEMON 750ml,90401865,PUR,0.75 l,ko,,2.39,1.79,1.79,1.79,9000101386356,SREDSTVA ZA ČIŠĆENJE
BRIJAČ JEDNOK BLUE3 3KOM LIGA PRVAKA,90402235,GILLETTE,3.00 ko,ko,,1.52,4.55,4.49,5.69,7702018531813,KOZMETIKA
KREMA BIOBAZA ANTI-AGE 50ml,90402797,BIOBAZA,0.05 l,ko,9.95,199,,9.95,9.95,3856020903572,KOZMETIKA
KVASAC SUHI 7g 4+1 DR OETKER,90406807,DR OETKER,0.03 kg,ko,2,71.43,,1.4,2,4000521024444,HRANA
KAVA ESPRESSO CREMA JULIUS M 10/1 NS 56g,90409304,JULIUS MEINL,0.06 kg,ko,5.29,94.46,,5.29,5.29,9000403940294,HRANA
GIN SOUTH BANK PINK 0.7L,90424834,SOUTH BANK,0.70 l,ko,9.09,12.99,,9.09,9.09,5021692001026,PIĆE
REP GRDOBINE 1/2  ŽUVELA,90425586,,1.00 kg,kg,29.49,29.49,,17.68,29.49,,HRANA
SABLJARKA FILET  ŽUVELA,90437863,ŽUVELA,1.00 kg,kg,22,22,,13.19,22,,HRANA
KAVA LEDENA STARBUCKS FRA CAR 250ML,90437992,STARBUCKS,0.25 l,ko,2.85,11.4,,2.85,2.85,5711953136122,HRANA
CHAMPAGNE MOET&CHANDON EOY 0.75L ,90442895,MOET&CHANDON,0.75 l,ko,40,53.33,,40,40,3185370807415,PIĆE
VOĆNE KUGL LJEŠNJAK 48g FIT FIT,90448297,FIT&FIT,1.00 ko,ko,1.59,1.59,,1.59,1.59,8681917250188,HRANA
ČAJ K PLUS ŠUMSKO VOĆE 20X2g,90453797,K PLUS,0.04 kg,ko,1.25,31.25,,1.25,1.25,3850334240118,HRANA
CAPP BARCAFFE IRISH CREAM 144g KUT,90494617,BARCAFFE,0.14 kg,ko,3.99,27.71,,3.99,3.99,3838471042772,HRANA
KAVA DOLCE GUSTO MACC CARAMEL 16/1 145.6g,90568673,DOLCE GUSTO,0.15 kg,ko,6.49,44.57,,5.29,6.49,7613037788884,HRANA
VODA MICELARNA SKIN N ROSE 700ml,90571666,GARNIER,0.70 l,ko,,10.27,7.19,9.49,9.69,3600542415682,KOZMETIKA
SAPUN TEK L'ANGELICA PURIF  1L,90572260,L ANGELICA,1.00 l,ko,3.55,3.55,,3.55,3.55,8017331077016,KOZMETIKA
ŠAMPON OLIVAL KOPR I METV 250ml,90598766,OLIVAL,0.25 l,ko,6.09,24.36,,6.09,6.09,3858892693919,KOZMETIKA
ŠTRUKLI SA SVJ SIR SLATKI 600g SMRZ,90599565,LATICA,0.60 ko,ko,4.91,8.2,,4.91,4.91,3850261359761,HRANA
GYOZA SA PILETINOM I POVRĆEM 600g,90617784,AJINOMOTO,0.60 kg,ko,,13.32,7.99,11.94,11.94,5905279248007,HRANA
KITTY MM RIBA 405G,90648722,KITTY,0.41 kg,ko,0.89,2.2,,0.69,0.89,3850334011541,PROIZVODI ZA KUĆANSTVO
BUDDY MP PURETINA 405G,90648745,BUDDY,0.41 kg,ko,0.99,2.44,,0.75,0.99,3850334018175,PROIZVODI ZA KUĆANSTVO
GRISSINI RUSTICI 100g VALLEDORO,90670038,VALLEDORO,0.10 kg,ko,1.46,14.6,,1.46,1.46,8009280002720,HRANA
MASLINE K PLUS CRNE 350g/200g,90670323,K PLUS,0.20 kg,ko,2.15,10.75,,2.15,2.15,3850334021144,HRANA
SIR SVJEŽI POSNI 500g KRAVICA,90713399,KRAVICA KRALJICA,0.50 kg,ko,2.99,5.98,,2.99,2.99,3856015328953,HRANA
FLIPS  BIJELA ČOKO STOBI 80g VITAMINKA,90715166,CHOCO STOBI,0.08 kg,ko,1.69,21.13,,1.69,1.69,5310005011396,HRANA
SAPUN TEK NICE KOKOS 1L REFIL,90730472,NICE,1.00 l,ko,,1.09,1.09,1.49,1.49,8606107036441,KOZMETIKA
LIKER APEROL SPRITZ 3X0.2L,90730922,APEROL,0.60 l,ko,10.49,17.48,,10.49,10.49,8002230340538,PIĆE
DESERT FULL MUNCH LJEŠNJAK 128g JAFFA,90731264,MUNCHMALLOW,0.13 kg,ko,1.5,11.72,,1.43,1.5,8600114011415,HRANA
ŠAMPINJONI GARDEN GOOD 790G/460g,90731292,GARDEN GOOD,0.46 kg,ko,2.79,6.07,,2.79,2.79,3850334070852,HRANA
BOMBONI RED FRUIT MINIRING 100g TROLLI,90731299,TROLLI,0.10 kg,ko,1.65,16.5,,1.65,1.65,4003084319637,HRANA
NAPITAK OSHEE ISO LIM ZERO 0.75L ,90732581,OSHEE,0.56 l,ko,1.69,3.05,,1.49,1.49,5908260251550,PIĆE
MLIJEKO TIJ OLEA RICH 500ml,90735096,OLEA,0.50 l,ko,1.99,3.98,,1.99,1.99,3850334100085,KOZMETIKA
VODA NEGAZIRANA PROLOM 0.5L,90735137,PROLOM VODA,0.50 l,ko,1.35,2.7,,1.35,1.35,8600169600046,PIĆE
INSTANT KAVA RITUAL GOLD BK 100 g,90749870,RITUAL,0.10 kg,ko,5.29,52.9,,5.29,5.29,3850334083203,HRANA
VINO GRAŠEVINA BIANCA 2 L,90749883,VINOLOG,2.00 l,ko,5.55,2.78,,5.55,5.55,3859893101106,PIĆE
DOMESTOS PF LIME 700 ml,90750201,DOMESTOS,0.70 l,ko,3.99,5.7,,3.99,3.99,8720181345913,SREDSTVA ZA ČIŠĆENJE
SALV PALOMA BUNNY&EGG 33X33 3SL 20/1,90750537,PALOMA,1.00 ko,ko,1.69,1.69,,1.35,2.29,3838952035293,PROIZVODI ZA KUĆANSTVO
PJENUŠAC SREBRNA RADG PENINA 0.375L ,90754897,PENINA,0.38 l,ko,5.35,14.27,,5.35,5.35,3830000341134,PIĆE
TIJESTO SPAGHETTI 1kg PASTA ZARA,90754967,PASTA ZARA,1.00 kg,ko,2.39,2.39,,2.39,2.39,8004350120038,HRANA
PUDING ČOKOLADA LUX 4X125g DUKAT,90764675,DUKAT,0.50 kg,ko,1.99,3.98,,1.99,1.99,3850354018292,HRANA
BISKVIT ČOK BOMBONČIĆI 2/1 50 g MR BROWNIE,90764712,MR BROWNIE,0.05 kg,ko,0.99,19.8,,0.79,0.99,8411037892469,HRANA
ČIPS CHIO SOUR CREAM&ONION 130 g,90764976,CHIO,0.13 kg,ko,2.19,16.85,,1.79,2.19,3856021306747,HRANA
DESERT M&M CRISPY 77 g,90770611,MARS,0.08 kg,ko,2.25,29.22,,2.25,2.25,5000159562263,HRANA
BALZAM  AFRODITA 2U1 175 ml,90771135,AFRODITA,0.18 l,ko,,29.66,5.19,6.49,6.49,3831070661924,KOZMETIKA
ŠAMPON H&S 2IN1 CLASSIC CLEAN 330 ml,90771180,HEAD&SHOULDE,0.33 l,ko,6.69,20.27,,3.29,6.69,8700216157919,KOZMETIKA
PATRONE WILKIN M HYDRO 5 PROT 5/1,90774668,WILKINSON,1.00 ko,ko,17.29,17.29,,17.29,17.29,4027800892266,KOZMETIKA
KREMA EVELINE LIFT BOOSTER 50+ 50 ml,90774889,EVELINE,0.05 l,ko,,107,5.35,7.15,7.15,5903416058595,KOZMETIKA
HLAP ŽIVI FIORITAL,90775249,FIORITAL,1.00 kg,kg,69.69,69.69,,41.79,69.69,,HRANA
INSTANT KAVA CLASSIC 100g,90784773,SLOVA,0.10 kg,ko,3.79,37.9,,3.79,3.79,3850334111135,HRANA
MARINIRANI PILEĆI BATAK ZABATAK OTKOŠTENI RAW-ŠTILJ,90785367,RAW ŠTILJ,1.00 kg,kg,6.29,6.29,,5.79,6.29,3850159155376,HRANA
INSTANT JACOBS CRONAT GOLD VR 200 g+50 g,90800502,JACOBS,0.25 kg,ko,12.99,51.96,,9.99,12.99,8711000571170,HRANA
FRISKIES MP ADULT PILE MRK 85 g,90809749,FRISKIES,0.09 kg,ko,0.75,8.82,,0.59,0.59,8445290751065,PROIZVODI ZA KUĆANSTVO
UMAK NORMA 260g AGROMONTE,90814803,AGROMONTE,0.26 kg,ko,3.99,15.35,,3.39,3.99,8032817245871,HRANA
VINO RESERVE SYRAH TOUCH 0.75L,90814806,TOUCH,0.75 l,ko,15.05,20.07,,15.05,15.05,3859893289040,PIĆE
VINO GRAŠEVINA TOUCH 0.75L,90814825,TOUCH,0.75 l,ko,6.05,8.07,,6.05,6.05,3859893289774,PIĆE
ULJE SEZAM HLAD PREŠ BIO 500 ml NUTRIGOLD,90825150,NUTRIGOLD,0.50 l,ko,6.89,13.78,,6.89,6.89,3858891971063,HRANA
PRSA PILEĆA DIMCEK 500 g CEKIN,90825433,CEKIN,0.50 kg,ko,5.99,11.98,,5.99,5.99,3850159123467,HRANA
MACA EKSTRAKT 6:1 1200MG 90TAB NUTRIGOLD,90825846,NUTRIGOLD,90.01 ko,ko,10.49,0.12,,10.49,10.49,3858891976518,HRANA
JAJA SVJEŽA L 10/1 POD UZGOJ ŽITO,90835054,ŽITO,10.00 ko,ko,3.19,0.32,,3.19,3.19,3859889611381,HRANA
KREMA TIJ BIOB BEES & GOATS 250 ml,90850186,BIOBAZA,0.25 l,ko,,15.84,3.96,5.29,5.29,3856020915810,KOZMETIKA
SERUM LOREAL REVITAL HIDR 30 ml,90850512,LOREAL,0.03 l,ko,14.99,499.67,,14.99,14.99,3600523279111,KOZMETIKA
DEO SPRAY NIVEA FRESH ROSE 150ml,90478487,NIVEA,0.15 l,ko,,26.6,3.99,3.99,3.99,9005800341262,KOZMETIKA
KORICA LIMUNA 3X6g  DR OETKER,90484647,DR OETKER,0.02 kg,ko,1.59,88.33,,1.59,1.59,4000521026110,HRANA
PIKNIK TEXAS KRILCA  500g/4kg,90494224,PIKNIK,0.50 kg,ko,4.25,8.5,,4.25,4.25,3838977041439,HRANA
KAVA JULIUS M PREM ESPRESSO ZRNO 500g,90494380,JULIUS MEINL,0.50 kg,ko,17.49,34.98,,17.49,17.49,9000403800468,HRANA
SIR POLUTV DOM DIMLJ 300g PRESIDENT,90573740,PRESIDENT,0.30 kg,ko,5.49,18.3,,4.89,5.49,3850355007226,HRANA
SALAMA SPIANATA ROMANA  cca 2kg,90573863,MONTORSI,1.00 kg,kg,19.99,19.99,,19.99,19.99,,HRANA
OKRUGLICE VEGAN GARDEN GOURMET 300g,90622722,GARDEN GOURMET,0.30 kg,ko,,15.27,4.58,5.49,5.49,7613287515469,HRANA
VL MARAM PAMPERS HARM AQA 3X48,90622756,PAMPERS,144.09 ko,ko,8.89,0.06,,8.89,8.89,8006540458525,TOALETNE POTREPŠTINE
KULENOVA SEKA BELJE,90672766,BELJE,1.00 kg,kg,21.99,21.99,,21.99,21.99,3850257051518,HRANA
KOLAČ JAFFA BEZ GLUT 140g KATA,90683012,KATA,0.10 kg,ko,2.92,29.2,,2.92,2.92,3859893454660,HRANA
DEO OLD SPICE OASIS 150ml,90699385,OLD SPICE,0.15 l,ko,,24.93,3.74,4.99,4.99,8006540785874,KOZMETIKA
ROLL ON NIVEA FRESH SENSITIVE 50ml,90704108,NIVEA,0.05 l,ko,,83.8,4.19,4.19,4.19,9005800379296,KOZMETIKA
FLIPS CURLY LOOPYS 120g LORENZ,90705491,LORENZ,0.12 kg,ko,2.29,19.08,,2.19,2.19,4018077008375,HRANA
RAHAT LOKUM ORAH 180g ADRIA,90705494,ADRIA,0.18 kg,ko,1.35,7.5,,1.35,1.35,3858890261868,HRANA
DEO SPREJ NIVEA BLA&WHI CLEAR 150ml,06551142,NIVEA,0.15 l,ko,,26.6,3.99,3.99,3.99,4005808729746,KOZMETIKA
KREMA NIVEA VIS Q10 50ml NOĆ 2899,06590153,NIVEA,0.05 l,ko,,254.4,12.72,18.19,18.19,9005800227269,KOZMETIKA
BOJA COL SENSAT 7,90032867,GARNIER COL SENSATION,1.00 ko,ko,,3.99,3.99,4.99,5.29,3600541136083,KOZMETIKA
ULJE MASLIN BIJELI TARTUF 100ML,90039052,ZIGANTE,0.10 l,ko,9.99,99.9,,9.99,9.99,3859892291884,HRANA
SUSHI ĐUMBIR 190g SAITAKU,90056028,SAITAKU,0.19 kg,ko,4.29,22.58,,4.29,4.29,5060194790731,HRANA
BOJA SYOSS OLEO 6-80 LJEŠNJ PLAVA,90065464,SYOSS OLEO,1.00 ko,ko,,6.49,6.49,6.49,7.99,9000100840897,KOZMETIKA
BAMBUSOVE MLADICE 300G YOUWOK,90156742,YOUWOK,0.30 kg,ko,2.92,9.73,,2.92,2.92,8717228380235,HRANA
VODA MICELARNA SKIN NATUR MJES OSJ 400ML,90214824,GARNIER,0.40 l,ko,,12.98,5.19,6.79,6.99,3600541595248,KOZMETIKA
FEFERONI BLAGI 150g PODRAVKA,01559017,PODRAVKA,0.15 kg,ko,2.69,17.93,,2.69,2.69,3850104011658,HRANA
BRANCIN SVJ LLL 600-800 FIORITAL,02195411,,1.00 kg,kg,17.46,17.46,,10.47,17.46,,HRANA
PAGAR 600-800 FIORITAL,02197376,,1.00 kg,kg,15.5,15.5,,9.29,15.5,93856024301124,HRANA
TARTAR UMAK 165g ZVIJEZDA,02202092,ZVIJEZDA,0.17 kg,ko,1.79,10.85,,1.79,1.79,3858882214940,HRANA
SV BUT BK 4D I KAT ,02402389,PIK VRBOVEC,1.00 kg,kg,5.79,5.79,,5.79,5.79,3850139281453,HRANA
JUN PODLOPATICA BK,02410392,PIK VRBOVEC,1.00 kg,kg,11.89,11.89,,11.89,11.89,3850139401592,HRANA
NAPITAK PRO SPORT NARANČA 0.75L JAMN,03160565,PRO SPORT,0.75 l,ko,1.59,2.12,,1.59,1.59,3858884603957,PIĆE
TIJESTO K PLUS SPAGHETTI 3 500g,04057602,K PLUS,0.50 kg,ko,0.99,1.98,,0.99,0.99,,HRANA
ZAČIN ZA ČOBANAC 50g ALEVA,04165107,ALEVA,0.05 kg,ko,1.19,23.8,,1.19,1.19,8600947042105,HRANA
SOK BEBIVITA JABUKA 500ML PLAST,04172594,BEBIVITA,0.50 l,ko,1.85,3.7,,1.85,1.85,4018852032755,PIĆE
MUESLI CRUNCH NATU GRAN FRUIT 350g,04172623,NATUREL,0.35 kg,ko,,7.4,2.59,2.59,3.59,3858887245062,HRANA
ŽV GUMA AIRWAVES EXTREME 14g,04200569,WRIGLEY,0.01 kg,ko,0.99,70.71,,0.99,0.99,42189633,HRANA
ČOK MIKADO EXCLUSIVE NARANČA 100g,04211627,MIKADO,0.10 kg,ko,2.69,26.9,,2.69,2.69,3858881064324,HRANA
HIG UL ALWAYS ULT PLAT SUP DUO 14/1,06501393,ALWAYS P&G,14.00 ko,ko,3.45,0.25,,2.69,2.69,8001090444998,TOALETNE POTREPŠTINE
KREMA ZAŠTITNA SUDOCREM 125g,06601600,SUDOCREM,0.13 kg,ko,8.65,69.2,,6.89,8.65,3850114243674,KOZMETIKA
KIST ZA BOJENJE TC 2922,06622260,CREIGHTONS,1.00 ko,ko,2.39,2.39,,2.39,2.39,5905710002922,KOZMETIKA
DET PUR BALSAM ALOE VERA 450ML,08013853,PUR,0.45 l,ko,1.99,4.42,,1.99,1.99,90407024,SREDSTVA ZA ČIŠĆENJE
SIR POLUTVRDI TRAPIST 500g DUKAT,90031746,PRESIDENT,0.50 kg,ko,7.55,15.1,,7.55,7.55,3850355007165,HRANA
ČETKICA AQUA INTERDENTAL MED 2/1,90055222,AQUAFRESH,1.00 ko,ko,3.79,3.79,,3.79,3.79,5054563927910,KOZMETIKA
PRELJEV ZA TORTE FIX SVIJETLI 50g,90060257,DR OETKER,0.05 kg,ko,1.15,23,,1.15,1.15,5997381352130,HRANA
REGENER FRUCTIS GOODBYE D 200ML,90064631,GARNIER FRUCTIS,0.20 l,ko,,12.2,2.44,3.29,3.49,3600541309128,KOZMETIKA
PUREĆI PANIRANI ODREZAK XXL 280g AIA,90071916,AIA,0.28 kg,ko,3.05,10.89,,3.05,3.05,8008110001377,HRANA
TRILJA I SVJ LIBURNIJA,90074590,,1.00 kg,kg,4.89,4.89,,2.93,4.89,,HRANA
KAVA 100% ARABICA 250 g FRANCK,90082774,FRANCK,0.25 kg,ko,7.19,28.76,,7.19,7.19,3858881087224,HRANA
RAKIJA TRAVARICA 0.7L ZVEČEVO,90085686,ZVEČEVO,0.70 l,ko,9.35,13.35,,7.48,9.35,3858894170265,PIĆE
NAPOLITANKA VOĆ KOCKA 740g,90089103,KOESTLIN,0.74 kg,ko,4.79,6.47,,4.79,4.79,3856014114946,HRANA
LOSION DENIM GOLD 100ml,90090340,DENIM BRAND,0.10 l,ko,,48.5,4.85,6.09,6.09,8008970037189,KOZMETIKA
ŠAMPON LOOK EXPERT PROVITAMIN 900ML,90090898,EVELINE,0.90 l,ko,3.45,3.83,,3.45,3.45,5908241707915,KOZMETIKA
JUHA KREM BUNDEVA 72g,90091505,PODRAVKA,0.07 kg,ko,1.39,19.31,,1.39,1.39,3850104271533,HRANA
ALU FOLIJA 50mX29cm ALUFIX,90098344,ALUFIX,50.00 m,ko,8.49,0.17,,8.49,8.49,5949509000102,PROIZVODI ZA KUĆANSTVO
VINO GRAŠ VRHUNSKO 075L,90099217,ERDUTSKI VINOGRADI,0.75 l,ko,8,10.64,,8,8,3859889193597,PIĆE
PIVO DVA KLASA 0.5l,90132109,MEDVEDGRAD,0.50 l,ko,1.99,3.98,,1.99,1.99,3857500003232,PIĆE
SMUĐ SVJ MEDUZA,90149731,,1.00 kg,kg,15.99,15.99,,9.59,15.99,,HRANA
RAKIJA WILLIAMS PIRCHER  0.7L,90154434,PIRCHER,0.70 l,ko,25.55,36.5,,25.55,25.55,80120643,PIĆE
BOJA COMPLETE CC B98SREBRNA SET,90165402,ANNYER,1.00 ko,ko,3.99,3.99,,3.99,3.99,3850177007794,KOZMETIKA
KETCHUP BLAGI HEINZ 570g,90179066,HEINZ,0.57 kg,ko,4.25,7.46,,2.99,4.25,8715700421469,HRANA
KULEN 650g MA PIK,90180358,PIK VRBOVEC,0.65 kg,ko,13.49,20.75,,11.46,13.49,3850139240061,HRANA
KOKOT PARANGAL RZ LIB,90181330,,1.00 kg,kg,19.69,19.69,,11.81,19.69,,HRANA
KAVA CREMA MLJEV. 9g STICK,90188924,FRANCK CREMA,0.01 kg,ko,0.39,43.33,,0.39,0.39,3858881087866,HRANA
GRAH S KOBASICOM 400g CARNEX,90220094,CARNEX,0.40 kg,ko,3.69,9.23,,3.69,3.69,8600012700299,HRANA
TJEST SPAGHETTI BEZ GL 400g BARILLA,90270303,BARILLA,0.40 kg,ko,,8.78,3.51,4.69,4.69,8076809545440,HRANA
CAPP ARABESCA ČOKOLADA 200g,90308836,ARABESCA,0.20 kg,ko,2.99,14.95,,2.99,2.99,3858886804147,HRANA
NAMAZ ČOK LJEŠNJAK 350g GOOD,90325655,GOOD GOOD,0.35 kg,ko,6.24,17.83,,6.24,6.24,5694230257065,HRANA
ALU FOLIJA DOMUS 20m,90344369,DOMUS,20.00 m,ko,3.58,0.18,,3.58,3.58,3859893097324,PROIZVODI ZA KUĆANSTVO
PROTEIN MICELLAR CASEIN 454g VANILLA,90345175,POLLEO,0.45 kg,ko,21.99,48.44,,21.99,21.99,3858892293744,HRANA
SLAD GELATISSIMO LJEŠ VAN PIST 2l,90360509,GELATISSIMO,2.00 l,ko,3.99,2,,2.99,3.99,3838900955222,HRANA
SARDINA BILJ ULJE ADRIA MARE 73.5G,90077668,ADRIA MARE,0.07 kg,ko,1.09,14.83,,1.09,1.09,3850334019448,HRANA
VREĆICA ZAMR LD 5L 25/1 ROYAL,90090477,ROYAL,25.00 ko,ko,1.86,0.07,,1.86,1.86,3858888961022,PROIZVODI ZA KUĆANSTVO
MLINCI K PLUS 250g  MLIN JERTOVEC,90095592,K PLUS,0.25 kg,ko,1.39,5.56,,1.39,1.39,3850334405722,HRANA
LIZALJKA FANTASIA MIX 30g     ,90103901,FANTASIA,0.03 kg,ko,0.93,31,,0.93,0.93,3859892573997,HRANA
TUNJ KOMADI NATURALE 120g RIO MARE,90130156,RIO MARE,0.12 kg,ko,3.95,32.92,,1.89,1.89,8004030595033,HRANA
MANGO READY TO EAT,90142400,,0.13 kg,ko,1.99,15.92,,1.99,1.99,8717428007659,HRANA
PARIZER PIKO S POVRĆEM 200G NAR MA,90145172,PIKO,0.20 kg,ko,2.85,14.25,,2.28,2.85,3850139172003,HRANA
DESERT AMARENA PLOČICE 45G,90152923,KANDIT,0.05 kg,ko,0.89,19.78,,0.89,0.89,3858889860393,HRANA
DŽEM EXTRA MANDARINA 690G,90157633,DIDA BOŽA,0.69 kg,ko,4.51,6.54,,3.16,4.51,3859892699666,HRANA
BOMBON WERTHERS ČOKO TOFFEE 120G,90179097,WERTHERS,0.12 kg,ko,1.99,16.58,,1.99,1.99,4014400915143,HRANA
GOVEĐA KOBASICA NAR 80G GAVRILOVIĆ,90187069,GAVRILOVIĆ,0.08 kg,ko,2.89,36.13,,2.89,2.89,3858890203653,HRANA
FROSCH SVE POVRŠINE NARANČA 500ml,90191715,FROSCH,0.50 l,ko,3.05,6.1,,2.13,3.05,4009175953681,SREDSTVA ZA ČIŠĆENJE
ENERGETSKI MIX EUROCOMPANY 125g,90241110,EUROCOMPANY,0.13 kg,ko,2.69,21.52,,2.69,2.69,3872084009067,HRANA
TORTA MEDENA S ORAS BEZ GLUT 800g MARLENKA,90248017,MARLENKA,0.80 kg,ko,16.99,21.24,,16.99,16.99,8594071650872,HRANA
MONKEY 47 SCHWARZWALD DRY  GIN 0.50L,90250010,MONKEY 47,0.50 l,ko,40.55,81.1,,40.55,40.55,42213277,PIĆE
KOCKA POVRTNA 120 g MAXX,90263389,PODRAVKA,0.12 kg,ko,2.09,17.42,,1.49,2.09,3850104291944,HRANA
BAKALAR SUŠENI VAC 800-1000g NOTO KARTON,90265894,NOTO,1.00 kg,kg,50.99,50.99,,43.99,50.99,,HRANA
KAVA DG LUNGO INT 16/1 144g,90267894,DOLCE GUSTO,0.14 kg,ko,6.49,45.07,,5.29,6.49,7613033590146,HRANA
MIN VODA JAMNICA 1L PET,90289879,JAMNICA,1.00 l,ko,0.93,0.93,,0.93,0.93,3858890873054,PIĆE
SIR TVRDI K PLUS EMMENTALER 100g,90291790,K PLUS,0.10 kg,ko,1.45,14.5,,1.19,1.19,3850334343444,HRANA
GEL ZA TUŠIRANJE OLDSPICE WOLFTHORN 400ml,90298835,OLD SPICE,0.40 l,ko,,9.35,3.74,4.99,4.99,4084500978973,KOZMETIKA
SPREJ LOREAL MR IZRAST ZLATNO SMEĐA 75ml,90299133,LOREAL MAGIC RETOUCH,1.00 ko,ko,7.49,7.49,,7.29,7.49,3600523387854,KOZMETIKA
ŠTUKA ODREZAK KUPA,90301130,,1.00 kg,kg,11.19,11.19,,6.71,11.19,,HRANA
VODKA KALINSKA  0.70L,90306661,KALINSKA,0.70 l,ko,8.39,11.99,,8.39,8.39,5021692800704,PIĆE
ŠAMPON GLISS SUPREME LENGTH PROMO 400ml,90310635,GLISS,0.40 l,ko,,11.23,4.49,4.49,7.09,9000101201147,KOZMETIKA
VINO UNO PACK GRAŠEVINA VRH 0.75L,90311473,BELJE,0.75 l,ko,8.85,11.8,,8.85,8.85,3850257021221,PIĆE
KEKS MILKA CHOCO CREAM 260g,90330791,MILKA,0.26 kg,ko,3.39,13.04,,2.37,3.39,7622210717696,HRANA
CHIA SJEMENKE 750g NUMBERS ARE GOOD,90344551,POLLEO,0.75 kg,ko,9.99,13.32,,9.99,9.99,3859893008719,HRANA
COOKIE BAKED 75g CHOCOLATE,90344829,POLLEO,0.08 kg,ko,2.99,39.87,,2.99,2.99,5055936839540,HRANA
DEO AXE ICE CHILL 150ml,90354913,AXE,0.15 l,ko,,22.73,3.41,4.55,4.55,8710447497357,KOZMETIKA
PAČJA PRSA cca 180-330g HUNENT,90360159,HUNENT,1.00 kg,kg,13.99,13.99,,13.99,13.99,,HRANA
ČEŠNJOVKA 300g VAK,90361687,PIK,0.30 kg,ko,4.49,14.97,,4.49,4.49,3850139180046,HRANA
ŠUNKA KUHANA K PLUS 200g NAR,90364995,K PLUS,0.20 kg,ko,,7.15,1.43,1.79,1.79,3850334186270,HRANA
ALU FOLIJA FINO 10M,90388278,FINO,10.00 m,ko,2.65,0.27,,1.99,2.65,5900536352046,PROIZVODI ZA KUĆANSTVO
VINO NEGOAMARO LUCARELLI 0.75L,90402344,LUCARELLI,0.75 l,ko,8.69,11.59,,8.69,8.69,8019873924551,PIĆE
KEKS DIGESTIVE BEZ ŠEČERA 245g GULLON,90408448,GULLON,0.25 kg,ko,,5.84,1.43,2.39,2.39,8410376049602,HRANA
PANIRANI PILEĆI ODRESCI 200g,90438133,CEKIN,0.20 kg,ko,3.35,16.75,,3.35,3.35,3850159141294,HRANA
KEKS PREKRAŠNI PUNJ VIŠNJA 220g,90485666,PREKRAŠNI KOLAČIĆI,0.22 kg,ko,2.59,11.77,,1.89,2.59,3850102011278,HRANA
SANITAR HIG MARAMICE 50/1 LIMUN,90487402,SANITAR,1.00 ko,ko,2.39,2.39,,2.39,2.39,3850111901096,SREDSTVA ZA ČIŠĆENJE
GRAH BIJELI NA PARI 310/250g BONDUELLE,90493849,BONDUELLE,0.25 kg,ko,1.89,7.56,,1.32,1.89,3083681003901,HRANA
SMOOTHIE ANANAS HELLO DAY 250ml,90498815,HELLO DAY,0.25 l,ko,2.25,9,,2.25,2.25,5902596646721,PIĆE
NEKTAR MOJ DAN NARANČA 2L,90513368,MOJ DAN,2.00 l,ko,1.79,0.9,,1.39,1.39,3850334411907,PIĆE
ALU POSUDA+POKL F&P 1125ml 3/1,90513616,FRESH&PACK,1.00 ko,ko,1.99,1.99,,1.99,1.99,3850334395863,PROIZVODI ZA KUĆANSTVO
BADEM JEZGRA GG SUHO PRŽ NESL 180g,90514162,GARDEN GOOD,0.18 kg,ko,,11.04,1.99,2.69,2.69,3838900987827,HRANA
BUĐOLA 100g PERAJICA,90514273,SUŠARA PERAJICA,0.10 kg,ko,4.09,40.9,,4.09,4.09,3857500112811,HRANA
PIVO CRAFTER'S PALE ALE 0.5L NB,90528121,CRAFTER S,0.50 l,ko,2.59,5.18,,2.59,2.59,3859893368608,PIĆE
DET FAKS GEL SMART CL WHITE 900ml=18 PR,90553591,FAKS,0.90 l,ko,6.99,7.77,,3.99,6.99,3850105178237,SREDSTVA ZA ČIŠĆENJE
PJENUŠAC LECTUS BRUT 0.75L,90568523,LECTUS,0.75 l,ko,14.05,18.73,,14.05,14.05,3859893101977,PIĆE
BUĐOLA DALM NAR 100g MAP PIVAC,90569809,PIVAC,0.10 kg,ko,3.49,34.9,,3.49,3.49,3858890183016,HRANA
KOKOŠ ZA PEČENJE I KUHANJE POLOVICE VINDIJA,90570026,CEKIN,1.00 kg,kg,2.09,2.09,,2.09,2.09,3850159110382,HRANA
VREĆA SMEĆE FINO POWER LD 90L 10/1,90570138,FINO,10.00 ko,ko,3.35,0.34,,2.68,2.68,5201314932031,PROIZVODI ZA KUĆANSTVO
BRANCIN LLL TOTAL FISH,90587742,TOTAL,1.00 kg,kg,13.09,13.09,,7.85,13.09,,HRANA
PAHULJICE LUMPI DUO BALLS 250g,90593662,LUMPI,0.25 kg,ko,1.06,4.24,,1.06,1.06,3850334009265,HRANA
SIR POLUTV CHEDDAR RED 200g DUB DAI,90672925,DUBLIN DAIRY,0.20 kg,ko,3.69,18.45,,3.69,3.69,5902431270395,HRANA
NAPITAK ISO SPORT LIMUN GREJP GAZ. 1.5L,90673706,ISO SPORT,1.50 l,ko,2.25,1.5,,1.79,2.25,3850108071726,PIĆE
ML ZAMJ HIPP BIO ANTIREFL 600G,90674634,HIPP,0.60 kg,ko,15.05,25.08,,15.05,15.05,4062300406247,HRANA
KAPSULE ILLY JAČE PRŽ 120.6g 18/1,90682843,ILLY,0.12 kg,ko,11.59,96.1,,11.59,11.59,8003753198163,HRANA
FLIPS HRUSTY  SIR 30g,90692818,HRUSTY,0.03 kg,ko,0.35,11.67,,0.35,0.35,3850334009395,HRANA
ČIPS HRUSTY SLANI RR 150g,90699035,HRUSTY,0.15 kg,ko,1.15,7.67,,1.15,1.15,3850334009760,HRANA
SALV PALOMA US CHI 33X33 3SL 20/1,90699086,PALOMA,20.00 ko,ko,1.69,0.08,,1.35,2.29,3838952034197,PROIZVODI ZA KUĆANSTVO
VAFL FRONDI LIMUN 250g KRAŠ,90702871,FRONDI,0.25 kg,ko,2.59,10.36,,1.99,2.59,3850102002283,HRANA
VAFL KREM ŠTAPIĆI KOKOS 200g LASTA,90705198,LASTA,0.20 kg,ko,2.39,11.95,,2.39,2.39,3870128035669,HRANA
MUFFIN SUNNY ČOKOLADA 30gX2KOM,90705609,SUNNY,0.06 kg,ko,0.49,8.17,,0.49,0.49,3850334043283,HRANA
VODA FUNKC. RADENSKA FOCUS 0.5L,90705870,RADENSKA,0.50 l,ko,1.15,2.3,,1.15,1.15,3830065023037,PIĆE
GEL ELINA MED KONJSKI 500ml,90703990,ELINA MED,0.50 l,ko,5.99,11.98,,5.99,5.99,4326470160614,KOZMETIKA
NAPITAK HIDRA UP 0.33L ,90705688,HIDRA,0.33 l,ko,0.95,2.88,,0.95,0.95,3850131005910,PIĆE
TUNJ SALATA BALANCE 160g EVA,90706300,EVA,0.16 kg,ko,4.29,26.81,,1.99,4.29,3856020263874,HRANA
KOBASICA ROŠTILJ CLASSIC 330g RAW-ŠTILJ,90706675,RAW ŠTILJ,0.33 kg,ko,3.39,10.27,,2.49,3.39,3850334045201,HRANA
DESERT FRUTOLINO MAREL I KRUŠ 200g,90707669,LINO,1.00 ko,ko,2.29,2.29,,2.29,2.29,3856020254919,HRANA
TOMI MP GOVEDINA 400g,90713053,TOMI,0.40 kg,ko,1.75,4.38,,1.75,1.75,4003024001585,PROIZVODI ZA KUĆANSTVO
PIĆE GAZ TH. HENRY SODA WATER 0.2L,90720068,THOMAS HENRY,0.20 l,ko,2.19,10.95,,2.19,2.19,4251760800089,PIĆE
MUESLI RISE&SMILE VOĆE 750g,90726292,RISE&SMILE,0.75 kg,ko,2.85,3.8,,2.85,2.85,3850334045447,HRANA
HIG UL VIOLETA COTTON DAY&NIGHT 18/1,90726864,VIOLETA,18.00 ko,ko,,0.11,1.99,2.12,2.49,3870128037427,TOALETNE POTREPŠTINE
SOK 100% VINDI DISNEY NARANČA 0.2L,90731577,VINDI,0.20 l,ko,0.75,3.75,,0.75,0.75,3850108075489,PIĆE
JOGURT K PLUS ČVRSTI 900g,90731605,K PLUS,0.90 kg,ko,1.79,1.99,,1.79,1.79,3850334071453,HRANA
VODA VIT OSHEE JUNI LUBEN JAB 0.555L,90732579,OSHEE,0.56 l,ko,1.69,3.05,,1.49,1.49,5908260252076,PIĆE
REGENER OLEA OBOJANA KOSA 300ml,90735086,OLEA,0.30 l,ko,1.29,4.3,,1.29,1.29,3850334073754,KOZMETIKA
KREMA RUKE OLEA MEDIT LAVANDA 75ml,90735108,OLEA,0.08 l,ko,,14.27,1.07,1.35,1.35,3850334100061,KOZMETIKA
BRIJAČ JEDNOK GILL BL3 12/1,90739679,GILLETTE,12.00 ko,ko,,0.93,11.19,11.19,13.99,8700216148092,KOZMETIKA
LOVAČKA KOBASICA K PLUS 300g,90744658,K PLUS,0.30 kg,ko,,8.3,2.49,3.49,3.49,3850334098634,HRANA
SUSHI SNIŽENJE GINGER,90745244,GINGER SUSHI,0.28 kg,ko,5,18.1,,5,5,3859893601439,HRANA
KAVA INSTANT LIM CLASSIC 95 g ILLY,90749734,ILLY,0.10 kg,ko,9.99,105.16,,9.99,9.99,8003753144337,HRANA
PAHULJICE BRAN FLAKES  375 g NATUREL,90750381,NATUREL,0.38 kg,ko,,8.75,3.28,3.99,3.99,3858889366727,HRANA
INSTANT KAVA CLASSIC LIM 100g BARCAFFE,90750399,BARCAFFE,0.10 kg,ko,4.29,42.9,,4.29,4.29,3838471049450,HRANA
NAMAZ KIKIRIKI MASL 350G LINO,90750757,LINO,0.35 kg,ko,4.29,12.26,,4.29,4.29,3856020271077,HRANA
KAVA DG ESP MILANO 16/1 99.2 g,90750931,DOLCE GUSTO,0.10 kg,ko,6.49,65.42,,5.29,6.49,8445290422149,HRANA
OMBOLO SUHI cca 200g HISTRIS,90750961,HISTRIS,1.00 kg,kg,32.99,32.99,,32.99,32.99,,HRANA
TORTILJA MINI BG 180g DR SCHAR,90755023,DR SCHAR,0.18 kg,ko,,23,4.14,5.19,5.19,8008698044506,HRANA
JOGURT PROT NATUR 200g STAY STRONG,90764701,STAY STRONG,0.20 kg,ko,1.29,6.45,,1.29,1.29,5941355017044,HRANA
ŠAMPON NIVEA BABY BLAGI 200ml,90764812,NIVEA,0.20 l,ko,,18.75,3.75,4.69,4.69,9005800369075,KOZMETIKA
ŠKARE ZA KOSU S KUKICAMA ZA PRSTE,90764996,PARSA,1.00 ko,ko,9.99,9.99,,9.99,9.99,4001065460484,KOZMETIKA
BJELANJAK TEKUĆI 500g AIA,90765147,AIA,0.50 kg,ko,1.69,3.38,,1.69,1.69,8008110041663,HRANA
VINO CHARDONNAY FERNE DEGRASSI 0.75L,90765244,JAKOVAC,0.75 l,ko,23.99,31.99,,23.99,23.99,3859891805037,PIĆE
PAP RUPČIĆI PALOMA DINO 3SL 10/1,90769649,PALOMA,10.00 ko,ko,,0.12,1.19,1.59,1.59,3838952035132,TOALETNE POTREPŠTINE
VRHNJE ZA KUHANJE LAGANO JUTRO 500g,90764672,LAGANO JUTRO,0.50 kg,ko,3.49,6.98,,3.49,3.49,3850354017295,HRANA
SLAD MAGNUM EUPHORIA 6x55 ml,90765376,MAGNUM,0.26 l,ko,6.99,27.12,,6.99,6.99,8711327622210,HRANA
UMAK FRIED NOODLES 190ml MAGGI,90769809,MAGGI,0.19 kg,ko,,15.74,2.99,3.99,3.99,8445291156586,HRANA
SLAD PASTA SA SIROM MAČKA 100 g,90770008,VITAKRAFT,0.10 kg,ko,,49.8,4.98,5.99,5.99,4008239136190,PROIZVODI ZA KUĆANSTVO
KREMA PARFE ČOKOLADA 200g DOLCELA,90770262,DOLCELA,0.20 kg,ko,3.39,16.95,,3.39,3.39,3856020271329,HRANA
PAPAR CRNI ZRNO 50 g SPICE CHEF,90770547,SPICE CHEF,0.05 kg,ko,0.99,19.8,,0.69,0.69,3850334100948,HRANA
KANT SALAMA SORGER cca 1.25kg,90770709,SORGER,1.00 kg,kg,22.99,22.99,,22.99,22.99,,HRANA
VODICA MICEL GARNIER PURE ACT 400 ml,90774647,GARNIER,0.40 l,ko,,14.48,5.79,7.59,7.79,3600542570275,KOZMETIKA
MC MP PIL RAJČ MAHUNE 1250 g,90774802,MIGLIOR,1.25 kg,ko,2.99,2.39,,2.99,2.99,8007520027250,PROIZVODI ZA KUĆANSTVO
 DEO STICK AXE AFRICA 50 ml,90775110,AXE,0.05 l,ko,,68.2,3.41,4.55,4.55,8720181415678,KOZMETIKA
MIX NESCAFE 3U1 CREAMY LATTE 10+2 GRATIS 180 g,90775280,NESCAFE,0.18 kg,ko,2.99,16.61,,2.29,2.99,8445291215566,HRANA
KREKER KUK SLANI BIO ZONE 120 g,90779980,BIO ZONE,0.12 kg,ko,1.19,9.92,,1.19,1.19,3838900837467,HRANA
OM LENOR LINGENUE 925ml,90731345,LENOR,0.93 l,ko,3,3.24,,3,3,8700216162753,SREDSTVA ZA ČIŠĆENJE
ZIP-FIX VREĆICA ALUFIX  MIX 1L. 3L. 6L,90732179,ALUFIX,1.00 ko,ko,3.79,3.79,,3.79,3.79,4823071655759,PROIZVODI ZA KUĆANSTVO
MJEŠAVINA MAHUNA JEČAM 400g BONDUELLE,90732247,BONDUELLE,0.40 kg,ko,2.99,7.48,,2.99,2.99,3083681138603,HRANA
DAX RUKAVICE NITRIL BEZ PUD CRN L 100/1,90745175,DAX,100.00 ko,ko,5.99,0.06,,4.99,5.99,3850334070999,PROIZVODI ZA KUĆANSTVO
KAMENICE ŽUVELA,90745813,ŽUVELA,1.00 kg,kg,14.99,14.99,,8.99,14.99,,HRANA
POLI 550g LIMITED EDITION,90759938,POLI,0.55 kg,ko,3.19,5.8,,3.19,3.19,3850220408646,HRANA
SLAD GELATISSIMO CHOCO DEL 4x110ml,90765309,GELATISSIMO,0.29 l,ko,4.29,14.89,,3.29,4.29,3850334107541,HRANA
PARTY TRIK MIX 300 g,90769666,TRIK,0.30 kg,ko,,3.97,1.19,1.29,1.79,8600462020954,HRANA
MASLAC BEZ LAKTOZE 200 g FREE ZONE,90770094,FREE ZONE,0.20 kg,ko,2.79,13.95,,2.79,2.79,3850334111098,HRANA
KORIJANDER 27 g VEGETA MAESTRO,90770304,VEGETA MAESTRO,0.03 kg,ko,1.59,58.89,,1.59,1.59,3856020231293,HRANA
KEKS BOOM BOX ZOBENI BANANA KAKAO 50 g,90770972,BOOM BOX,0.05 kg,ko,0.99,19.8,,0.99,0.99,3856027801475,HRANA
PIVO BECK'S 0.5L LIM 3+1 GRATIS ,90770974,BECKS,1.50 l,ko,4.95,3.3,,4.95,4.95,3850131290125,PIĆE
PANNONIA 80 g NAR PODRAVKA,90774780,PODRAVKA,0.08 kg,ko,1.95,24.38,,1.95,1.95,3856020272432,HRANA
ZP AQUA WHITE&SHINE 100 ml,90774965,AQUAFRESH,0.10 l,ko,3.89,38.9,,3.89,3.89,5054563205490,KOZMETIKA
SPECIAL DOG EX MP ADULT GOV DIVLJ 4X100 g,90775435,SPECIAL DOG EXCELLENCE,0.40 kg,ko,3.29,8.23,,2.3,3.29,8009470061711,PROIZVODI ZA KUĆANSTVO
GAZ PIĆE COCA COLA 6PACK 0.15 L,90784919,COCA COLA,0.90 l,ko,3.89,4.32,,3.89,3.89,5449000241085,PIĆE
DET NILA MY PINK LOVE 2.7 L,90785334,NILA,2.70 l,ko,9.29,3.44,,4.64,9.29,3850105186874,SREDSTVA ZA ČIŠĆENJE
PIVO OSJEČKO CRNI RADLER 1664 0.5 l,90794807,OSJEČKO,0.50 l,ko,1.55,3.1,,1.55,1.55,3858895010010,PIĆE
SIR TVRDI EMENTALER KROLEWSKI,90810373,KROLEWSKI,1.00 kg,kg,11.94,11.94,,11.94,11.94,,HRANA
UMAK TIKKA MASALA 340g MAGGI,90814902,MAGGI,0.34 kg,ko,,8.79,2.99,4.99,4.99,8445291507845,HRANA
MAYONNAISE 355ml KEWPIE,90819870,KEWPIE,0.36 l,ko,6.89,19.41,,6.89,6.89,8719189240177,HRANA
BOŽIĆNA VREĆICA MALA 177.50g,90825160,FILIR,0.18 kg,ko,1.99,11.21,,1.99,1.99,3858891165721,HRANA
MUESLI ENERGETIC 400 g GRACI,90825429,GRACI,0.40 kg,ko,4.39,10.98,,3.49,4.39,4751019538782,HRANA
BOMBON GUM VOĆNI 160g SOUR PATCH ,90825669,SOUR PATCH,0.16 kg,ko,1.99,12.44,,1.99,1.99,7622210442796,HRANA
MARELICA SUHA VEDRINI 250 g,90850507,VEDRINI,0.25 kg,ko,2.69,10.76,,2.69,2.79,3859890630388,HRANA
LIGNJA JAR ,90854805,ŽUVELA,1.00 kg,kg,14.99,14.99,,7.79,14.99,3856023604940,HRANA
FELIX MM UMAK MESO MIX 4X80 g,90864955,FELIX,0.32 kg,ko,,6.22,1.99,1.99,2.79,7613287249593,PROIZVODI ZA KUĆANSTVO
TUNJ OCEAN KOM NATURALE 185 g/130 g,90869923,OCEAN,0.13 kg,ko,1.79,13.77,,1.79,1.79,3850334114488,HRANA
KAŠ LINO JABUKA KRUŠKA 190 g,90874846,LINO,0.19 kg,ko,1.59,8.37,,1.59,1.59,3850104280115,HRANA
NAPITAK RIŽA EKO 1 L BOOM BOX,90875481,BOOM BOX,1.00 l,ko,3.09,3.09,,2.19,3.09,3856027801963,HRANA
PRALINE SPECIAL MOMENTS JAGODA 150 g,90879815,SPECIAL MOMENTS,0.15 kg,ko,3.99,26.6,,2.79,3.99,3850334436856,HRANA
GRIS ČOKOLADA 200 g VINDIJA,90880073,Z BREGOV,0.20 kg,ko,1.09,5.45,,1.09,1.09,3850108048100,HRANA
DEO AXE KEN VAN 150 ml,90885190,AXE,0.15 l,ko,,27.4,4.11,5.49,5.49,8720181418402,KOZMETIKA
WHISKAS SM PILETINA 800 g,90886237,WHISKAS,0.80 kg,ko,5.49,6.86,,4.35,5.49,5998749146897,PROIZVODI ZA KUĆANSTVO
 ISTARSKA KOBASICA  ZA PEČ 300 g,90886861,PISINIUM,0.30 kg,ko,6.39,21.3,,6.39,6.39,3858894290468,HRANA
SALATA PILETINA MIX CURRY 160 g NJAM,90889669,NJAMI,0.16 kg,ko,3.99,24.94,,3.99,3.99,3838929620064,HRANA
TIJESTO SPIRULITELLE 250 g MARODI,90890020,MARODI,0.25 kg,ko,3.99,15.96,,3.99,3.99,3859894191120,HRANA
PUDING ČOKO PERFETTA 80 g DOLCELA,90894878,DOLCELA,0.08 kg,ko,1.09,13.63,,1.09,1.09,3856020277062,HRANA
ČIPS PRINGLES ORGINAL 165g,01311186,PRINGLES,0.17 kg,ko,,11.45,1.89,3.49,3.49,5053990101573,HRANA
KOKOS ORAH KOM,01410088,,0.10 kg,ko,0.99,9.9,,0.99,0.99,2011171510104,HRANA
AJVAR K PLUS BLAGI 680g,01489506,K PLUS,0.68 kg,ko,2.79,4.1,,2.49,2.79,3850334117939,HRANA
KRASTAVAC DELIKATES 350g ZVIJEZDA,01520102,ZVIJEZDA,0.35 kg,ko,2.99,8.54,,2.49,2.99,3856015303240,HRANA
HRENOVKE K PLUS 1000g,02044269,K PLUS,1.00 kg,ko,2.59,2.59,,2.19,2.19,3850334116413,HRANA
SIR MEKI MASCARPONE 500g VINDIJA,02053821,Z BREGOV,0.50 kg,ko,6.29,12.58,,6.29,6.29,3850108058369,HRANA
KOVAČ JADR  SVJ MEDUZA,02197373,,1.00 kg,kg,27.86,27.86,,16.7,27.86,,HRANA
ORADA LL SVJ CROMARIS,02197663,CROMARIS,1.00 kg,kg,11.29,11.29,,6.77,11.29,3859891926671,HRANA
PASTRVA SVJ PAK KONZUM,02199511,,1.00 kg,kg,5.59,5.59,,3.35,5.59,,HRANA
ORADA L SVJ PAK KONZUM,02199534,,1.00 kg,kg,11.59,11.59,,6.47,10.79,,HRANA
LIST II 150/200 SVJ MEDUZA,02199555,,1.00 kg,kg,23.35,23.35,,14,23.35,,HRANA
VRHNJE KISELO 12% BRZO&FINO 3X200g,02334706,BRZO&FINO,0.60 kg,ko,2.67,4.45,,2.67,2.67,3850354006336,HRANA
KESTEN BLOK 250g LEDO,02351424,LEDO,0.14 kg,ko,3.49,24.93,,3.49,3.49,3850116888132,HRANA
VINO PLAVAC MALI 0.75L GRGIĆ,03020195,GRGIĆ VINA,0.75 l,ko,38.05,50.73,,38.05,38.05,0015643235634,PIĆE
VINO GRAŠEVINA 0.75L KRAUTHAKER,03020394,KRAUTHAKER,0.75 l,ko,11.65,15.53,,11.65,11.65,3859889217293,PIĆE
ROOM 0.5L MARASKA,03070004,MARASKA,0.50 l,ko,6.55,13.1,,4.99,4.99,3850158201531,PIĆE
VODA MICELARNA GARNIER 700ml,90341730,GARNIER,0.70 l,ko,,9.56,6.69,8.79,8.99,3600541940567,KOZMETIKA
ŠAPICE 350g BREDA I PITA,90355075,BREDA I PITA,0.35 kg,ko,5.9,16.86,,5.9,5.9,3857500074133,HRANA
MLIJEKO OLEA SPF15 SPRAY 200ml,90360495,OLEA,0.20 l,ko,5.99,29.95,,5.99,5.99,3850334153838,KOZMETIKA
BOMBON PEZ DEKSTROZA ROLLS 39g,90361209,PEZ,0.04 kg,ko,0.99,25.38,,0.99,0.99,9044400806306,HRANA
KREMA NOĆ OLEA HYDRATING 50ml,90362335,OLEA,0.05 l,ko,,53,2.65,3.35,3.35,3850334150707,KOZMETIKA
STICK OLD SPICE AP CAPT 70ml,90362382,OLD SPICE,0.07 l,ko,4.99,71.29,,4.99,4.99,8001090999153,KOZMETIKA
GEL TUŠ OLD SPICE CAPTAIN 400ml,90362390,OLD SPICE,0.40 l,ko,,9.35,3.74,4.99,4.99,8700216859820,KOZMETIKA
KEKS FINESSE ČAJNO PECIVO 800g,90373352,FINESSE,0.80 kg,ko,2.59,3.24,,2.59,2.59,3850334152398,HRANA
PIZZA FELICIANA PRŠUT PESTO 360g,90380034,DR OETKER,0.36 kg,ko,4.29,11.92,,4.29,4.29,5900437007113,HRANA
KAŠ HIPP BIO JAB I BAN S KEKS 100g,90385454,HIPP,0.10 kg,ko,1.35,13.5,,1.05,1.35,9062300133728,HRANA
OSLIĆ FILET OCEAN 500g,90385838,OCEAN,0.50 kg,ko,4.99,9.98,,3.99,4.99,3838900844953,HRANA
TIJESTO PAPPARDELLE S JAJIMA 250g AGNESI,90403784,AGNESI,0.25 kg,ko,1.5,6,,1.5,1.5,8001200045978,HRANA
VOĆNI NAMAZ OD MARELICE 300gr BOKUN,90403915,BOKUN,0.30 kg,ko,4.19,13.97,,4.19,4.19,3859891224098,HRANA
VAFL MANNER ČOKOLADA 200g,90403942,MANNER,0.20 kg,ko,2.25,11.25,,2.25,2.25,9000331627212,HRANA
PRALINE MOZART KUGLE  297g,90403949,MANNER,0.30 kg,ko,5.39,18.15,,4.04,5.39,9001508084920,HRANA
JADRANSKA LOKARDA ADRIA MARE 1KG,90404188,ADRIA MARE,1.00 kg,ko,3.49,3.49,,2.99,3.49,3850334131447,HRANA
GURMANSKA MJEŠAVINA 150 grama,90405027,KORA,0.15 kg,ko,1.29,8.59,,1.29,1.29,3858893250531,HRANA
ČEŠNJAK U GRANULAMA 860g  KOTANYI,90405968,KOTANYI,0.86 kg,ko,23.51,27.34,,23.51,23.51,9001414024348,HRANA
DET DAX GEL COLOR 2L=27PRANJA,90407502,DAX,2.00 l,ko,3.85,1.93,,3.85,3.85,3850334132529,SREDSTVA ZA ČIŠĆENJE
SIR  POLUTV KOZJI CAPRA DOM,90408975,CAPRA DOMESTICA,1.00 kg,kg,31.85,31.85,,31.85,31.85,,HRANA
SRED LABPRO ZA DEZINFEKCIJU RUKU 100ml,90410982,LABPRO,0.10 l,ko,1.85,18.5,,1.85,1.85,3850111755187,KOZMETIKA
REZANCI ŠIROKI 400g LAURA PTO,90412464,LAURA,0.40 kg,ko,2.15,5.38,,2.15,2.15,3859893592003,HRANA
REZANCI 400g LAURA PTO,90412465,LAURA,0.40 kg,ko,2.15,5.38,,2.15,2.15,3859893592010,HRANA
ČETKICA ELM ULT SOFT DUOPA,90424577,ELMEX,1.00 ko,ko,,6.89,6.89,9.19,9.19,8718951188235,KOZMETIKA
SAPUN ČVRSTI NIVEA MILK 90g,90424777,NIVEA,0.09 kg,ko,1.19,13.22,,1.19,1.19,4005808176533,KOZMETIKA
UMAK PESTO ALLA GENOVESE VERDE POLLI 190g,90453071,POLLI,0.19 kg,ko,2.92,15.37,,2.92,2.92,8001310810626,HRANA
FILET ORADE 100/140 FIORITAL,90453718,FIORITAL,1.00 kg,kg,16.89,16.89,,10.13,16.89,93856024302916,HRANA
GLAVA ZAMJ ORAL B ZA EL ČETK KIDS FR 4 KOM,90453728,ORAL B,4.00 ko,ko,,3.7,14.79,21.25,21.25,4210201385233,KOZMETIKA
PIĆE GAZ PARTY TONIC 1.5L,90468064,PARTY,1.50 l,ko,1.09,0.73,,1.09,1.09,3850334387165,PIĆE
ZAČIN GRILL MARINADA PIKANT 75g VEGETA,90484194,VEGETA,0.08 kg,ko,1.29,17.2,,0.99,1.29,3856020246532,HRANA
 VINO PLAVAC PALIH SELEK VRH 0.75l,90484948,VINA PALIHNIĆ,0.75 l,ko,8.29,11.05,,7.95,7.95,3859892911430,PIĆE
OM VIOLETA PARADISE 900ml,90486460,VIOLETA,0.90 l,ko,2.65,2.94,,2.65,2.65,3870128026087,SREDSTVA ZA ČIŠĆENJE
SLAD GELATISSIMO KOR BILLIO 4X110 ml,90884877,GELATISSIMO,0.44 l,ko,3.99,9.07,,2.59,3.99,3838900828366,HRANA
SLADOLED ALGIDA CLASSIC MIX 482 ml,90886470,UNILEVER,0.48 l,ko,6.59,13.67,,5.49,6.59,8711327676671,HRANA
JABUKA TESSA ,90886566,,1.00 kg,kg,2.39,2.39,,2.39,2.39,3856028689904,HRANA
DIMLJENA ROLANA LOPATICA VP (CIJELA),90886825,PODRAVKA,1.00 kg,kg,5.99,5.99,,5.99,5.99,3858886460473,HRANA
ČOKOLADA MILKA CIJELI LJEŠNJAK 250 g,90899853,MILKA,0.25 kg,ko,6.79,27.16,,3.99,3.99,7622202273919,HRANA
SIR POLUTV EDAMAC 400g ZDENKA,02055618,ZDENKA,0.40 kg,ko,5.79,14.48,,5.79,5.79,3858888590475,HRANA
ORADA I SVJ OČIŠ CROMARIS,02198796,,1.00 kg,kg,11.29,11.29,,6.77,11.29,3859891926855,HRANA
PJENUŠAC HENKEL TROCKEN 0.2L,03030133,HENKELL TROC,0.20 l,ko,4.29,21.45,,4.29,4.29,4003310012363,PIĆE
NOKTARICA TC VELIKA   7026,06622214,TOP CHOICE,1.00 ko,ko,1.79,1.79,,1.79,1.79,5905710007026,KOZMETIKA
ŠEĆER SMEĐI 400g BAYANDO,90039657,BAYANDO,0.40 kg,ko,1.79,4.48,,1.16,1.79,3859892259273,HRANA
ŠAMPON FRUCTIS GOODBYE D 250ML,90064620,GARNIER FRUCTIS,0.25 l,ko,,9.76,2.44,3.29,3.49,3600541309081,KOZMETIKA
SJEMENKA BUNDEVE JEZG PRŽ SL 80g,90070591,EUROCOMPANY,0.08 kg,ko,1.46,18.25,,1.46,1.46,3872084004086,HRANA
KUKURUZ KUHANI 400 grama,90072051,,0.40 kg,ko,2.19,5.48,,2.19,2.19,3850334357427,HRANA
TUNA CIJELA MEDUZA,90174324,,1.00 kg,kg,15.59,15.59,,9.35,15.59,,HRANA
JOGURT DANONE KIDS TOPER 2X110G,90231002,DANONINO,0.22 kg,ko,1.99,9.05,,1.99,1.99,8713788121936,HRANA
CAPP ANAMARIA RUM KOKOS 200g VR,90231809,ANAMARIA,0.20 kg,ko,2.49,12.45,,2.19,2.49,3858881774919,HRANA
VODICA MICELARNA NIVEA 400ml,90260602,NIVEA,0.40 l,ko,,14.98,5.99,8.69,8.69,9005800273464,KOZMETIKA
SIR MEKI CAMEMBERT SA ŠAR PAP 100G VINDIJA,90263152,Z BREGOV,0.10 kg,ko,2.69,26.9,,2.69,2.69,3850108051919,HRANA
ŠUNKA PEČENA PIK,90270450,PIK VRBOVEC,1.00 kg,kg,15.99,15.99,,15.99,15.99,3850139350364,HRANA
KRUŠNE MRVICE 500g MOJ  KRUH,90291530,,0.50 kg,ko,1.27,2.54,,1.27,1.27,3859892992026,HRANA
WC GEL DAX CITRUS 1L,90307565,DAX,1.00 l,ko,1.64,1.64,,1.64,1.64,3850334350770,SREDSTVA ZA ČIŠĆENJE
VITA VEGGIES STICKS SIR-KRUMPIR 80G,90672820,VITAKRAFT,0.08 kg,ko,3.19,39.88,,3.19,3.19,4008239587305,PROIZVODI ZA KUĆANSTVO
KITTY SM RIBA 2KG,90674236,KITTY,2.00 kg,ko,3.45,1.73,,2.49,3.45,3850334010933,PROIZVODI ZA KUĆANSTVO
FROZEN ELSA II GEL 400 ML,90674627,AIR VAL,0.40 l,ko,4.95,12.38,,4.95,4.95,8411114090498,KOZMETIKA
KEKS PROT BRUS VAN BG BŠ 50g FRANK&OLI,90674922,FRANK&OLI,0.05 kg,ko,,23.8,1.19,1.59,1.59,5900316552192,HRANA
KEKS PETIT BEURRE BG 175g BALVITEN,90675398,BALVITEN,0.18 kg,ko,,10.23,1.79,2.25,2.25,5907653105197,HRANA
SLAD MACHO SANDWICH KIKIRIKI 129ml,90704269,MACHO,0.13 l,ko,2,15.5,,2,2,3850116056685,HRANA
KEKS PLAZMA PLUS ČOKOLADA 135g,90705000,BAMBI,0.14 kg,ko,1.49,11.04,,1.49,1.49,8600043026320,HRANA
JUHA BOGATA S LEĆOM 75g PODRAVKA,90484488,PODRAVKA,0.08 kg,ko,1.49,19.87,,1.09,1.49,3856020247409,HRANA
VINO PLAVAC DONJA BANDA 0.75L ,90484958,PZ POSTUP,0.75 l,ko,7.39,9.85,,7.39,7.39,3859893014703,PIĆE
SLAD KING OBSESSION 100ml LEDO,90485069,KING,0.10 l,ko,2.79,27.9,,2.79,2.79,3850116037073,HRANA
SLAD LEDO M12 PARTY TIME 12X65ml,90486035,LEDO,0.78 l,ko,5.99,7.68,,5.99,5.99,3850116036892,HRANA
GRAH SMEĐI NA PARI 310/250g BONDUELLE,90493845,BONDUELLE,0.25 kg,ko,1.75,7,,1.23,1.75,3083681003925,HRANA
KAVA STARB CAFFE LATTE DG 12/1 121.2g ,90494007,STARBUCKS,0.12 kg,ko,6.49,53.55,,5.29,6.49,7613287009647,HRANA
SJEMENKE BUNDEVE HRUSTY SUHO PRŽENE 200g,90553587,HRUSTY,0.20 kg,ko,1.89,9.45,,1.89,1.89,3838900988084,HRANA
SPECIAL DOG EX MP SVJ PURET 150g,90572801,SPECIAL DOG EXCELLENCE,0.15 kg,ko,1.59,10.6,,1.11,1.59,8009470008655,PROIZVODI ZA KUĆANSTVO
MED BAGREM 250g APIMEL,90573193,APIMEL,0.25 kg,ko,3.29,13.16,,3.29,3.29,3859888851030,HRANA
BISKVIT MUFFINS DUPLA ČOK 60g QUICKIE,90582801,QUICKIE,0.06 kg,ko,0.6,10,,0.6,0.6,3872324000984,HRANA
BRANCIN XXL TOTAL FISH,90587744,TOTAL,1.00 kg,kg,18.19,18.19,,10.91,18.19,,HRANA
VOSAK SYOSS MAX HOLD 150ml,90598495,SYOSS,0.15 l,ko,,32.6,4.89,4.89,4.89,9000101681543,KOZMETIKA
KEKS OREO RASPBERRY&VANILLA 157g,90599708,OREO,0.16 kg,ko,,10.13,1.59,1.59,2.19,7622201505059,HRANA
RIŽA VENERE 500g SCOTTI,90599803,RISO SCOTTI,0.50 kg,ko,3.39,6.78,,3.39,3.39,8001860187735,HRANA
BOMBONI MR TWISTER KISELI CRVI 200g,90600626,MR TWISTER,0.20 kg,ko,1.39,6.95,,1.39,1.39,3850334413130,HRANA
KRPA SPUŽV ANTIBAK SPONTEX 3/1,90603294,SPONTEX,1.00 ko,ko,1,1,,1,1,9001378424871,PROIZVODI ZA KUĆANSTVO
LIZALICA ORIGINAL GOURMET 31g,90617888,GOURMET,0.03 kg,ko,0.99,31.94,,0.99,0.99,8681076000006,HRANA
ALTROKE BURGER 100% JUNETINA 150g VP ,90633031,ALTROKE,0.15 kg,ko,2.65,17.67,,1.67,2.65,3858894290505,HRANA
MAJONEZA 85g VREĆ PVC ZVIJEZDA,90648352,ZVIJEZDA,0.09 kg,ko,1.09,12.8,,0.85,0.85,3856015325228,HRANA
BRIJAČ JEDNOK WILK EXT II BEAUTY 7/1,90648848,WILKINSON,1.00 ko,ko,,3.25,3.25,4.65,4.65,4027800576159,KOZMETIKA
RAMA CLASSIC 225g,90649518,RAMA,0.23 kg,ko,1.25,5.56,,1.25,1.25,8719200239883,HRANA
OM ORNEL GOLD DREAM 800ml,90662864,ORNEL,0.80 l,ko,2.95,3.69,,1.99,2.95,3850105181893,SREDSTVA ZA ČIŠĆENJE
MJEŠAVINA BULGUR I TIKVICA 350g,90669492,LEDO,0.35 kg,ko,2.99,8.55,,2.99,2.99,3850116057743,HRANA
BUČINO ULJE HLAD PREŠ 250ml GRANA,90669593,LETIFICO,0.25 l,ko,9.29,37.16,,9.29,9.29,3859893457524,HRANA
LIGNJA PATAGON TUBA I KR WOFCO 360g,90672963,WOFCO,0.36 kg,ko,5.49,15.26,,3.99,5.49,8436565915695,HRANA
SPUŽVICA EXPR CLEAN ODSTR MRLJA 2/1,90673126,REKORD TIM,2.00 ko,ko,1.59,0.8,,1.59,1.59,3859888122208,PROIZVODI ZA KUĆANSTVO
ČOKOLADA MLIJ PROT 80g NO GUILT,90674409,NO GUILT,0.08 kg,ko,4.39,54.88,,4.39,4.39,3856024804257,HRANA
SRDELA SVJEŽA BG 400g MAP ,90675203,KONZUM,0.40 kg,ko,2.39,5.98,,1.43,2.39,3856023604599,HRANA
KEKS NUTELLA TUBA 166g,90682955,FERRERO,0.17 kg,ko,3.09,18.61,,3.09,3.09,8000500310397,HRANA
MJEŠ ZAČ ZA KRUMPIR Q&E 30g KOTANYI,90698134,KOTANYI,0.03 kg,ko,0.98,32.67,,0.98,0.98,9001414237205,HRANA
MEKSIČKI MIX GOLD 265g BONDUELLE,90698203,BONDUELLE,0.27 kg,ko,2.09,7.89,,1.49,2.09,3083681152333,HRANA
MJEŠ ZAČ ŠPAGETI CARBONARA 37g MAGGI,90703099,MAGGI,0.04 kg,ko,1.49,40.27,,1.49,1.49,7613287123770,HRANA
SIRUP K PLUS JABUKA BAZGA 1L,90703460,K PLUS,1.00 l,ko,2.55,2.55,,2.55,2.55,3850334044280,PIĆE
RAKIJA LOZA BARRIQUE KORLAT 0.7L,90704421,KORLAT,0.70 l,ko,24.05,34.36,,24.05,24.05,3850112122483,PIĆE
ČIPS CRUNCHIPS X CUT PAPRIKA 130g,90705476,LORENZ,0.13 kg,ko,2.25,17.31,,1.89,2.25,4018077005411,HRANA
STUDENTSKI MIX FAMILY PACK EC 300g,90705629,EUROCOMPANY,0.30 kg,ko,3.49,11.63,,2.24,3.49,3872084014368,HRANA
NAPITAK MONSTER KHAOTIC 0.5L,90707628,MONSTER,0.50 l,ko,1.95,3.9,,1.95,1.95,5060947544185,PIĆE
MUESLI GRANOLA FUN&FIT ORAŠ PLOD 330g,90726760,FUN&FIT,0.25 kg,ko,3.99,15.96,,3.99,3.99,8606015857220,HRANA
DUST STAR PREMIUM KRPA 30x30cm,90732215,REKORD TIM,1.00 ko,ko,2.99,2.99,,2.99,2.99,3858882680158,PROIZVODI ZA KUĆANSTVO
MUESLI CRUNCHY STRAWBERRY/ALMOND300g,90739722,DOBRA,0.30 kg,ko,3.99,13.3,,3.99,3.99,8595054907921,HRANA
DET PERWOLL CAPS BLACK 35TAB,90745030,PERWOLL,35.00 ko,ko,,0.33,11.49,11.49,11.49,9000101811544,SREDSTVA ZA ČIŠĆENJE
KOBASICA K PLUS DOMAĆA 300g,90745033,K PLUS,0.30 kg,ko,,8.3,2.49,3.49,3.49,3850334099242,HRANA
VODA NEGAZIRANA CETINA 7 L,90754669,CETINA,7.00 l,ko,1.69,0.24,,1.69,1.69,3859890129974,PIĆE
TP DAISY 100L 3SL 10/1,90754759,DAISY,10.00 ko,ko,2.25,0.23,,2.25,2.25,3850334103871,TOALETNE POTREPŠTINE
ŠAMPON HERBAL ESSENCES ORANGE 350 ml,90771272,HERBAL ESSENCES,0.35 l,ko,6.19,17.69,,6.19,6.19,8700216210713,KOZMETIKA
ŠUNKA DOMAĆA DELIK FIT&FINA 100g NAR,90706898,PODRAVKA,0.10 kg,ko,2.39,23.9,,2.39,2.39,3856020248697,HRANA
ULJE MASLINOVO EX DJEV 1L FARCHIONI,90715072,FARCHIONI,1.00 l,ko,10.99,10.99,,8.99,11.99,8007153005434,HRANA
TAMARILLO 180 grama,90715108,KONZUM,0.18 ko,ko,3.49,19.39,,3.49,3.49,3859891295081,HRANA
VINO MINUTY PRESTIGE ROUGE 0.75L ,90730942,MINUTY,0.75 l,ko,20,26.67,,20,20,3547103210006,PIĆE
BOMBON KIS TRAKE RAINBOW 9g VIDAL,90732117,VIDAL,0.01 kg,ko,0.19,21.11,,0.19,0.19,8413178163347,HRANA
TUNJ MASL ULJE 3X80/3X52g CALLIPO,90733303,CALLIPO,0.16 kg,ko,5,32.05,,5,5,8001561350858,HRANA
TIJESTO SPIRALE PIR 500g SIMPLY PASTA,90735122,SIMPLY PASTA,0.50 kg,ko,1.59,3.18,,1.29,1.59,3838900831960,HRANA
VINO GRAŠEVINA 3L PET,90750449,PROPAK,3.00 l,ko,5.25,1.75,,3.99,3.99,3859893667428,PIĆE
SLAD QUATTRO COLORI VOĆE 1500 ml,90764739,QUATTRO,1.50 l,ko,5.99,3.99,,5.99,5.99,3850116064321,HRANA
VINO PRIMITIVO LA CACCIATORA 0.75L,90770435,LA CACCIATORA,0.75 l,ko,7.09,9.45,,7.09,7.09,8004300250648,PIĆE
ŽV GUMA AIRW BLACK CURR BOČ  64 g,90770769,WRIGLEY,0.06 kg,ko,3.69,57.66,,3.69,3.69,4009900550499,HRANA
SIR POLUTV CHEDDAR 150 g VINDIJA,90799985,VINDIJA SIREVI,0.15 kg,ko,2.99,19.93,,2.99,2.99,3850108057911,HRANA
KRUH SMEĐI PAN BAULET BG 300 g NUTRIFREE,90825930,NUTRIFREE,0.30 kg,ko,3.89,12.97,,3.89,3.89,8008696032468,HRANA
DESERT MILKA LJEŠ KREMA/KEKS 46g,90829848,MILKA,0.05 kg,ko,1.35,29.35,,1.35,1.35,7622202241826,HRANA
BOŽIĆNA POKLON KUT S RUČKOM 368g,90830253,FILIR,0.37 kg,ko,4.49,12.2,,4.49,4.49,3858891165790,HRANA
NAPITAK ČOKO NOISETTE 250 ml MILKA,90830447,MILKA,0.25 l,ko,1.55,6.2,,1.55,1.55,5711953190117,HRANA
NAMAZ PROTEIN ZOE HAZEL COCOA 200 g,90839768,POLLEO,0.20 kg,ko,5.99,29.95,,5.99,5.99,3856026711454,HRANA
MLIJEKO ZAMJ NAN 3 OPTIPRO 2X600 g ,90854753,NAN,1.20 kg,ko,19.99,16.66,,19.99,19.99,7613287424099,HRANA
KAVA ESPRES INTENSO DG 10/1 80 g BAR,90874744,BARCAFFE,0.08 kg,ko,3.98,49.75,,3.98,3.98,3838471057073,HRANA
ČOKO JAJE LICENCA 40 g DOLCI PREZIOS,90874926,DOLCI PREZIOSI,0.04 kg,ko,0.7,17.5,,0.7,1,8030769037452,HRANA
SVJEŽI PILEĆI FILE,90880096,MUNSTERLANDER,1.00 kg,kg,5.29,5.29,,5.29,5.29,5907696473178,HRANA
ČOKOLADA TAMNA 70% MENTA 100 g VALOR,90880104,VALOR,0.10 kg,ko,2.99,29.9,,1.99,2.99,8410109050530,HRANA
KREMA TAFT ALOE 100 ml,90885544,TAFT,0.10 l,ko,,47.9,4.79,5.99,5.99,9000101744286,KOZMETIKA
LIP BALM MELEM KIKI TUTTI FRUT 4.5 g,90885701,MELEM,0.01 kg,ko,,731.11,3.29,2.79,3.89,3856007912726,KOZMETIKA
SLAD MACHO BANANA CRUNCH 75 ml LEDO,90885989,LEDO,0.08 l,ko,1.99,26.53,,1.99,1.99,3850116065977,HRANA
WC NET INTENSE LAVANDER 750 ml,90887094,WC NET,0.75 l,ko,3.45,4.6,,3.45,3.45,8004050036837,SREDSTVA ZA ČIŠĆENJE
ŠTRUDLICE PREKRAŠNI ŠLJIVA 200 g,90887177,PREKRAŠNI ŠTRUDLICE,0.20 kg,ko,1.99,9.95,,1.39,1.39,3850120700376,HRANA
MILKA USKRŠNJI ZEC,90889889,MILKA,0.10 kg,ko,6.99,69.9,,6.99,6.99,6425676018519,HRANA
DET PERWOLL BLOSSOM 2 L=40PR,90890171,PERWOLL,2.00 l,ko,12.99,6.5,,12.99,12.99,9000101808476,SREDSTVA ZA ČIŠĆENJE
SOL HIMAL SIT JODIR 1 kg NUTRIGOLD,90890339,NUTRIGOLD,1.00 kg,ko,2.19,2.19,,2.19,2.19,3858891970035,HRANA
DET OSJ VIOLETA COLOR 2X2.7 L,90890410,VIOLETA,1.00 ko,ko,7.99,7.99,,7.99,7.99,3870128040434,SREDSTVA ZA ČIŠĆENJE
DOMESTOS TB ORIGINAL 750 ml,90895382,DOMESTOS,0.75 l,ko,2.99,3.99,,2.99,2.99,8720181621475,SREDSTVA ZA ČIŠĆENJE
PERLICE LENOR GOLD ORCHID 495 g,90904706,LENOR,0.50 kg,ko,16.99,34.32,,16.99,16.99,8700216704809,SREDSTVA ZA ČIŠĆENJE
GLJIVA BUKOVAČA LIST 300 grama,01404940,,0.30 kg,ko,2.49,8.3,,2.49,2.49,3850334208859,HRANA
DŽEM MARELICA 340g SCHWARTAU,01464006,SCHWARTAU,0.34 kg,ko,5.04,14.82,,5.04,5.04,4011800840310,HRANA
KEČAP BLAGI 1000g ZVIJEZDA,01490072,ZVIJEZDA,1.00 kg,ko,2.79,2.79,,2.49,2.79,3858882210881,HRANA
TORTILLA 8X20CM 320g LA FIESTA,01490634,LA FIESTA,0.32 kg,ko,2.75,8.59,,2.75,2.75,5412514934989,HRANA
VRBOVEČKA KOBASICA NAR 100g PIK,02018178,PIK,0.10 kg,ko,2.85,28.5,,2.19,2.19,3850139010466,HRANA
PARIŠKA KOBASICA  GAVRILOVIĆ,02044254,GAVRILOVIĆ,1.00 kg,kg,10.19,10.19,,10.19,10.19,3858881229082,HRANA
SIR POLUTV TRAPIST PAŠKA SIRANA,02053288,PAŠKA SIRANA,1.00 kg,kg,19.99,19.99,,19.99,19.99,3859889426046,HRANA
SIR POLUTV DIMSI 400g DUKAT,02055422,PRESIDENT,0.40 kg,ko,,10.48,4.19,4.19,5.19,3850355007288,HRANA
BAKALAR NA BIJELO 90g ALDEN,02190378,ALDEN,0.09 kg,ko,2.12,23.56,,2.12,2.12,3859891792016,HRANA
RAŽA I SVJ CENTAURUS,02197748,,1.00 kg,kg,4.49,4.49,,2.69,4.49,,HRANA
MLIJEKO ACIDOFILNO 3.2%MM 200g VINDI,02330940,Z BREGOV,0.20 kg,ko,0.75,3.75,,0.75,0.75,3850108032253,HRANA
UMAK OD ŠAMPINJONA 200g DUKAT,02331189,BRZO&FINO,0.20 l,ko,2.09,10.45,,2.09,2.09,3850354017431,HRANA
JOGURT ACTIMEL VOĆNI 4X100g,02334152,ACTIMEL,0.40 kg,ko,2.49,6.23,,1.99,2.49,5997536112558,HRANA
SIR MEKI MOZZAR K PLUS 100g,02398939,K PLUS,0.10 kg,ko,1.05,10.5,,0.89,1.05,3850334000781,HRANA
LIKER PELINKOVAC GORKI 1L 31% BADEL,03070354,BADEL 1862,1.00 l,ko,16.05,16.05,,16.05,16.05,3850112110039,PIĆE
PIVO KARLOVAČKO LIMUN 0.5L LIM,03130786,KARLOVAČKO,0.50 l,ko,1.59,3.18,,1.59,1.59,3850103002190,PIĆE
GAZ PIĆE SCHWEPPES BITT LEM 1.5L,03163119,SCHWEPPES,1.50 l,ko,2.25,1.5,,2.25,2.25,5449000044709,PIĆE
GAZ PIĆE COCA COLA 0.5L PET,03163478,COCA COLA,0.50 l,ko,1.15,2.3,,1.15,1.15,54491472,PIĆE
MIN VODA JAMNICA 1L PB,03180561,JAMNICA,1.00 l,ko,0.69,0.69,,0.69,0.69,3859888152014,PIĆE
KAVA ARABESCA MINAS MLJEVENA 250g,04079507,ARABESCA,0.25 kg,ko,5.49,21.96,,5.49,5.49,3859889500043,HRANA
ĐUMBIR KOCKA GARDEN GOOD 180g,90363737,GARDEN GOOD,0.18 kg,ko,1.99,11.06,,1.49,1.99,3838900958469,HRANA
PROSERIES ZERO SAUCE 425ml CEASAR,90364394,POLLEO,0.43 l,ko,5.49,12.92,,5.49,5.49,3858892292778,HRANA
DET LIKVI ULTRA FRESH 900ml,90369960,LIKVI,0.90 l,ko,2.52,2.8,,1.89,2.52,3850105170286,SREDSTVA ZA ČIŠĆENJE
NAPITAK RIŽA KOKOS 1L BIO ZONE,90402151,BIO ZONE,1.00 l,ko,2.25,2.25,,1.59,2.25,3850334129499,HRANA
DN UL CAREFREE FLEXI WHITE 56/1,90402172,CAREFREE,55.99 ko,ko,,0.05,2.67,3.35,3.35,3574661552576,TOALETNE POTREPŠTINE
SMOKVA VOĆNI LIKER NATURA ANTUNOVIC 0.5l,90404166,NATURA ANTUNOVIC,0.50 l,ko,15.39,30.78,,15.39,15.39,3858890745030,PIĆE
LOVOROV LIST 20g (400ML) KOTANYI,90405961,KOTANYI,0.02 kg,ko,4.29,214.5,,3.99,4.29,9001414573532,HRANA
RAJČICA PELAT BIO 400g PODRAVKA,90406307,PODRAVKA,0.24 kg,ko,2.52,10.5,,2.52,2.52,3856020235987,HRANA
PECIVO SA SJEMENKAMA 5/1 250g MLINAR,90406410,MLINAR,0.25 kg,ko,1.45,5.8,,1.15,1.15,3858881126046,HRANA
PECIVO BIJELO 5/1 250g MLINAR,90406415,MLINAR,0.25 kg,ko,1.45,5.8,,1.15,1.15,3858881122741,HRANA
KNEDLE SA ŠLJIVAMA MINUTE 1000g,90425459,MINUTE,1.00 kg,ko,2.39,2.39,,2.01,2.01,3850334234124,HRANA
KULEN NAR 100G MA PIK,90240711,PIK VRBOVEC,0.10 kg,ko,2.79,27.9,,2.19,2.19,3850139012132,HRANA
NEG PIĆE COCKTAIL NAR JAB 2L,90270323,VINDI,2.00 l,ko,1.99,1,,1.99,1.99,3850108072808,PIĆE
SV ČMT BEZ KOŽE PAK PIK,90279936,PIK VRBOVEC,1.00 kg,kg,4.19,4.19,,2.93,4.19,3850139540666,HRANA
SV VRAT SK MHF,90283090,PIK VRBOVEC,1.00 kg,kg,,4.39,4.39,4.29,5.95,3850139523379,HRANA
NJOKI 500g KARLA,90290452,KARLA,0.50 kg,ko,2.15,4.3,,2.15,2.15,3858881505643,HRANA
BOJA COLOR SENSATION 7.40 BAKRENO SVIJETLA,90299257,GARNIER COL SENSATION,1.00 ko,ko,,3.99,3.99,4.99,5.29,3600541975156,KOZMETIKA
RIŽA PARBOILED DZ ZLATO POLJE  800g,90302219,ZLATO POLJE,0.80 kg,ko,3.49,4.36,,2.39,3.49,3838700540383,HRANA
EXOTIC MIX VEDRINI 400g,90319462,VEDRINI,0.40 kg,ko,3.89,9.73,,3.89,3.89,3859890630791,HRANA
LINZER VIŠNJA 500g K PLUS,90320621,K PLUS,0.50 kg,ko,3.99,7.98,,3.99,3.99,3850334325860,HRANA
ZP SENSOD FLUOR DUO PACK 75ml X2,90324878,SENSODYNE,0.15 l,ko,4.99,33.27,,4.99,4.99,5054563078124,KOZMETIKA
KEKS NASCONDINI 330G BARILLA,90325499,BARILLA,0.33 kg,ko,4.59,13.91,,3.44,4.59,8076809580618,HRANA
NAMAZ PROTEIN WHITE CHOCOLATE 200g,90340915,POLLEO,0.20 kg,ko,5.99,29.95,,5.99,5.99,3858892290071,HRANA
SET AFRODITA BOUQUET OF FLOWERS,90342683,AFRODITA,1.00 ko,ko,8.99,8.99,,8.99,8.99,3831070651796,KOZMETIKA
CROISSANT 7DAYS MIDI LJEŠNJAK COOKIE 60g,90360281,CHIPITA,0.06 kg,ko,0.86,14.33,,0.65,0.86,7622201392055,HRANA
TARTUFATA SPECIAL MOMENTS 100g ZIGANTE,90364949,SPECIAL MOMENTS,0.10 kg,ko,7.96,79.6,,6.99,7.96,3850334383822,HRANA
ULJE MASLINOVO BIO 0.75L BIO ZONE,90389254,BIO ZONE,0.75 l,ko,8.99,11.99,,8.99,8.99,3850334010995,HRANA
ROLADA MESNA S POVRĆEM 500g RAVY,90401079,RAVY,0.50 kg,ko,1.4,2.8,,0.98,1.4,8595024893070,HRANA
BRIJAČ GILL BLUE3  6+2KOM LIGA PRVAKA,90402225,GILLETTE,8.00 ko,ko,,1.12,8.92,8.89,10.98,7702018531783,KOZMETIKA
DET WOOLITE COLOR 3.6L,90404567,WOOLITE,3.60 l,ko,10,2.78,,10,10,5900627090512,SREDSTVA ZA ČIŠĆENJE
MLIJEKO ZAMJ HIPP 1 COMBIOTIK 600g,90406098,HIPP,0.60 kg,ko,14.69,24.48,,14.69,14.69,4062300398900,HRANA
ČAJ KADULJA 45g NATURAVITA,90407186,NATURAVITA,0.05 kg,ko,1.69,37.56,,1.69,1.69,3858884092072,HRANA
KEKS FINESSE SENDVIČ VANILIJA 500g,90410351,FINESSE,0.50 kg,ko,1.99,3.98,,1.69,1.99,3850334190161,HRANA
BOJA COL NAT 5.12 GLAC BROWN,90423458,GARNIER COL NATURALS,1.00 ko,ko,,3.69,3.69,4.99,4.99,3600542335577,KOZMETIKA
VINO PINOT GRIGIO FREIXENET 0.75L,90424811,FREIXENET,0.75 l,ko,10.05,13.4,,10.05,10.05,8410036808433,PIĆE
SABLJARKA RZ KOMIŽA,90428171,RZ KOMIŽA,1.00 kg,kg,17.19,17.19,,10.31,17.19,,HRANA
COCKTAIL RTD BATIDA ANANAS 0.25L,90484921,BATIDA,0.25 l,ko,2.99,11.96,,2.99,2.99,4003310018181,PIĆE
UMAK LJUTI ORIGINAL 100ml VRABASCO,90485523,VRABASCO,0.10 l,ko,5.49,54.9,,5.49,5.49,3858893750192,HRANA
PROTEINSKI NAPITAK VANILIJA 0.5L VI,90513945,Z BREGOV,0.50 l,ko,,3.98,1.99,2.55,2.55,3850108023701,HRANA
VINO PLAVAC TERRA VINEA 0.75L,90528182,TERRA VINEA,0.75 l,ko,3.99,5.32,,3.99,3.99,3850334519597,PIĆE
KAVA NOTA ESPRESSO DG 16/1 112g FRANCK,90569644,FRANCK NOTA,0.11 kg,ko,5.99,53.48,,5.99,5.99,3850291053011,HRANA
PUDING ČOKOLADA HI PROTEIN 35g DOLCELA ,90571101,DOLCELA,0.04 kg,ko,0.99,28.29,,0.99,0.99,3856020249168,HRANA
SAPUN LAHOR NATURAL 80g,90571745,LAHOR,0.08 kg,ko,0.89,11.13,,0.89,0.89,3850105177049,KOZMETIKA
DET ECOVER COLOR 1L=20PR,90600489,ECOVER,1.00 l,ko,8.79,8.79,,6.79,8.49,5000204246643,SREDSTVA ZA ČIŠĆENJE
JUNEĆI VRAT BEZ KOSTI LOVRIĆ,90648698,LOVRIĆ,1.00 kg,kg,8.99,8.99,,8.99,8.99,,HRANA
ŠTRUDLA SMOKVA 250g LASTA,90662934,LASTA,0.25 kg,ko,2.39,9.56,,2.39,2.39,3870128029941,HRANA
MASLINE K PLUS ZELENE 350g/200g,90670319,K PLUS,0.20 kg,ko,,6.95,1.39,1.75,1.75,3850334021120,HRANA
NAPITAK ISO SPORT LIMUN GREJP NEG. 1.5L,90672908,ISO SPORT,1.50 l,ko,2.55,1.7,,1.99,2.55,3850108073171,PIĆE
MED CVJETNI 720g DOMED,90698377,DOMED OBRT,0.72 kg,ko,11.99,16.65,,11.99,11.99,3859893707094,HRANA
DET WEISSER RIE UNIV LOTUS 40tab,90698980,WEISSER RIESE,40.00 ko,ko,16.99,0.42,,10.99,16.99,9000101572872,SREDSTVA ZA ČIŠĆENJE
DN UL CAREFREE COTTON ALOE 56/1,90703687,CAREFREE,55.99 ko,ko,,0.05,2.67,3.35,3.35,3574661552804,TOALETNE POTREPŠTINE
LIKER ZWACK UNICUM 0.7L,90704534,ZWACK,0.70 l,ko,23.05,32.93,,23.05,23.05,5995099191720,PIĆE
PRSA PILEĆA S&F 400g PERUTNINA,90599053,SLIM&FIT,0.40 kg,ko,3.45,8.63,,3.45,3.45,3850220154055,HRANA
GIN MUSWELL HILL LONDON DRY 0.5L,90599948,ST NICOLAUS,0.50 l,ko,7.29,14.58,,7.29,7.29,8586019222920,PIĆE
TARTAR UMAK TUBA 180g THOMY,90602765,THOMY,0.18 kg,ko,2.49,13.83,,2.49,2.49,8445291315006,HRANA
MIX NESCAFE 3U1 CREAMY LATTE 10X15g VR,90607909,NESCAFE,0.15 kg,ko,2.99,19.93,,2.29,2.99,8445290099785,HRANA
ŠAMPON L'ANG ZA OŠTEĆ KOSU 750ml,90669819,L ANGELICA,0.75 l,ko,5.29,7.05,,5.29,5.29,8017331089484,KOZMETIKA
VODA VITAMIN OSHEE VIT. I MIN. 0.25L,90673628,OSHEE,0.25 l,ko,1.29,5.16,,1.25,1.25,5908260257262,PIĆE
STICK NIVEA Ž PEARL&BEAUTY 50ml,90699010,NIVEA,0.05 l,ko,,79.8,3.99,3.99,3.99,9005800352299,KOZMETIKA
ROLL ON REXONA W BIORHYTHM 50ml,90702726,REXONA,0.05 l,ko,3,60,,3,3,59095613,KOZMETIKA
SLAD MOCHI MANGO LITTLE MOONS 6x32g,90704576,LITTLE MOONS,0.19 kg,ko,6.99,36.41,,4.99,6.99,5027324001839,HRANA
MEDALJONI CVJETAČA CURRY O'PLANT 400g,90704583,O PLANT,0.40 kg,ko,3.99,9.98,,3.99,3.99,3856020261238,HRANA
PUDING ŠLA VANIL 175g FINESSE,90713935,FINESSE,0.18 kg,ko,0.39,2.23,,0.39,0.39,3850334043368,HRANA
ČOK MLIJEČ S JAGODOM 75g VRSNA,90731074,HRVATSKI VEZ,0.08 kg,ko,5.29,70.53,,5.29,5.29,3858892255780,HRANA
KOLAČ DONUTS CHOCO CREAM 3/1 75g JAFFA,90731267,JAFFA,0.08 kg,ko,0.99,13.2,,0.79,0.99,8600114010852,HRANA
SOK 100% VINDI DISNEY JABUKA 0.2L,90731575,VINDI,0.20 l,ko,0.75,3.75,,0.75,0.75,3850108075472,PIĆE
SKUŠA S POVRĆEM EVA 100g/70g,90732360,EVA,0.07 kg,ko,1.99,28.43,,1.99,1.99,3856020263065,HRANA
OM SILAN SUPREME BLOSSOM 1.012L,90744910,SILAN,1.01 l,ko,,2.76,2.79,2.79,2.79,9000101579758,SREDSTVA ZA ČIŠĆENJE
DET PERSIL GEL LAVENDER 3.6L=80PR,90744936,PERSIL,3.60 l,ko,18.99,5.27,,18.99,18.99,9000101598568,SREDSTVA ZA ČIŠĆENJE
DET PERSIL GEL SENSITIVE 0.90L=20PR,90745015,PERSIL,0.90 l,ko,5,5.56,,5,5,9000101805871,SREDSTVA ZA ČIŠĆENJE
KREMA ZA KOSU TAFT LOOK IRR P 100 ml,90749861,TAFT,0.10 l,ko,4,40,,4,4,9000101723625,KOZMETIKA
VINO PLAVAC MALI KV 0.75L PLANČIĆ ,90750391,PLANČIĆ,0.75 l,ko,11.05,14.73,,11.05,11.05,3859893847103,PIĆE
PECIVO ČAJNO TAM ČOK BŠ 200g DELICIA,90754815,DELICIA,0.20 kg,ko,3.69,18.45,,3.45,3.45,3859889106177,HRANA
PAN PILEĆI FILET SEZAM 500 g CEKIN,90764858,CEKIN,0.50 kg,ko,6.59,13.18,,6.29,6.29,3850159141201,HRANA
MASLINE ZELENE 300/170g SACLA,90765327,SACLA,0.17 kg,ko,3.19,18.76,,3.19,3.19,8001060001695,HRANA
LJUTA KOBASICA 250g PODRAVKA,90770482,PODRAVKA,0.25 kg,ko,6.49,25.96,,6.49,6.49,3856020271756,HRANA
CIDER SOMERBY 0.0% JAG LIM 0.33L NB,90770584,SOMERSBY,0.33 l,ko,1.65,5,,1.65,1.65,3858887584383,PIĆE
MILK SHAKE VANILIJA STAY STRONG 250 ml,90770860,STAY STRONG,0.25 l,ko,1.55,6.2,,1.55,1.55,8002580321171,HRANA
ŠAMPON H&S MENTHOL 500 ml,90771205,HEAD&SHOULDE,0.50 l,ko,8.29,16.58,,8.29,8.29,8700216158114,KOZMETIKA
GEL TUŠ OLD SPICE WHITEWATER 1 l,90775140,OLD SPICE,1.00 l,ko,12.49,12.49,,12.49,12.49,8006540818862,KOZMETIKA
MG MM GOV PATE 100 g,90775156,MIGLIOR,0.10 kg,ko,0.99,9.9,,0.99,0.99,8007520027380,PROIZVODI ZA KUĆANSTVO
LIP BALM MELEM VITAMIN CREAM 4.5 g,90775255,MELEM,0.00 kg,ko,,738.64,3.25,3.19,3.99,3856007911828,KOZMETIKA
ZP PHYTODENT PROTECT&SMILE 75 ml,90775602,PLIDENTA,0.08 l,ko,3.59,47.87,,2.49,3.59,3856007911798,KOZMETIKA
NEG PIĆE COLA NARANČA YIPPY 0.33 L PET,90784758,YIPPY,0.33 l,ko,1.39,4.21,,1.25,1.25,9008700238687,PIĆE
MLIJEKO OLIVAL SPF20 200 ml,90785083,OLIVAL,0.20 l,ko,9.99,49.95,,9.99,9.99,3858892694961,KOZMETIKA
SOMAT EXCELLENCE 4IN1 60TAB,90785396,SOMAT,60.02 ko,ko,,0.24,14.49,14.49,14.49,9000101808087,SREDSTVA ZA ČIŠĆENJE
PAPRIKA MIX BIO 400 g,90794969,HORTAMIRA,0.40 kg,ko,2.49,6.23,,2.49,2.69,3856028689102,HRANA
SOMAT GEL EXCELLENCE 2X810 ml,90795113,SOMAT,1.62 l,ko,16.49,10.18,,16.49,16.49,9000101819342,SREDSTVA ZA ČIŠĆENJE
TJESTENINA U VREĆICI PILETINA 121g MAGGI,90814898,MAGGI,0.12 kg,ko,3.19,26.36,,2.59,3.19,8585002442734,HRANA
SNACK VOĆ JAB/BAN/KEKS 180g NUTRINO,90825366,NUTRINO,0.18 kg,ko,1.89,10.5,,1.89,1.89,8606019651565,HRANA
NEKTAR VINDI DISNEY JABUKA 1 L,90826109,VINDI,1.00 l,ko,1.69,1.69,,1.69,1.69,3850108078190,PIĆE
SARDINA BIO MASL ULJE 100/70g MAR,90830108,MARDEŠIĆ,0.07 kg,ko,2.49,35.57,,2.49,2.49,3859891129096,HRANA
RAKIJA HR ST ŠLJIVOV  PREM SEL  0.7L,90484020,ŠLJIVOVICA,0.70 l,ko,22.05,31.5,,22.05,22.05,3850112121400,PIĆE
FANT ZA SLAV ČOB LJUT 90 g PODRAVKA,90484410,FANT,0.09 kg,ko,1.39,15.44,,1.39,1.39,3850104226786,HRANA
VINO ŽDREPČEVA KRV WHITE 1l,90484939,VIN ČOKA,1.00 l,ko,4.29,4.29,,3.39,4.29,8600102938649,PIĆE
LIKER BABA VISNJA 0.7L,90493272,BABA VIŠNJA,0.70 l,ko,12.09,17.27,,12.09,12.09,3877000183432,PIĆE
BOLERO CLASSIC LEDENI ČAJ BRESKVA 9g,90538122,BOLERO,0.01 kg,ko,0.89,98.89,,0.89,0.89,3800048203022,PIĆE
JOGURT TEK 2.8% M.M .330g PET KRAVICA,90570330,KRAVICA KRALJICA,0.33 kg,ko,1.35,4.09,,1.35,1.35,3856015324405,HRANA
KOLAČ MRAMORNI DULCETTI 400g,90573447,DULCETTI,0.40 kg,ko,2.49,6.23,,2.49,2.49,3838900805145,HRANA
BRANCIN 1000/1500 ŽUVELA,90573677,ŽUVELA,1.00 kg,kg,15.59,15.59,,9.35,15.59,,HRANA
PAHULJ ČOKO KUGLICE 250g ENCIAN,90592923,ENCIAN,0.25 kg,ko,2.69,10.76,,2.69,2.69,3858890104516,HRANA
RAJČICA PELAT 400g BIO ZONE ,90599657,BIO ZONE,0.40 kg,ko,1.29,3.23,,1.29,1.29,3838900807286,HRANA
FRISKIES SM LOSOS POVRĆE 1.5kg,90622910,FRISKIES,1.50 kg,ko,6.69,4.46,,6.69,6.69,7613033923562,PROIZVODI ZA KUĆANSTVO
MARAMICE DEZINF DAX KUCA 60/1,90648995,DAX,59.99 ko,ko,1.86,0.03,,1.86,1.86,3850334000828,SREDSTVA ZA ČIŠĆENJE
PIRE VOĆNI REFRESH BIO 200 g O PLANT,90780076,O PLANT,0.20 kg,ko,1.99,9.95,,1.59,1.99,3856020272548,HRANA
NEG PIĆE TOCO JABUKA RABARBARA 1.5L,90784810,TOCO,1.50 l,ko,1.69,1.13,,1.69,1.69,3856028501060,PIĆE
OM COCCOLINO KONC BLUE SPLASH 975 ml,90785305,COCCOLINO,0.98 l,ko,4.99,5.12,,4.99,4.99,8720181410543,SREDSTVA ZA ČIŠĆENJE
PROSECCO ROSE VALDO DOC BRUT 0.75 l,90794984,VALDO,0.75 l,ko,14.05,18.73,,14.05,14.05,8002335650068,PIĆE
VODA PRIRODNA MINERALNA SARA RIVA 6L,90775619,RIVA,6.00 l,ko,1.65,0.27,,1.65,1.65,3856028501992,PIĆE
KOBASICA DALMATINSKA 200 g VP PIVAC,90795026,PIVAC,0.20 kg,ko,3.29,16.45,,3.29,3.29,3858881616264,HRANA
ROVUS WINDOW CLEANER,90795595,ROVUS,1.00 ko,ko,7.99,7.99,,5.99,7.99,3858894408559,PROIZVODI ZA KUĆANSTVO
LIGNJA PATAGONICA TUBA I KR 1 kg,90799776,WOFCO,1.00 kg,ko,10.99,10.99,,6.99,6.99,8436607576747,HRANA
KOBASICA THE MEAT,90799910,THE MEAT,1.00 kg,kg,17.99,17.99,,17.99,17.99,,HRANA
SLANINA THE MEAT,90799912,THE MEAT,1.00 kg,kg,19.99,19.99,,19.99,19.99,,HRANA
NAPITAK RIŽA 1 L VIVICOSI,90810446,VIVICOSI,1.00 l,ko,1.99,1.99,,1.99,1.99,8032625480419,HRANA
LUK CRVENI 1 kg BIO ZONE,90810468,BIO ZONE,1.00 kg,ko,2.99,2.99,,2.99,2.99,3856028689362,HRANA
HIG UL VIOLETA COTTON SUPER+ 40/1,90814869,VIOLETA,40.00 ko,ko,3.69,0.09,,3.69,3.69,3870128018372,TOALETNE POTREPŠTINE
PALAČINKE JABUKA CIMET 6x90 g MINUTE,90824825,MINUTE,0.54 kg,ko,3.99,7.38,,2.59,2.59,3850334426277,HRANA
ČAJ BEAUTIFUL ME 20/1 30g ETS,90824952,ENGLISH TEA SHOP,0.03 kg,ko,4.49,149.67,,4.49,4.49,0680275057260,HRANA
BADEM I GROŽĐ BIO SNACK 100 g NUTRIGOLD,90825242,NUTRIGOLD,0.10 kg,ko,1.59,15.9,,1.27,1.59,3858894431335,HRANA
PROSO POPS BIO 100 g NUTRIGOLD,90826438,NUTRIGOLD,0.10 kg,ko,1.39,13.9,,1.39,1.39,3858891972411,HRANA
ŠTAPIĆI CRAX SEZAM 56 g ETI,90826515,ETI,0.04 kg,ko,0.79,19.75,,0.79,0.79,8690526108391,HRANA
KOLAČ MIX BERRY 450 g SPEC MOM,90830427,SPECIAL MOMENTS,0.45 kg,ko,4.99,11.09,,3.99,4.99,3850334430960,HRANA
PAŠTETA PAČJA KONJAK 100g GAVRILOVIĆ,90849775,GAVRILOVIĆ,0.10 kg,ko,3.99,39.9,,3.99,3.99,3858892726686,HRANA
BOJA OLIA 5.0 BROWN,90850055,GARNIER OLIA,1.00 ko,ko,7.59,7.59,,7.19,7.59,3600542601870,KOZMETIKA
RAJČICA SUHA VEDRINI 150 g,90850478,VEDRINI,0.15 kg,ko,2.39,15.93,,2.39,2.39,3858889333941,HRANA
GLAVA Z ORALB EL ČET KID SPID 4 KOM,90850686,ORAL B,4.00 ko,ko,,3.7,14.79,21.19,21.19,8006540805237,KOZMETIKA
DEO PLAYBOY M GAME CHANGER 150 ml,90850937,PLAYBOY,0.15 l,ko,3.99,26.6,,3.99,3.99,5050456007424,KOZMETIKA
TARALLI DULCETTI CLASSIC 300 g,90851026,DULCETTI,0.30 kg,ko,,4.97,1.49,1.79,1.79,3850334431264,HRANA
NAMAZ FINESS DUO LJEŠ MLIJ MAXX 900g,90851041,FINESSE,0.90 kg,ko,3.99,4.43,,3.99,3.99,8605028614745,HRANA
SMOOTHIE MIX GARDEN GOOD 400 g,90854654,GARDEN GOOD,0.40 kg,ko,3.49,8.73,,3.49,3.49,8605028614868,HRANA
RAJČICA SJECKANA BIO ZONE 400 g,90854744,BIO ZONE,0.40 kg,ko,1.29,3.23,,1.29,1.29,3838900843222,HRANA
TUNJ OCEAN KOM SUN MAX 6X70/6X52 g,90869910,OCEAN,0.31 kg,ko,5.39,17.28,,5.39,5.39,3850334114587,HRANA
KAVA MELANGE ZRNO 1000 g JULIUS MEI,90874681,JULIUS MEINL,1.00 kg,ko,31.99,31.99,,31.99,31.99,9000403953317,HRANA
FLASTER GARNIER PUREACITVE 22 kom,90885238,GARNIER,22.00 ko,ko,8.99,0.41,,8.99,8.99,3600542573146,KOZMETIKA
PIVO OSJEČKO CRNI RADLER 4PACK 0.5 L,90885247,OSJEČKO,2.00 l,ko,6.39,3.2,,6.39,6.39,3858895010522,PIĆE
SERUM NIVEA CELL EX HIJ 30 ml,90885369,NIVEA,0.03 l,ko,,536,16.08,22.99,22.99,9005800388533,KOZMETIKA
HRENOVKE PIL KOKTEL 225 g CEKIN VIND,90885817,CEKIN,0.23 kg,ko,1.69,7.51,,1.69,1.69,3850159121869,HRANA
LOSOS SALATA ASIANA 160 g EVA,90886046,EVA,0.16 kg,ko,4.29,26.81,,1.99,4.29,3856020276720,HRANA
SLAD OREO SANDWICH 110 ml,90886410,OREO,1.00 ko,ko,2.49,2.49,,2.49,2.49,8051369005351,HRANA
AJVAR BLAGI 350g ZVIJEZDA,01480216,ZVIJEZDA,0.35 kg,ko,2.49,7.11,,2.49,2.49,3858882216104,HRANA
UMAK PESTO ROSO 200g BARILLA,01490570,BARILLA,0.20 kg,ko,4.95,24.75,,2.99,4.95,8076809523547,HRANA
DRESSING JOGURT 250ML KUHNE,01491218,KUHNE,0.25 l,ko,2.79,11.16,,2.79,2.79,40804873,HRANA
TARTUFI I MASLINE 80g ZIGANTE,01600103,ZIGANTE,0.08 kg,ko,7.03,87.88,,5.99,7.03,3859889179652,HRANA
EXTRAWURST (VINDVAC) NAR 250g VINDIJA,02048317,CEKIN,0.25 kg,ko,2.29,9.16,,1.77,1.77,3850159122132,HRANA
SIR POLUTV SPORT 45% ZDENKA,02051756,ZDENKA,1.00 kg,kg,13.49,13.49,,13.49,13.49,3858888590536,HRANA
SIR TVRDI LIVANJSKI 1/4 VAC MLJ LIVN,02053853,MLJEKARA LIV,1.00 kg,kg,23.69,23.69,,15.99,23.69,3870348000201,HRANA
NAMAZ RIO MARE TUB LOSOS 100g,02195131,RIO MARE,0.10 kg,ko,3.59,35.9,,1.99,3.59,8004030070004,HRANA
KOKOT 200-300 SVJ MEDUZA,02195289,,1.00 kg,kg,7.69,7.69,,4.61,7.69,,HRANA
HOBOTNICA SVJ KONZUM,02197365,,1.00 ea,ea,15.99,15.99,,9.59,15.99,,HRANA
SIPA I SVJ FIORITAL,02199473,FIORITAL,1.00 kg,kg,15.59,15.59,,6.59,6.59,,HRANA
OCAT KVASINA 1L KISKO,03120084,KISKO,1.00 l,ko,2.09,2.09,,1.57,1.57,3850164331116,HRANA
RIŽA CRVENA 500g GALLO,04061582,RISO GALLO,0.50 kg,ko,3.49,6.98,,2.79,3.49,8001420005226,HRANA
BOJA PALETTE DELUXE 800  2318,06542969,PALETTE DELU,1.00 ko,ko,,4.79,4.79,4.79,4.79,3838824176994,KOZMETIKA
GEL TAFT WET LOOK 150ml,06546889,TAFT,0.15 l,ko,,29.27,4.39,4.39,5.49,9000101723182,KOZMETIKA
MLIJEKO TIJ NIVEA 250ML,06592661,NIVEA,0.25 l,ko,,22.36,5.59,5.99,7.99,4005808246205,KOZMETIKA
LOSION ZORINA KIDS SPF50 200 ml,90887233,ZORINA MAST,0.20 l,ko,17.99,89.95,,17.99,17.99,3859894008954,KOZMETIKA
KRUMP ŠTAP POMSTICKS SLANINA 85 g,90887339,LORENZ,0.09 kg,ko,1.99,23.41,,1.99,1.99,4018077820519,HRANA
LIKER KRUŠKOVAC SVATOVSKI 1L 24% BAD,03070325,BADEL 1862,1.00 l,ko,10.05,10.05,,10.05,10.05,3850112110169,PIĆE
KAŠICA HIPP PILET RAJČ KRUMP 220g,03140121,HIPP,0.22 kg,ko,2.09,9.5,,2.09,2.09,9062300131380,HRANA
NAPITAK RIŽA BEZ GL EKO 1L SCOTTI,03140129,RISO SCOTTI,1.00 l,ko,,1.69,1.69,2.65,2.65,8001860810008,HRANA
KREMA ZA KUHANJE SOJA EKO 200ml ALINOR,03150031,VITARIZ,0.20 l,ko,1.46,7.3,,1.46,1.46,8000215204301,HRANA
CROISSANT CREMA  6/1 300g BAULI,04022717,BAULI,0.30 kg,ko,3.79,12.63,,3.29,3.29,8001720445876,HRANA
BRAŠNO CRNO T-1600 1kg FARINA,04030570,FARINA,1.00 kg,ko,1.09,1.09,,1.09,1.09,3859890160410,HRANA
TIJESTO ANELLINI 20 500g ZARA,04050744,PASTA ZARA,0.50 kg,ko,1.59,3.18,,0.89,1.59,8004350130204,HRANA
RIŽA NA MLIJEKU VANILIJA 125g DR OET,04060078,DR OETKER,0.13 kg,ko,2.29,18.32,,2.29,2.29,5997381370097,HRANA
ČAJ ZELENI S MENTOM 37.5g TWININGS,04090019,TWININGS,0.04 kg,ko,4.65,124,,4.65,4.65,0070177173203,HRANA
PROVANSALSKO ZAČINSKO BILJE 17g,04103605,KOTANYI,0.02 kg,ko,1.15,67.65,,0.99,1.15,9001414015865,HRANA
MED BAGREM HR 450g APIDAL,04133000,APIDAL,0.45 kg,ko,7.99,17.76,,7.99,7.99,3859889410106,HRANA
KAŠ INST KEKSOLINO 500g,04171102,LINO,0.50 kg,ko,4.99,9.98,,3.49,4.99,3850104218804,HRANA
CEDEVITA LIMUN 200g,04181018,CEDEVITA,0.20 kg,ko,2.09,10.45,,2.09,2.09,3850322003534,PIĆE
ŠLAG KREMA VANILIJA 45g VREĆ DOLCELA,04183305,DOLCELA,0.05 kg,ko,1.49,33.11,,1.09,1.09,3850104216930,HRANA
DŽEMFIX EXTRA 25g DR OETKER,04183459,DR OETKER,0.03 kg,ko,1.39,55.6,,1.39,1.39,5997381370875,HRANA
AFTER EIGHT CHOCOL MINTS 200g NESTLE,04211129,AFTER EIGHT,0.20 kg,ko,4.99,24.95,,4.99,4.99,7613034937575,HRANA
DESERT KINDER BUENO T1 43g,04220953,FERRERO,0.04 kg,ko,1.19,27.67,,1.19,1.19,80052760,HRANA
PRELJEV KARAMELA 230g SLADKI GREH,04230252,SLADKI GREH,0.23 kg,ko,2.99,13,,2.99,2.99,3838900034330,HRANA
AROMA KRUŠKOVAC 15ML AROMAR,04360160,AROMAR,0.02 l,ko,1.59,106,,1.59,1.59,3859888333055,HRANA
SAPUN TEK GENERA NEUTRO 1L PUMP,06511272,GENERA,1.00 l,ko,2.79,2.79,,2.79,2.79,8003693400463,KOZMETIKA
KREMA COREGA EXTRA 40ml 2060,06513704,COREGA,0.04 l,ko,,131.25,5.25,6.19,6.19,5999518572060,KOZMETIKA
GEL TUŠ NIVEA BC NAT M 250ML,06521367,NIVEA,0.25 l,ko,2.99,11.96,,1.89,2.99,4005808782581,KOZMETIKA
WC NET BIOLOŠKE SEPT JAME 16/1,08030552,WC NET,16.00 ko,ko,9.65,0.6,,9.65,9.65,8004050193523,SREDSTVA ZA ČIŠĆENJE
VODICA ZA USTA COLG BLUE 500ML,90031290,COLGATE,0.50 l,ko,5.69,11.38,,3.98,5.69,8714789732671,KOZMETIKA
LAK TAFT VOLUM MEGA STRONG 250ml,90037361,TAFT,0.25 l,ko,,11.96,2.99,2.99,4.99,9000100728201,KOZMETIKA
GOURMET GOLD MM PAŠTE JANJ PAT 85G,90052109,GOURMET,0.09 kg,ko,0.89,10.47,,0.69,0.89,7613032814571,PROIZVODI ZA KUĆANSTVO
VREĆICA ZIP 10/1 F&P,90071403,FRESH&PACK,10.00 ko,ko,1.33,0.13,,1.33,1.33,3850334009722,PROIZVODI ZA KUĆANSTVO
ČOK DORINA MLIJEČNA 250g FLOW PACK,90083726,DORINA,0.25 kg,ko,4.49,17.96,,3.49,4.49,3850102502189,HRANA
STICK REXONA INVISIBLE DIAMOND 40ml,90140412,REXONA,0.04 l,ko,3,75,,3,3,96086230,KOZMETIKA
ŠTAPIĆI PANIRANI PILEĆI 300g LEDO,90144832,LEDO,0.30 kg,ko,4.99,16.63,,4.99,4.99,3850116101828,HRANA
DET TEK SENS FROSCH BABY 1500ML,90147773,FROSCH,1.50 l,ko,7.59,5.06,,7.59,7.59,4009175968616,SREDSTVA ZA ČIŠĆENJE
PUDING VAN 37G PODRAVKA,90155258,DOLCELA,0.04 kg,ko,0.7,18.92,,0.43,0.43,3850104274800,HRANA
MEDENE KUGLICE KAKAO 235g MARLENKA,90248004,MARLENKA,0.24 kg,ko,6.99,29.74,,6.99,6.99,8594071650308,HRANA
DN UL OLEA NORMAL 50/1,90249942,OLEA,50.00 ko,ko,1.2,0.02,,1.2,1.2,3850334579423,TOALETNE POTREPŠTINE
KRPA UNIVERZALNA DAX 6/1,90289987,DAX,6.00 ko,ko,1.45,0.24,,1.01,1.45,3850334608086,PROIZVODI ZA KUĆANSTVO
TUNJ OCEAN KOMADI  SUNC ULJE 2X112g,90303757,OCEAN,0.22 kg,ko,3.59,16.03,,3.59,3.59,3850334352521,HRANA
JUN BUT BK ODR 400G PIK (MA),90316705,PIK VRBOVEC,0.40 kg,ko,7.49,18.73,,5.24,7.49,3850139442090,HRANA
PIVO VUKOVARSKO 0.5L PB,90325310,VUKOVARSKO,0.50 l,ko,1.25,2.5,,1.25,1.25,3859893353055,PIĆE
SUŠENA POSLASTICA - GOV ROLICE VON BARF 80g,90335081,VON BARF,0.08 kg,ko,4.99,62.38,,3.99,4.99,3859893426094,PROIZVODI ZA KUĆANSTVO
PERFECT FIT SM JUNIOR PILETINA 750g,90335142,PERFECT FIT,0.75 kg,ko,6.19,8.25,,6.19,6.19,5900951307720,PROIZVODI ZA KUĆANSTVO
DET OSJ VIOLETA BLACK 2X2.7 L,90890412,VIOLETA,1.00 ko,ko,7.99,7.99,,7.99,7.99,3870128040410,SREDSTVA ZA ČIŠĆENJE
NAPITAK SOJA ACTIVE ZONE 1 l,90895355,ACTIVE ZONE,1.00 l,ko,1.15,1.15,,1.15,1.15,3850334433510,HRANA
VREĆICE ZA LED KOCKA 240 kom ALUFIX,90899819,ALUFIX,240.39 ko,ko,0.89,0,,0.89,0.89,5949509002793,PROIZVODI ZA KUĆANSTVO
VINO PELJEŠAC 0.187L BADEL 1862,03021855,VINA HRVATSKE,0.19 l,ko,1.99,10.64,,1.99,1.99,3850112170651,PIĆE
VOĆNI KOLAČ 500g CRO GO,04025431,CRO GO,0.50 kg,ko,5.29,10.58,,5.29,5.29,3859888430365,HRANA
NAMAZ NUTELLA & GO 54g,04231027,NUTELLA,0.05 kg,ko,1.89,35,,1.89,1.89,80050100,HRANA
VREĆICA ZAMR HD 2L 50/1 F&P,05521858,FRESH&PACK,50.00 ko,ko,0.8,0.02,,0.8,0.8,3850334009661,PROIZVODI ZA KUĆANSTVO
ALU FOLIJA 30mX29cm ALUFIX,05610042,ALUFIX,30.00 m,ko,6.69,0.22,,6.69,6.69,5949509000072,PROIZVODI ZA KUĆANSTVO
PUDER F AZZ VREĆ 100g   6102,06593634,FELCE AZZURA,0.10 kg,ko,1.59,15.9,,1.59,1.59,8001280026102,KOZMETIKA
TUNJ OCEAN KOMADI ULJE 112g,90035338,OCEAN,0.11 kg,ko,1.89,16.87,,1.89,1.89,3850334350206,HRANA
PUDING ČOK SA ŠLAGOM 4X125g VINDIJA,90043533,FINO MI JE,0.50 kg,ko,1.99,3.98,,1.99,1.99,3850108040180,HRANA
KEKS DOMAĆICA TAMNA 275g KRAŠ,90073751,DOMAĆICA,0.28 kg,ko,3.19,11.6,,2.49,3.19,3850102501779,HRANA
LEDENI ČAJ FUZE TEA ZERO PASFRT 0.5l,90361073,FUZETEA,0.50 l,ko,1.25,2.5,,1.25,1.25,5449000269461,PIĆE
VINO SAUVIGNON S PINOT JERUZALEM 0.75L,90363352,JERUZALEM,0.75 l,ko,7,9.33,,7,7,3830001600094,PIĆE
JUHA KREM OD GLJIVA 20g FINI MINI,90369850,FINI MINI,0.02 kg,ko,0.79,39.5,,0.59,0.79,3856020230982,HRANA
PEL LUMPI MIDI 3 56/1,90370146,LUMPI,56.02 ko,ko,7.17,0.13,,7.17,7.17,3850334153449,TOALETNE POTREPŠTINE
VINO BABIĆ RAPSODIJA EKO 0.75L,90404652,BABIĆ,0.75 l,ko,12.05,16.07,,12.05,12.05,3859893402173,PIĆE
PILEĆI FILE SOLJENI 6X2 BRAZIL,90411554,GIDRAN,1.00 kg,kg,3.98,3.98,,3.98,3.98,,HRANA
DUAL ONE NATURE STERILIZED 750g,90427897,ONE,0.75 kg,ko,5.69,7.59,,3.99,5.69,7613038761602,PROIZVODI ZA KUĆANSTVO
JUHA GOVEĐA KRALJEVSKA MAGGI 49g,90437905,MAGGI,0.05 kg,ko,1.09,22.24,,1.09,1.09,5941017018594,HRANA
ENERGY DIREKT 30g NATUREL,90447994,NATUREL,0.03 kg,ko,3.45,115,,3.45,3.45,3858889365041,HRANA
VREĆICA ZAMR LD 10L 25/1 ROYAL,90448433,ROYAL,25.00 ko,ko,3.05,0.12,,3.05,3.05,3858888966492,PROIZVODI ZA KUĆANSTVO
POPCORN CHIO SLANI 3X80g,90467802,CHIO,0.24 kg,ko,2.19,9.13,,2.19,2.19,3856021303616,HRANA
PAPRIKAŠ S PILETINOM 400g PODRAVKA,90493757,PODRAVKA,0.40 kg,ko,3.79,9.48,,2.84,3.79,3856020246129,HRANA
ZAČIN S BIJ TART U PRAHU 50g ZIGANTE,90503305,ZIGANTE,0.05 kg,ko,15.93,318.6,,15.93,15.93,3858891981741,HRANA
LIKER DALMACIJAVINO JULI SONNE 1L,90528124,DALMACIJAVINO,1.00 l,ko,12.05,12.05,,12.05,12.05,3858892460559,PIĆE
KAVA GLORIA MLJEVENA VR 500g,90528322,GLORIA,0.50 kg,ko,9.49,18.98,,6.99,9.49,3858881088184,HRANA
SWIFFER DUSTER KOMPL ČIST+4 NAST,90569112,SWIFFER,1.00 ko,ko,6.19,6.19,,6.19,6.19,8006540307960,SREDSTVA ZA ČIŠĆENJE
ČOKOLADA ROCHER DARK 90g,90569213,FERRERO,0.09 kg,ko,2.49,27.67,,2.49,2.49,8000500359815,HRANA
KEKS DIGESTIVE CHOCO 300g GULLON,90569786,GULLON,0.30 kg,ko,3.49,11.63,,3.49,3.49,8410376015515,HRANA
ZP BIOREPAIR PERIBIOMA 75ml,90572439,BIOREPAIR,0.08 l,ko,4.65,62,,4.65,4.65,8017331097182,KOZMETIKA
KAVA PERFETTO MACC NOISETTE DG 10/1 140g,90572841,BARCAFFE,0.14 kg,ko,3.98,28.43,,3.98,3.98,3838471045339,HRANA
ORADA LLLL TOTAL FISH,90587751,TOTAL,1.00 kg,kg,13.59,13.59,,8.15,13.59,,HRANA
NEG PIĆE FRUC VIŠNJA 0.5L  PET,90603224,FRUCTAL,0.50 l,ko,1.05,2.1,,1.05,1.05,3838945040631,PIĆE
KAVA ESPRESSO INTENSE NS 10/1 77g JACOBS,90623131,JACOBS,0.08 kg,ko,5.59,72.6,,5.59,5.59,8711000371183,HRANA
MUESLI GRANOLA BROWNIE TREŠNJA 300g SANTE,90623185,SANTE,0.30 kg,ko,3.99,13.3,,3.99,3.99,5900617042255,HRANA
ČOKO TUTTI FRUTTI KANDIT 210g FLOW PACK,90642977,KANDIT,0.21 kg,ko,4.19,19.95,,2.99,4.19,3856024803908,HRANA
BRIJAČ JEDNOK WILK EXT II SENS 7/1,90648852,WILKINSON,1.00 ko,ko,4.65,4.65,,4.65,4.65,4027800348206,KOZMETIKA
BOB 400g LEDO,90668413,LEDO,0.40 kg,ko,2.99,7.48,,2.99,2.99,3850116053073,HRANA
SERUM GARNIER VIT C SN 30ML,90669016,GARNIER,1.00 ko,ko,12.49,12.49,,11.99,12.49,3600542433327,KOZMETIKA
PIZZA 4 VRSTE SIRA 330g MINUTE,90669695,MINUTE,0.33 kg,ko,,5.42,1.79,1.79,2.29,3850334035929,HRANA
PUREĆI FILE OD PRSA,90670129,ZAKŁAD DROBIARSKI,1.00 kg,kg,9.99,9.99,,9.99,9.99,,HRANA
VAFL NAPOLITANKA CHOCO CREAM 93g KRAŠ,90672765,KRAŠ,0.09 kg,ko,1.15,12.37,,1.15,1.15,3850102523382,HRANA
KAVA 125 YEARS NS 10/1 57g FRANCK,90673606,FRANCK NC,0.06 kg,ko,4.59,80.53,,4.59,4.59,3850291053677,HRANA
PROIZ BILJ BAZ OKUS MOZZAR RIB 150g,90674706,GREEN VIE,0.15 kg,ko,1.99,13.27,,1.99,1.99,5292874002043,HRANA
KESTEN PIRE 72% VANIL RUM 250g SANA,90675045,SANA,0.25 kg,ko,3.99,15.96,,3.99,3.99,3858892321911,HRANA
BOMBON CEDEVITA ŠUM VOĆE 18g,90697812,CEDEVITA,0.02 kg,ko,0.69,38.33,,0.69,0.69,38506246,HRANA
PUDING KARAMELA SLANA 40g DR OETKER ,90703426,DR OETKER,0.04 kg,ko,0.79,19.75,,0.79,0.79,5997381371926,HRANA
OM LENOR PINK BLOSSOM 462ml,90703511,LENOR,0.46 l,ko,3,6.49,,3,3,8006540863145,SREDSTVA ZA ČIŠĆENJE
JEGER IVANEČKI CHILI MILI 300g,90703594,IMISIMO,0.30 kg,ko,3.69,12.3,,2.99,3.69,3859893866432,HRANA
PIVO FAKIN IPA 0.5L NB,90704197,MEDVEDGRAD,0.50 l,ko,2.79,5.58,,2.79,2.79,3859893357152,PIĆE
ČOK MIKADO MOUSSE 72% NARANČA 100g,90705210,MIKADO,0.10 kg,ko,2.19,21.9,,2.19,2.19,3858881061750,HRANA
NEG PIĆE ALOE VERA LOTTE NATURALE 0.24L,90705876,LOTTE,0.24 l,ko,1.05,4.38,,1.05,1.05,8801056231774,PIĆE
KAŠICA HIPP BIO JABUKA MALINA 160g,90706629,HIPP,0.16 kg,ko,1.75,10.94,,1.75,1.75,4062300441514,HRANA
WANPY DOG TM PAT.MRKVA TUBA 90g,90707555,WANPY,0.09 kg,ko,1,11.11,,0.7,1,6927749870210,PROIZVODI ZA KUĆANSTVO
MILKA ČOKO SNACK 4X29g,90713591,MILKA,0.12 kg,ko,2.49,21.47,,2.49,2.49,9120025839896,HRANA
ŠAMP GLISS 400ml+REG OIL NUT 200ml,90714505,GLISS,1.00 ko,ko,5.99,5.99,,5.99,5.99,3838824433271,KOZMETIKA
BOMBONJERA ATLANTIS ŠKOLJKE/BADEM  200g,90715128,ATLANTIS,0.20 kg,ko,5.29,26.45,,5.29,5.29,5310005030168,HRANA
KAKAO BENQUICK CHOCO BOX 400g,90726540,BENQUICK,0.40 kg,ko,3.89,9.73,,3.89,3.89,3838900033203,HRANA
KREKER RIŽA PAPRIKA 50G SCOTTI,90733407,RISO SCOTTI,0.05 kg,ko,1.29,25.8,,1.29,1.29,8001860185076,HRANA
ČIPS RIŽA VLASAC I KIS VRHNJE 60G B YOND,90739843,B YOND,0.06 kg,ko,1.29,21.5,,1.29,1.29,3800233091212,HRANA
DET PERSIL SENSITIVE 0.99kg=18PR,90744967,PERSIL,0.99 kg,ko,,7.06,6.99,6.99,9.99,9000101802689,SREDSTVA ZA ČIŠĆENJE
KUGLICE VOĆ ŠLJI BUN ACTIVE ZONE 144 g,90749757,ACTIVE ZONE,0.14 kg,ko,2.79,19.37,,2.39,2.79,8605028609574,HRANA
VINO CAB SAUVIGNON ORAHOVICA 0.75L,90749991,PP ORAHOVICA,0.75 l,ko,5.55,7.4,,5.55,5.55,3858889832291,PIĆE
ROLL ON NIVEA M DEEP SPORT 50 ml,90775362,NIVEA,0.05 l,ko,6.09,121.8,,6.09,6.09,9005800379500,KOZMETIKA
MUESLI GRANOLA RISE&SMILE RED FRUIT 300 g,90775615,RISE&SMILE,0.30 kg,ko,1.89,6.3,,1.59,1.89,3850334110268,HRANA
KAVA DOLCE GUSTO RIST ARDEN 16/1 104g,90789916,DOLCE GUSTO,0.10 kg,ko,6.49,62.4,,5.29,6.49,8445290870537,HRANA
GRILL JEGER 300 g PODRAVKA,90800562,PODRAVKA,0.30 kg,ko,4.49,14.97,,4.49,4.49,3856020274047,HRANA
MAJONEZA S TARTUFIMA 130 g ZIGANTE,90800759,ZIGANTE,0.19 kg,ko,5.99,31.53,,5.99,5.99,3858891982618,HRANA
JELO U ČAŠI GOVEDINA 65g FINI MINI,90814680,FINI MINI,0.07 kg,ko,1.69,26,,1.18,1.18,3856020270032,HRANA
SPIRULINA TABLETE 500KOM 250 g NUTRIGOLD,90825062,NUTRIGOLD,0.25 kg,ko,10.99,43.96,,8.79,10.99,3858891970219,HRANA
KROASAN SUNNY MIDI KA ČOK  50gX5KOM,90705765,SUNNY,0.25 kg,ko,1.89,7.56,,1.89,1.89,3850334043269,HRANA
MESNI UŠTIPCI PIKANT 300g MA PIK,90707103,VOLIM ROŠTILJ,0.30 kg,ko,3.15,10.5,,2.2,3.15,3850139523249,HRANA
KOLAČ CRUMBLE JABUKA 350g CRADEL,90707271,CRADEL,0.35 kg,ko,4.49,12.83,,4.49,4.49,8002963022015,HRANA
GRAŠAK GARDEN GOOD 400/265g,90707348,GARDEN GOOD,0.27 kg,ko,1.19,4.49,,1.19,1.19,8605028600120,HRANA
POSLAST VK ROLLIS ZA GLODAVCE 500g,90707364,VITAKRAFT,0.50 kg,ko,4.49,8.98,,4.49,4.49,4008239252470,PROIZVODI ZA KUĆANSTVO
ONE SM LOSOS 450g,90707429,ONE,0.45 kg,ko,3.99,8.87,,2.69,3.99,8445290095817,PROIZVODI ZA KUĆANSTVO
OM SILAN SENSITIVE 2.86L,90713186,SILAN,2.86 l,ko,,2.09,5.99,5.99,8.99,9000101590128,SREDSTVA ZA ČIŠĆENJE
GIN S TARTUFIMA 200ml ZIGANTE,90725947,ZIGANTE,0.20 l,ko,20.09,100.45,,20.09,20.09,3858891981970,HRANA
MASKA PANTENE INFINITE LONG 300ml,90729777,PANTENE,0.30 l,ko,5.99,19.97,,4.49,4.49,8700216058056,KOZMETIKA
KEKS LOVITA ŠTRUDLA JAGO 168g ROSHEN,90730013,ROSHEN,0.17 kg,ko,1.79,10.65,,1.79,1.79,4823077634741,HRANA
VINO BIJELI CUVEE BURNUM VRH 0.75L,90730933,BURNUM,0.75 l,ko,22.05,29.4,,22.05,22.05,0745178995030,PIĆE
HIG UL LIBRESSE UT LARGE NIGHT 8/1,90732941,LIBRESSE,8.00 ko,ko,2,0.25,,2,2,7322540960235,TOALETNE POTREPŠTINE
KREMA DJEČJA JGL PANTHENOL 50g,90733312,JGL,0.05 kg,ko,5.99,119.8,,5.99,5.99,3858891013176,KOZMETIKA
HOBBY DOG ŽVAKALICE 230g,90734797,VITAKRAFT,0.23 kg,ko,1.99,8.65,,1.99,1.99,3838964100439,PROIZVODI ZA KUĆANSTVO
DET PERSIL UNIVERSAL 13TAB,90744963,PERSIL,13.00 ko,ko,,0.54,6.99,4.99,9.99,9000101800074,SREDSTVA ZA ČIŠĆENJE
ZP BLANX WHITE SHOCK 75ml,90759704,BLANX,0.08 l,ko,,39.87,2.99,2.09,4.19,8017331051573,KOZMETIKA
SOMAT MACHINE CLEANER 5/1,90759816,SOMAT,5.00 ko,ko,,0.9,4.49,4.49,4.49,9000101388633,SREDSTVA ZA ČIŠĆENJE
KUPKA J&J BLUE BATH 750ml,90764854,J&J,1.00 ko,ko,7.29,7.29,,7.29,7.29,3574669908481,KOZMETIKA
MANGO GARDEN GOOD 400 g,90764957,GARDEN GOOD,0.40 kg,ko,2.99,7.48,,2.49,2.99,8605028614844,HRANA
SLAD GELATISSIMO COOKIE SAND 6x80 ml,90765030,GELATISSIMO,0.29 l,ko,3.99,13.85,,3.99,3.99,3850334106483,HRANA
FLASTERI FOOT CARE SA 6/1 SEPTONA,90770032,SEPTONA,6.00 ko,ko,1.19,0.2,,1.19,1.19,5201410003604,TOALETNE POTREPŠTINE
ČIPS HRUSTY KETTLE SLANI 100 g,90770849,HRUSTY,0.10 kg,ko,0.99,9.9,,0.99,0.99,3838900809181,HRANA
MIX PROTEIN SL ORAŠ PLOD I SJEM 70 g MOGY,90771053,MOGYI,0.07 kg,ko,1.49,21.29,,1.12,1.49,5997347540052,HRANA
MOUSSE TIJ LACTOVIT LACTOUREA 400 ml,90775023,LACTOVIT,0.40 l,ko,,14.98,5.99,7.99,7.99,8411135006423,KOZMETIKA
LECHAT EX. SM ADULT 1.5 kg,90775446,LECHAT EXCELLENCE,1.50 kg,ko,10.69,7.13,,7.48,10.69,8009470060158,PROIZVODI ZA KUĆANSTVO
ROLL ON LACTOVIT Ž INVISIBLE 50 ml,90775571,LACTOVIT,0.05 l,ko,3.95,79,,2.99,3.95,8411135005532,KOZMETIKA
DEO LACTOVIT Ž INVISIBLE 200 ml,90775583,LACTOVIT,0.20 l,ko,4.79,23.95,,3.59,4.79,8411135005525,KOZMETIKA
KAVA LUNGO INTENSO NS 20/1 104g JACOBS,90805030,JACOBS,0.10 kg,ko,10.19,97.98,,10.19,10.19,8711000371251,HRANA
BOMBON GUM KIS STRAW STICKS 75g ZOZOLE,90809810,ZOZOLE,0.08 kg,ko,1.19,15.87,,1.19,1.19,5900353701522,HRANA
SLANUTAK GARDEN GOOD 250g,90810421,GARDEN GOOD,0.25 kg,ko,0.79,3.16,,0.79,0.79,3850334028341,HRANA
DŽEM JAGODA I DIVLJA JAGODA 370g BONNE MAMAN ,90824947,BONNE MAMAN,0.37 kg,ko,5.99,16.19,,5.99,5.99,3045320082074,HRANA
ŽV GUMA JUICY FRUIT FANCY TAPE 56g,90825732,WRIGLEY,0.06 kg,ko,2.29,40.89,,2.29,2.29,4009900536646,HRANA
SET NIVEA M AP KREMA75+SG250,90826279,NIVEA,1.00 ko,ko,6,6,,6,6,9005800382470,KOZMETIKA
JAGODE GARDEN GOOD 400 g,90854652,GARDEN GOOD,0.40 kg,ko,2.99,7.48,,1.39,1.39,8605002359907,HRANA
ČAJ STOLISNIK 50 g AGRISTAR,90874730,AGRISTAR,0.05 kg,ko,2.19,43.8,,2.19,2.19,3858886500100,HRANA
LAK ZA KOSU TAFT ALOE 250 ml,90885535,TAFT,0.25 l,ko,,19.16,4.79,5.99,5.99,9000101744163,KOZMETIKA
ČETKICA ORAL B PRO EXPERT 2/1,90885797,ORAL B,2.00 ko,ko,6.99,3.5,,6.99,6.99,8700216445481,KOZMETIKA
SLAD HAAGEN DAZ MAC JAG MAL 420 ml,90886399,HAAGEN DAZS,0.42 l,ko,7.49,17.83,,7.49,7.49,3415583001837,HRANA
KOMPOT ANANAS KOM 850/430 g EXCELS,90886681,EXCELSIOR,0.43 kg,ko,2.99,6.95,,2.99,2.99,9001397500686,HRANA
KOMPOT ANANAS KOL 850/430 g EXCELS,90886685,EXCELSIOR,0.43 kg,ko,2.99,6.95,,2.99,2.99,9001397501287,HRANA
FISH CHIPS CLASSIC 250 g,90890528,PANONA MARE,0.25 kg,ko,4.49,17.96,,4.49,4.49,3858889834424,HRANA
SALV NATUR PREM BRES 33X33 3SL 30/1,90894722,NATUR,30.00 ko,ko,0.99,0.03,,0.99,0.99,3850334432094,PROIZVODI ZA KUĆANSTVO
SANYTOL PRA ZBJ UKL MRLJA I DEZ 450g,90895419,SANYTOL,0.45 kg,ko,7.29,16.2,,7.29,7.29,3045206382601,SREDSTVA ZA ČIŠĆENJE
SLAD GELATISSIMO VANILIJA 700 ml,90900012,GELATISSIMO,0.70 l,ko,2.29,3.27,,2.29,2.29,3850334433909,HRANA
KIM CIJELI 28g KOTANYI,04100133,KOTANYI,0.03 kg,ko,1.29,46.07,,1.19,1.29,9001414015308,HRANA
ŠEĆER TAMNI MUSCO 500g ENCIAN,04120027,ENCIAN,0.50 kg,ko,3.99,7.98,,3.99,3.99,3859889425063,HRANA
MED CVJETNI LIVADA 900g PIP,04130100,PIP,0.90 kg,ko,7.96,8.84,,7.96,7.96,3859888500013,HRANA
PAHULJ NESQ ČOK ŽIT LOPT DUO 325g,04170469,NESTLE ŽITAR,0.33 kg,ko,4.49,13.82,,3.39,4.29,7613032028251,HRANA
PRINCES UŠTIPCI 250g DOLCELA,04180222,DOLCELA,0.25 kg,ko,3.79,15.16,,3.79,3.79,3850104075841,HRANA
ŠLAG PJENA VODA 42g DOLCELA,04183295,DOLCELA,0.04 kg,ko,1.1,26.19,,0.85,0.85,3850104216947,HRANA
ČOKOLADA TOBLERONE MLIJ 100g,04210054,TOBLERONE,0.10 kg,ko,,16.9,1.69,1.69,3.09,7614500010013,HRANA
BOMBONJERA TOFFIFEE 200g,04251672,TOFFIFEE,0.20 kg,ko,4.49,22.45,,4.49,4.49,4014400900651,HRANA
PERECI SALINIS BEZ GL 60g SCHAR,04280003,DR SCHAR,0.06 kg,ko,,24.67,1.48,1.86,1.86,8008698002070,HRANA
RUKAVICE VILEDA KUĆ SENS LEICH VEL,05570013,VILEDA,1.00 ko,ko,3.99,3.99,,2.79,3.99,8001940003337,PROIZVODI ZA KUĆANSTVO
ŠAMPON SCHAUMA 7 LJEK TR 400ml,06521657,SCHAUMA,0.40 l,ko,,7.48,2.99,2.99,4.19,3838824086750,KOZMETIKA
BOJA PALETTE ICC E20    0426,06540395,PALETTE ICC,1.00 ko,ko,,3.49,3.49,3.49,3.49,3838824159256,KOZMETIKA
BOJA COLOR NAT 7.1 BLO CEN 5692,06542050,GARNIER COL NATURALS,1.00 ko,ko,,3.69,3.69,4.99,4.99,3600540335692,KOZMETIKA
BOJA PALETTE PNC 500 50+2X25ml,06543336,PALETTE PNC,0.10 l,ko,4.49,44.9,,4.49,4.49,3838824171326,KOZMETIKA
DEO NIVEA FRESH M 150ml,06555058,NIVEA,0.15 l,ko,5.29,35.27,,3.95,5.29,9005800373331,KOZMETIKA
LOSION TIJ NIVEA FIRM Q10 400ML,06555178,NIVEA,0.40 l,ko,,21.65,8.66,12.39,12.39,9005800388465,KOZMETIKA
PJENA GILL REGULAR 200ml 8668,06561530,GILLETTE,0.20 l,ko,,11.55,2.31,2.29,2.89,3014260228668,KOZMETIKA
LABELLO SUN PROTECT SF30 4.8g,06592249,LABELLO,0.01 kg,ko,4.59,956.25,,4.59,4.59,4006000077963,KOZMETIKA
SRED FROSCH KUPAON LIMUN 500ml,08030569,FROSCH,0.50 l,ko,3.05,6.1,,2.13,3.05,4009175941541,SREDSTVA ZA ČIŠĆENJE
BOJA COL SENSAT 111,90032874,GARNIER COL SENSATION,1.00 ko,ko,,3.99,3.99,4.99,5.29,3600541136137,KOZMETIKA
RAJČICA SJECK ČEŠNJAK 400g MUTTI,90052659,MUTTI,0.40 kg,ko,1.99,4.98,,1.99,1.99,8005110170461,HRANA
RIŽIN OCAT 150ML SAITAKU,90056034,SAITAKU,0.15 l,ko,2.29,15.27,,2.29,2.29,5060194790014,HRANA
PRELJEV ZA TORTE FIX CRVENI 50g DR,90060255,DR OETKER,0.05 kg,ko,1.15,23,,1.15,1.15,5997381352147,HRANA
RUČNIK PAP PALOMA MEGA 3SL 2/1,90069679,PALOMA,2.00 ko,ko,3.32,1.66,,1.55,3.32,3838952018814,PROIZVODI ZA KUĆANSTVO
OSLIĆ II SVJ LIBURNIJA,90074582,,1.00 kg,kg,7.99,7.99,,3.89,6.49,,HRANA
JUHA DOMAĆA 46g PODRAVKA,90083127,PODRAVKA,0.05 kg,ko,0.79,17.17,,0.79,0.79,3850104266737,HRANA
VREĆICA ZAMR LD 3L 25/1 ROYAL,90090473,ROYAL,25.00 ko,ko,1.52,0.06,,1.52,1.52,3858888961015,PROIZVODI ZA KUĆANSTVO
PRELJEV ZA TORTE 3X13g DOLCELA,90091403,DOLCELA,0.04 kg,ko,2.09,53.59,,2.09,2.09,3850104272066,HRANA
KAŠICA HIPP INT KRU/JAB/PIR 190g,90092940,HIPP,0.19 kg,ko,1.65,8.68,,1.65,1.65,4062300269842,HRANA
PAŠTETA KOKOŠJA JUNIOR ARGETA 95g,90108934,ARGETA,0.10 kg,ko,1.39,14.64,,1.19,1.39,3838975567016,HRANA
LEĆA BONDUELLE 400G,90116240,BONDUELLE,0.40 kg,ko,1.79,4.48,,1.25,1.79,3083680996044,HRANA
BOMBON GUM NARANČ ĐUMBIR HERBA ŠUMI 90g,90135326,ŠUMI,0.09 kg,ko,1.39,15.44,,1.39,1.39,3838700041163,HRANA
ČETK COLGATE CHOARCOAL,90155337,COLGATE,1.00 ko,ko,4.39,4.39,,3.07,4.39,8714789954431,KOZMETIKA
PEL GAĆ PAMP MAXI JP 52/1,90167384,PAMPERS,52.00 ko,ko,,0.29,14.99,21.63,21.63,8006540069264,TOALETNE POTREPŠTINE
FELIX PARTY MIX ORIGINAL MIX 60G,90170684,FELIX,0.06 kg,ko,1.59,26.5,,1.19,1.59,3858890176933,PROIZVODI ZA KUĆANSTVO
FRISKIES PICNIC VARIETY 126G,90170710,FRISKIES,0.13 kg,ko,1.99,15.79,,1.45,1.99,7613035219793,PROIZVODI ZA KUĆANSTVO
TUNA SALMON AVOCADO ROLL 310G GRUPO,90184124,AS SUSHI,0.31 kg,ko,7.55,24.35,,7.55,7.55,0604580002562,HRANA
ZAČIN ZA RIBU 30g VEGETA NATUR,90185726,VEGETA NATUR,0.03 kg,ko,1.19,39.67,,0.79,1.19,3850104278617,HRANA
MASLINE SNACK KALAMATA ODKOŠT 65g,90187365,GAEA,0.07 kg,ko,2.59,39.85,,2.59,2.59,5201671801513,HRANA
MIX JACOBS 3U1 15.2g,90207909,JACOBS,0.02 kg,ko,0.45,29.61,,0.45,0.45,8711000533086,HRANA
PIVO ESTRELLA DAMM NEP BOCA 0.33L,90233063,ESTRELLA DAMM,0.33 l,ko,1.45,4.39,,1.23,1.45,8410793282934,PIĆE
SIR POLUTV TRAPIST 200G,90283233,PAŠKI SIR,0.20 kg,ko,4.59,22.95,,3.99,4.59,3859892884390,HRANA
TUBA VOĆNA HIPP JAB BRES ŠUM VOĆE 100g,90290029,HIPP,0.10 kg,ko,1.35,13.5,,1.05,1.35,4062300278554,HRANA
NEKTARINA 500 grama,90290721,,0.50 kg,ko,2.49,4.98,,2.49,2.79,3858885879948,HRANA
CARSKO MESO MARTINJAK,90295412,,1.00 kg,kg,4.55,4.55,,4.55,4.55,3859893702709,HRANA
VINO MERLOT PLANTAŽE 0.75L VRH,90296262,PLANTAŽE,0.75 l,ko,6.65,8.87,,6.65,6.65,3899003001025,PIĆE
REP GRDOBINE 1000/2000 KONZUM,90298415,,1.00 kg,kg,21.39,21.39,,12.83,21.39,,HRANA
KEKS KOM ČOK BŠ 130g GULLON,90302241,GULLON,0.13 kg,ko,,13.77,1.79,2.09,2.99,8410376037883,HRANA
KAVA MUST CREMOSO NS 10/1 50g,90307008,MUST,0.05 kg,ko,3.15,63,,3.15,3.15,8056370761029,HRANA
KEČIGA SVJEŽA KONZUM,90307021,,1.00 kg,kg,8.42,8.42,,5.05,8.42,,HRANA
VINO MALVAZIJA FESTIGIA 0.75L,90311391,LAGUNA,0.75 l,ko,14.05,18.73,,12.29,14.05,3858881191914,PIĆE
VINO PLAVAC DE MAR 0.75L,90311410,ISTRAVINO,0.75 l,ko,4.69,6.25,,4.69,4.69,3858882610865,PIĆE
JUHA OD GRAHA I TJESTENINE 620g,90316221,DIMMIDISI,0.62 kg,ko,2.79,4.5,,2.79,2.79,8014190017115,HRANA
KEKS DVOSTR LIMUN 115G FREE ZONE,90477814,FREE ZONE,0.12 kg,ko,2.52,21.91,,2.52,2.52,3838900962473,HRANA
POMMES FRITES PEĆNICA MINUTE 1Kg,90478418,MINUTE,1.00 kg,ko,2.99,2.99,,1.99,2.99,3858884500041,HRANA
ŠAMPON NIVEA CARE EXPR 2U1 400ml,90478560,NIVEA,0.40 l,ko,5.99,14.98,,5.99,5.99,4005900910066,KOZMETIKA
REGENER GLISS EXPR SPLIT MIR 200ml,90484033,GLISS,0.20 l,ko,,22.45,4.49,4.49,7.09,9000101287233,KOZMETIKA
VL MAR VIOLETA 99% WATER 3x56/1,90486069,VIOLETA,168.07 ko,ko,,0.03,4.29,6.59,6.59,3870128018198,TOALETNE POTREPŠTINE
ŠTAPIĆI LOLI PAPIRNATI VATENI 300/1,90486077,LOLI,300.30 ko,ko,2.65,0.01,,2.65,2.65,3858890794793,TOALETNE POTREPŠTINE
LEĆA GARDEN GOOD SMEĐA 500g,90493312,GARDEN GOOD,0.50 kg,ko,1.49,2.98,,1.09,1.09,3838900957097,HRANA
TRETMAN GLISS 7S ULT REP 200ML,90518241,GLISS,0.20 l,ko,6,30,,6,6,9000101610352,KOZMETIKA
BUČINA GOLICA GG PEČENA NESLANA 100g,90518730,GARDEN GOOD,0.10 kg,ko,1.39,13.9,,0.95,1.39,3838900802489,HRANA
VINO GRAŠEVINA TERRA VINEA BIB 3L ,90553498,TERRA VINEA,3.00 l,ko,,1.66,4.99,6.69,6.69,3850334520883,PIĆE
 PANCETA 100 NAR MA PIK,90563223,PIK VRBOVEC,0.10 kg,ko,2.99,29.9,,2.99,2.99,3850139522037,HRANA
MIX ANAMARIA 2U1 LATTE 12g,90571568,ANAMARIA,0.01 kg,ko,0.33,27.5,,0.33,0.33,3858881771826,HRANA
GEL TUŠ OLD SPICE WHITEWAT XXL 675ml,90572100,OLD SPICE,0.68 l,ko,7.49,11.1,,7.49,7.49,8006540280195,KOZMETIKA
NAMAZ LINO LADA DUO 160g,90572233,LINO LADA,0.16 kg,ko,2.29,14.31,,2.29,2.29,3856020240219,HRANA
ZP LACALUT GUM AKT P&S 75ml,90572392,LACALUT,0.08 l,ko,4.99,66.53,,3.99,4.99,4016369546062,KOZMETIKA
BRANCIN LL TOTAL FISH,90587741,TOTAL,1.00 kg,kg,10.99,10.99,,6.59,10.99,,HRANA
ORADA LL TOTAL FISH,90587748,TOTAL,1.00 kg,kg,11.09,11.09,,6.65,11.09,,HRANA
DEO MADLENE ROYAL BLUE 75ml,90598966,MADLENE,0.08 l,ko,1.99,26.53,,1.99,1.99,5997001715147,KOZMETIKA
SIR KOZJI BILJE I ZAČINI 130g,90598977,Q CONCEPT,0.13 kg,ko,3.49,26.85,,3.49,3.49,5902431274522,HRANA
ŠUNKA LINO PILEĆA 60g NAR ,90599008,LINO,0.06 kg,ko,1.75,29.17,,1.19,1.75,3856020257064,HRANA
KREMA TIJ BIOB BOTANIC GARD 300ml,90599099,BIOBAZA,0.30 l,ko,3,10,,3,5.35,3856020909376,KOZMETIKA
RAKIJA ŠLJIVOVICA 0.5L DALMACIJAVINO,90599452,DALMACIJAVINO,0.50 l,ko,8.05,16.1,,8.05,8.05,3858892460610,PIĆE
ČIPS OD LEĆE CHIO PAPRIKA  65g,90600037,CHIO,0.07 kg,ko,1.99,30.62,,1.99,1.99,3856021305276,HRANA
VODA IZVOR JANA MENTA LIMETA ZERO 1.5L,90600113,JANA,1.50 l,ko,,0.93,1.39,1.59,1.59,3858890879230,PIĆE
ČOKOL SAMO TI LJEŠNJAK 100g,90600435,SAMO TI,0.10 kg,ko,1.29,12.9,,0.79,1.29,3858881065000,HRANA
OSLIĆ BEZ GLAVE 400g HUBSI LEDO,90607785,LEDO,0.40 kg,ko,3.89,9.73,,3.89,3.89,3850116048659,HRANA
KAŠA ZOB BOOM BOX LJEŠNJAK/ČOKO 300g,90622931,BOOM BOX,0.30 kg,ko,3.99,13.3,,3.99,3.99,3858890479225,HRANA
AJVAR BLAGI OD PEČENE PAPRIKE 290g PODRAVKA,90623010,PODRAVKA,0.29 kg,ko,5.19,17.9,,5.19,5.19,3856020253714,HRANA
TUNJ SALATA KVINOJA 160g RIO MARE,90623557,RIO MARE,0.16 kg,ko,4.69,29.31,,2.15,4.69,8004030835023,HRANA
PROTEIN PRO WHEY VANILLA RASPBERRY 30g,90623665,POLLEO,0.03 kg,ko,1.99,66.33,,1.99,1.99,3856026801674,HRANA
ALTROKE KOBASICA SVJ PANCETA I LUK 290g MAP ,90633029,ALTROKE,0.29 kg,ko,3.19,11,,2.23,3.19,3858894290666,HRANA
SLADILO STEVIA 200 TABL SUSSINA,90637861,SUSSINA,0.02 kg,ko,3.59,163.18,,3.59,3.59,90125584,HRANA
VAFL VANILIJA BŠ 60g GULLON,90652791,GULLON,0.06 kg,ko,,8.83,0.53,0.89,0.89,8410376058819,HRANA
ŠEĆER PASTA VEET DEP 250ML,90669023,VEET,0.25 l,ko,7,28,,7,7,4002448114017,KOZMETIKA
VINO BIJELO VERMENTINO VALERINO 0.75L,90669350,VELARINO,0.75 l,ko,9.35,12.47,,9.35,9.35,8008863059946,PIĆE
BUĐOLA K PLUS NAR 250g,90670425,K PLUS,0.25 kg,ko,5.49,21.96,,5.49,5.49,3850334019905,HRANA
LIGNJA PATAGONI KOL I KR WOFCO 360g,90672979,WOFCO,0.36 kg,ko,5.49,15.26,,3.99,5.49,8436565914964,HRANA
PIVO GARDEN OSEKA 0.44L,90677976,GARDEN,0.44 l,ko,3.25,7.39,,3.25,3.25,3858893811275,PIĆE
WHISKAS MM GOVEDINA 85G,90678140,WHISKAS,0.09 kg,ko,0.89,10.47,,0.89,0.89,5900951301919,PROIZVODI ZA KUĆANSTVO
POLLEO SHAKER I'M NOT HERE TO TALK 0.6L,90678293,POLLEO,0.60 l,ko,3.49,5.82,,3.49,3.49,3856026804743,HRANA
DEO FA GLAMOROUS MOMENTS 150ml,90703163,FA,0.15 l,ko,3.99,26.6,,2.49,3.99,9000101709827,KOZMETIKA
PLJUKANCI 350g KARLA,90703196,KARLA,0.35 kg,ko,1.89,5.4,,1.89,1.89,3858881509276,HRANA
UMAK ZA SUSHI BG 345g KIKKOMAN,90703252,KIKKOMAN,0.35 kg,ko,,10.58,3.65,4.53,4.53,8715035800021,HRANA
LASAGNETTE BOLOGNESE 825g CONDELI,90703568,CONDELI,0.83 kg,ko,3.98,4.82,,2.95,3.98,9010557506352,HRANA
BOMBON GUM KIKI SOUR WORMS 90g KRAŠ,90704690,KIKI,0.09 kg,ko,1.19,13.22,,0.89,1.19,3850102006663,HRANA
SUDŽUKICA 300g,90732101,GAVRILOVIĆ,0.30 kg,ko,6.99,23.3,,6.99,6.99,3858892725665,HRANA
KEFIR SUPER 3%MM 750g Z BREGOV,90732927,Z BREGOV,0.75 kg,ko,2.09,2.79,,2.09,2.09,3850108037548,HRANA
TALIANETTA TJEST MILANEZE 155g PODRAVKA,90770354,PODRAVKA,0.16 kg,ko,2.49,16.06,,1.59,2.49,3856020269340,HRANA
BADEM PRŽENI SLANI 70 g MOGYI,90771047,MOGYI,0.07 kg,ko,1.99,28.43,,1.49,1.99,5997347542759,HRANA
REGEN HERBAL ESSENCES COCONUT 250 ml,90771263,HERBAL ESSENCES,0.25 l,ko,4,16,,4,4,8700216210393,KOZMETIKA
MC MP SVINJ KRUMPIR GRAŠAK PATE 150 g,90774810,MIGLIOR,0.15 kg,ko,,6.53,0.98,1.25,1.25,8007520027274,PROIZVODI ZA KUĆANSTVO
LOS POS BRIJ DENIM ANTI WRINK 100 ml,90774972,DENIM BRAND,0.10 l,ko,5,50,,5,5,8008970054285,KOZMETIKA
CDO SLADOLED TRIPLE CHOCO 825ml,90785148,ALGIDA CD OR,0.46 l,ko,7.99,17.5,,7.99,7.99,8711327618060,HRANA
ČETKICA CURAPROX 3PACK CS3960 SOFT,90702833,CURAPROX,3.00 ko,ko,13.99,4.66,,13.99,13.99,7612412003963,KOZMETIKA
TIJESTO TARANA 400g MARODI,90703284,MARODI,0.40 kg,ko,1.89,4.73,,1.89,1.89,3859893944260,HRANA
SET BIOBAZA BOTANIKA ROSARY,90704134,BIOBAZA,1.00 ko,ko,,7.48,7.48,9.99,9.99,3856020912413,KOZMETIKA
DESERT ORG GERBER MAN/KIVI/KOK 4X90g,90707561,GERBER,0.36 kg,ko,3.99,11.08,,3.19,3.99,7613287257901,HRANA
NAPITAK ZOB VANILIJA EKO 1L BOOM BOX,90707638,BOOM BOX,1.00 l,ko,3.29,3.29,,2.29,3.29,3856027800225,HRANA
SIRNI NAMAZ NATUR 200g ARLA,90707922,ARLA,0.20 kg,ko,2.25,11.25,,2.25,2.25,5711953158445,HRANA
MRVICE K PLUS 500g,90714158,K PLUS,0.50 kg,ko,1.05,2.1,,1.05,1.05,3850334045584,HRANA
ŠAMPON AFR ARGAN 950ml,90744865,AFRODITA,0.95 l,ko,4.79,5.04,,4.79,4.79,3831070661702,KOZMETIKA
VOLI VOLI SP MIX PIL I GOV 13kg,90745729,VOLI VOLI,13.00 kg,ko,10.99,0.85,,10.99,10.99,3859893822711,PROIZVODI ZA KUĆANSTVO
TORBA ZA KUPOVINU KONZUM PLATNENA,90769995,K PLUS,1.00 ko,ko,1.99,1.99,,1.99,1.99,3850334108722,PROIZVODI ZA KUĆANSTVO
SIR POLUTVRDI 250g LEERDAMMER,90770437,LERRDAMMER,0.25 kg,ko,5.69,22.76,,5.69,5.69,8721800082110,HRANA
ŠUNKA PUREĆA EXCLUSIVE NAR 100g,90770610,SLIM&FIT,0.10 kg,ko,1.79,17.9,,1.79,1.79,3838977050646,HRANA
TWISTER MONSTAAH 70ML,90794956,ALGIDA,0.07 l,ko,0.49,7,,0.49,0.49,8714100849446,HRANA
KEKS ČAJNI KOLUTIĆI 1000g KRAŠ,90800317,KRAŠ,1.00 kg,ko,3.49,3.49,,3.49,3.49,3850102009954,HRANA
MUESLI GRANOLA BIJ ČOK/KEKS 500g KOLLN,90810643,KOLLN,0.50 kg,ko,5.99,11.98,,5.99,5.99,4000540003246,HRANA
GAZ PIĆE SPRITE ZERO 0.5 L,90829657,SPRITE,0.50 l,ko,1.15,2.3,,1.15,1.15,5449000332707,PIĆE
SUSHI YOKOHAMA 260 g GINGER,90864857,GINGER SUSHI,0.26 kg,ko,7.99,30.73,,7.99,7.99,3859893601774,HRANA
MUESLI DATULJA I MATICHA 350 g OPLAN,90869770,OPLANT,0.35 kg,ko,3.99,11.4,,3.99,3.99,3856020274269,HRANA
TUNJ OCEAN KOM MAS ULJ YF 3X70/3X52g,90869926,OCEAN,0.16 kg,ko,3.99,25.58,,3.99,3.99,3850334415035,HRANA
MUESLI LINO ZOB/ŠLJIVA 150 g,90874768,LINO,0.15 kg,ko,,13.27,1.99,1.99,2.79,3856020277284,HRANA
TJEST SIMPLY PASTA PENNE RIGATE 500g,90875096,SIMPLY PASTA,0.50 kg,ko,1.29,2.58,,0.89,1.29,3858884500614,HRANA
ČOKOLADA TAMNA 70% SOL 100 g VALOR,90880109,VALOR,0.10 kg,ko,2.99,29.9,,1.99,2.99,8410109051247,HRANA
GEL TUŠ PALM OLIVE 750 ml,90885361,PALMOLIVE,0.75 l,ko,5.09,6.79,,5.09,5.09,8714789733296,KOZMETIKA
STICK OS WOLFTHORN 85 ml,90885654,OLD SPICE,0.09 l,ko,7.49,88.12,,7.49,7.49,8700216879835,KOZMETIKA
PRSA PILEĆA JELI 2600 g,90886913,GAVRILOVIĆ,1.00 kg,kg,9.99,9.99,,9.99,9.99,3858892724316,HRANA
KREKER HRUSTY PARTY PVC 350 g,90886925,HRUSTY,0.35 kg,ko,1.89,5.4,,1.89,1.89,3838900844533,HRANA
DESERT CORNY BIG ZERO KIKIR/ČOK 40 g,90887292,SCHWARTAU,0.04 kg,ko,1.19,29.75,,1.19,1.19,4011800001575,HRANA
NEKTAR MULTIVITAMIN JUICY 2 L,90889900,JUICY,2.00 l,ko,3.39,1.7,,2.99,3.39,3858890979817,PIĆE
TIJESTO ORECCHIETTE 500 g BRAGAGNOLO,90894651,BRAGAGNOLO,0.50 kg,ko,1.99,3.98,,1.99,1.99,8004350138477,HRANA
ORAH MLJEVENI 200g KRESTO,01310460,KRESTO,0.20 kg,ko,2.39,11.95,,1.67,2.39,3858882290661,HRANA
SALATA ICEBERG KOMAD,01400480,,0.35 kg,ko,1.29,3.68,,1.29,1.49,3859889558891,HRANA
UMAK BURRITO 440g POCO LOCO,01490384,POCO LOCO,0.44 kg,ko,3.99,9.07,,3.99,3.99,5412514999834,HRANA
ŠAMPINJONI REZ LIM 220g PODRAVKA,01600556,PODRAVKA,0.22 kg,ko,2.29,10.41,,2.29,2.29,3850104257834,HRANA
POSEBNA PUREĆA 500g VINDIJA,02044187,VINDON,0.50 kg,ko,1.99,3.98,,1.59,1.99,3850159128332,HRANA
SIR TVRDI EMENTALER K PLUS,02053796,K PLUS,1.00 kg,kg,10.62,10.62,,7.99,10.62,,HRANA
SIR TVRDI PRAMENKO VAC PAŠKA SIRANA,02055396,PAŠKA SIRANA,1.00 kg,kg,29.99,29.99,,29.99,29.99,3859889426619,HRANA
VRHNJE ZA KAVU 10x10ML DUKAT,02170404,BRZO&FINO,0.10 l,ko,1.29,12.9,,1.29,1.29,3850354006138,HRANA
ŠKAMP 16/20 SVJEŽI FIORITAL,02190356,,1.00 kg,kg,22.09,22.09,,13.25,22.09,93856024301445,HRANA
KOVAČ 800/1500 SVJEŽI,02197636,,1.00 kg,kg,30.29,30.29,,18.16,30.29,,HRANA
GRDOBINA I SVJ CENTAURUS,02197745,,1.00 kg,kg,15.79,15.79,,9.47,15.79,,HRANA
KAPELUNGE SVJEŽE,02197784,,1.00 kg,kg,8.49,8.49,,5.09,8.49,93856024300592,HRANA
SKUŠA SVJEŽA MEDUZA,02199553,,1.00 kg,kg,5.49,5.49,,3.29,5.49,,HRANA
MLIJEČNI DESERT KINDER MAXI KING 35g,02329055,FERRERO,0.04 kg,ko,0.79,22.57,,0.79,0.79,4008400553023,HRANA
SLAD TWICE VANILIJA ČOKOLADA 1L LEDO,02350875,TWICE,1.00 l,ko,,2.39,2.39,2.99,2.99,3850116712970,HRANA
SVINJETINA MLJEVENA,02403741,KONZUM,1.00 ko,ko,4.11,4.11,,2.88,4.11,,HRANA
PILEĆA PRSA BEZ KOŽE CCA 500G/2.5kg SP SV,02431114,PERUTNINA PT,1.00 kg,kg,,5.89,5.89,5.89,7.59,3850220115810,HRANA
PUREĆI RASJEK MIX PODL KOKA VINDIJA,02450020,VINDON,1.00 kg,kg,6.99,6.99,,6.99,6.99,3850339408018,HRANA
PUREĆI VRAT MINI PAK VINDIJA,02451405,VINDON,1.00 kg,kg,2.99,2.99,,2.99,2.99,3850339405505,HRANA
VINO GRAŠEVINA 0.75L ERDUT,03020146,ERDUTSKI VINOGRADI,0.75 l,ko,6.99,9.32,,6.05,6.99,3859889193078,PIĆE
VISKI TULLAMORE DEW 0.7L,03080089,TULLAMORE,0.70 l,ko,23.99,34.27,,23.05,23.05,5011026108033,PIĆE
KONJAK MARTELL VS 0.7L,03080250,MARTELL,0.70 l,ko,33.55,47.93,,33.55,33.55,3219820000078,PIĆE
KAŠICA HIPP BRESKVA 190g,03140016,HIPP,0.19 kg,ko,1.69,8.89,,1.69,1.69,9062300000358,HRANA
PECIVO PET KOMADA 300g        KLARA,04010223,KLARA,0.30 kg,ko,1.35,4.5,,1.35,1.35,3858881321304,HRANA
RIŽA ARBORIO 500g GALLO,04060067,RISO GALLO,0.50 kg,ko,3.49,6.98,,2.79,3.49,8001420002140,HRANA
PAPRIKA DIMLJENA LJUTA 50 g KOTANYI,90890470,KOTANYI,0.05 kg,ko,1.99,39.8,,1.99,1.99,9001414804773,HRANA
CAPP JACOBS MILKA ČOKO 2X126.40 g,90904688,JACOBS,0.25 kg,ko,4.98,19.7,,4.98,4.98,3858895412401,HRANA
KOKOS BRAŠNO 200g KRESTO,01310469,KRESTO,0.20 kg,ko,1.19,5.95,,0.83,1.19,3858882290807,HRANA
KRUMPIR 5 kg,01400162,KORA,5.00 kg,ko,3.99,0.8,,3.99,3.99,3850334386120,HRANA
LUK ŽUTI  VLAKIĆ 4 KOM,01400238,KORA,0.75 kg,ko,0.99,1.32,,0.99,0.99,3850334386212,HRANA
MARMELADA NARANČA 370g BONNE MAMAN,01502103,BONNE MAMAN,0.37 kg,ko,3.99,10.78,,3.99,3.99,3608580705161,HRANA
MLIJEKO ČOKOLADNO 'ZB 200ML VINDIJA,02230108,Z BREGOV,0.20 l,ko,0.99,4.95,,0.99,0.99,3850108022971,HRANA
TORTA ROĐENDANSKA 1000g LEDO,02351416,LEDO,1.00 kg,ko,17.99,17.99,,13.99,17.99,3850116875873,HRANA
SV GLAVA SK ,02400276,PIK VRBOVEC,1.00 kg,kg,0.99,0.99,,0.99,0.99,3850139400793,HRANA
PILE KALIBRO POD SVJ KOKA,02434408,CEKIN,1.00 kg,kg,3.31,3.31,,3.31,3.31,3850159113130,HRANA
KOZLETINA ,02470530,PIK VRBOVEC,1.00 kg,kg,9.99,9.99,,9.99,9.99,3850139510096,HRANA
LIKER PELINKOVAC ANTIQUE 0.7L,03071140,BADEL 1862,0.70 l,ko,17.05,24.36,,15.49,17.05,3850112110572,PIĆE
PRIMA BRAND 0.7L BADEL,03080574,BADEL 1862,0.70 l,ko,9.55,13.64,,9.55,9.55,3850112141323,PIĆE
VISKI JACK DANIEL'S 0.7L,03081739,JACK DANIELS,0.70 l,ko,24.25,34.64,,19.49,24.25,5099873089798,PIĆE
NEKTAR VINDI JABUKA 2L,03140893,VINDI,2.00 l,ko,2.49,1.25,,2.49,2.49,3850108078749,PIĆE
ULJE MASLINOVO DJEV 0.25L BLATO,03210118,BLATO 1902,0.25 l,ko,5.99,23.96,,5.99,5.99,3859888154254,HRANA
TOAST 500g    KLARA,04010237,KLARA,0.50 kg,ko,2.15,4.3,,2.15,2.15,3858881320017,HRANA
CROISSANT 7DAYS MINI VANILIJA 185g,04029806,CHIPITA,0.19 kg,ko,2.65,14.32,,1.85,2.65,7622202215735,HRANA
BRAŠNO POLUBIJELO T-850 1kg MLINETA,04030179,MLINETA,1.00 kg,ko,1.09,1.09,,1.09,1.09,3859888419315,HRANA
TIJESTO GRAMIGNONE 27 500g ZARA,04050192,PASTA ZARA,0.50 kg,ko,1.59,3.18,,0.89,1.59,8004350130273,HRANA
TIJESTO FUSILLI 34 500g DE CECCO,04050312,DE CECCO,0.50 kg,ko,2.79,5.58,,2.79,2.79,8001250120342,HRANA
KAVA JUBIL VAC MLJEV 250g FRANCK,04070777,JUBILARNA,0.25 kg,ko,,17.56,4.39,4.49,5.39,3858881080263,HRANA
ČOKOLADA TAMNA NARAN 100g VIVANI,04212120,VIVANI,0.10 kg,ko,2.65,26.5,,2.65,2.65,4044889001013,HRANA
ČIPS JABUKA 50g K PLUS ACTIVE,04280479,K PLUS,0.05 kg,ko,1.19,23.8,,1.19,1.19,3850334212566,HRANA
SPUŽVA MAXI 5/1 REKORD,05357257,POLLY FLEX,5.00 ko,ko,1.65,0.33,,1.65,1.65,3858882680035,PROIZVODI ZA KUĆANSTVO
VREĆ ZA ZAMRZ PELY 2L 30/1,05520596,PELY,30.00 ko,ko,1.29,0.04,,1.29,1.29,4007519086620,PROIZVODI ZA KUĆANSTVO
PEL PAMPERS PREMIUM MAXI 4 7-18KG 52/1,06500268,PAMPERS,52.00 ko,ko,,0.29,14.99,14.99,14.99,4015400278818,TOALETNE POTREPŠTINE
HIG UL LOLA LADY PLAST 10/1,06501260,LOLA LADY,10.00 ko,ko,2.15,0.22,,2.15,2.15,3858881100053,TOALETNE POTREPŠTINE
ČETKICA K PL DENTORAL MEDIUM,06531299,DENTORAL,1.00 ko,ko,0.89,0.89,,0.89,0.89,3850334610195,KOZMETIKA
TRAKE ČUP DEP TIJ 16 KOM SENSITIV,06590464,ČUPKO,16.00 ko,ko,,0.22,3.59,4.49,4.49,3859888495500,KOZMETIKA
KREMA VEET OSJETLJIVA KOŽA 100ML,06594885,VEET,0.10 l,ko,,42.9,4.29,5.59,5.59,5997321773438,KOZMETIKA
BOMBONI K PLUS MENTOL 100g,90029865,K PLUS,0.10 kg,ko,0.59,5.9,,0.59,0.59,3850334211866,HRANA
GEL TUŠ K PLUS OLEA SPA MIN 300ml,90089204,OLEA,0.30 l,ko,1.19,3.97,,1.19,1.19,3850334103420,KOZMETIKA
BOJA PALETTE PNC 765,90090399,PALETTE PNC,1.00 ko,ko,4.49,4.49,,4.49,4.49,9000100886383,KOZMETIKA
MORSKI PAS OGULJENI RZ LIB,90097429,,1.00 kg,kg,10.19,10.19,,6.11,10.19,,HRANA
CIKLA REZANCI 380/680g PODRAVKA,90267841,PODRAVKA,0.38 kg,ko,2.29,6.03,,1.99,2.29,3850104292118,HRANA
ČOKOL MILKA NOISETTE 270g,90297966,MILKA,0.27 kg,ko,6.79,25.15,,3.99,3.99,7622210702593,HRANA
MAST DJEČJA 500ML       0631,06600073,JGL,0.50 l,ko,11.99,23.98,,9.99,11.99,3858891010090,KOZMETIKA
ODST MRLJA DR BECKM 75g,08140403,BECKMANN,0.08 kg,ko,2,26.67,,2,2,4008455340418,SREDSTVA ZA ČIŠĆENJE
PIVO HOLSTEN LIMENKA 0.5L,90034504,HOLSTEN,0.50 l,ko,1.05,2.1,,1.05,1.05,3858887584208,PIĆE
VRHNJE ZA ŠLAG 36%MM 200ML VINDIJA,90055241,Z BREGOV,0.20 l,ko,2.19,10.95,,2.19,2.19,3850108033816,HRANA
NAPITAK BADEM 250ml ALPRO,90062771,ALPRO,0.25 l,ko,1.69,6.76,,1.69,1.69,5411188122586,HRANA
KREMA ZA KOLAČE ČOK 150g DOLC,90064155,DOLCELA,0.15 kg,ko,1.99,13.27,,1.99,1.99,3850104263644,HRANA
BOJA SYOSS OLEO 3-10 TAM SMEĐA,90065441,SYOSS OLEO,1.00 ko,ko,,6.49,6.49,6.49,7.99,9000100840743,KOZMETIKA
KIKIRIKI PRŽENI SLANI 320g,90070917,EUROCOMPANY,0.32 kg,ko,2.35,7.34,,2.35,2.35,3872084003584,HRANA
DEKOR PERLE MIX 10g DR OETKER,90073947,DR OETKER,0.01 kg,ko,0.69,69,,0.69,0.69,5907707055164,HRANA
KREMA ACETO BALZAMICO 250ML CREMONINI,90081709,CREMONINI,0.25 l,ko,3,12,,3,3,8033717730085,HRANA
SOJA SOS 500ML YAMASA,90083062,YAMASA,0.50 l,ko,4.79,9.58,,4.79,4.79,4903001017724,HRANA
TIJESTO ISTAR LAZANJICE 250g KLARA,90083689,KLARA M,0.25 kg,ko,2.79,11.16,,2.79,2.79,3859888499942,HRANA
SOK NAR EKO 750ml DIDA BOŽA,90084453,DIDA BOŽA,0.75 l,ko,4.29,5.72,,4.29,4.29,3859892699147,PIĆE
ŠARAN ODREZAK KUPA,90091717,,1.00 kg,kg,,8.19,8.19,4.91,8.39,,HRANA
SIR TVRDI U TERANU  1/4 ŠPIN,90091915,ŠPIN,1.00 kg,kg,29.99,29.99,,29.99,29.99,3858881194236,HRANA
NEKTAR VINDI JABUKA 0.2L,90093114,VINDI,0.20 l,ko,0.59,2.95,,0.59,0.59,3850108074581,PIĆE
KEKS SPEKULAS 400g KOESTLIN,90138646,SPEKULAS,0.40 kg,ko,4.09,10.23,,4.09,4.09,3856014116995,HRANA
NAPITAK ZOB 1L ALPRO,90073918,ALPRO,1.00 l,ko,3.79,3.79,,3.79,3.79,5411188115366,HRANA
ŠTAPIĆI SLANI SALTAS 45g,90076231,SALTAS,0.05 kg,ko,0.49,10.89,,0.49,0.49,3856014112881,HRANA
NAPITAK MONSTER ENERGY 0.5L,90088082,MONSTER,0.50 l,ko,1.95,3.9,,1.95,1.95,5060166695279,PIĆE
KORNET 10 KOM 50g,90094005,,0.05 kg,ko,0.85,17,,0.85,0.85,3859892892999,HRANA
KRPA NAVLAKA ZA BRISAČ VILEDA ULTRA,90106797,VILEDA,1.00 ko,ko,19.49,19.49,,19.49,19.49,4023103201262,PROIZVODI ZA KUĆANSTVO
PASTRVA OČIŠĆENA EUROFISH,90159561,,1.00 kg,kg,7.39,7.39,,3.75,7.39,,HRANA
TOAST AMERICAN SANDWICH 550G MORATO,90167259,MORATO,0.55 kg,ko,2.65,4.82,,2.65,2.65,8006837000918,HRANA
KAŠICA HIPP JAB BAN MAN ACER 190g,90167276,HIPP,0.19 kg,ko,1.69,8.89,,1.69,1.69,4062300293779,HRANA
MIX JACOBS 2U1 VREĆICA 10KOMX14g,90188538,JACOBS,0.14 kg,ko,3.99,28.5,,3.99,3.99,8711000516584,HRANA
JOGURT TEKUĆI 1000G VERONIKA,90202857,VERONIKA,1.00 kg,ko,2.39,2.39,,2.39,2.39,3859889622370,HRANA
NAPITAK NEPRŽEN BADEM BŠ 1L ALPRO,90270173,ALPRO,1.00 l,ko,3.99,3.99,,3.99,3.99,5411188122661,HRANA
PASTRVA SVJ MEDUZA,90281786,,1.00 kg,kg,5.09,5.09,,3.05,5.09,,HRANA
SIR NAM PHILADELPHIA JOGURT 175g,90302559,PHILADELPHIA,0.18 kg,ko,3.49,19.94,,3.49,3.49,7622300756390,HRANA
SLANUTAK EUROCOMPANY 500g,90312029,EUROCOMPANY,0.50 kg,ko,1.59,3.18,,1.59,1.59,3872084000651,HRANA
GAZ PIĆE FRANKLIN GINGER BEER 0.2L,90316766,FRANKLIN INDIAN TONIC,0.20 l,ko,1.95,9.75,,1.95,1.95,5032678005396,PIĆE
SHEBA MM VREĆICA MINI PIL/GOV/PATKA 6X50g,90320335,SHEBA,0.30 kg,ko,1,3.33,,1,1,4770608265984,PROIZVODI ZA KUĆANSTVO
KRUH SKANDINAVSKI 700g MLINAR,90320585,MLINAR,0.70 kg,ko,2.99,4.27,,2.99,2.99,3858881122512,HRANA
NAMAZ VOĆ ŠUM VOĆE 220g DARBO,90326060,DARBO,0.22 kg,ko,3.79,17.23,,3.79,3.79,9001432038235,HRANA
PIVO STELLA ARTOIS 4PACK LIM 0.5L,90330621,STELLA ARTOIS,2.00 l,ko,6.15,3.08,,6.15,6.15,3850131483374,PIĆE
KREKER SEZAM 80g ELEPHANT,90343005,ELEPHANT,0.08 kg,ko,,9.38,0.75,0.99,0.99,5949040201068,HRANA
SIR PRESIDENT CHEDDAR CCA 2.7kg,90363314,PRESIDENT,1.00 kg,kg,13.99,13.99,,13.99,13.99,3850355006236,HRANA
ZAČIN KIM CRNI ST 55g KOTANYI,90363946,KOTANYI,0.06 kg,ko,3.19,58,,2.95,3.19,9001414240465,HRANA
ALU FOLIJA FINO 30m,90364651,FINO,30.00 m,ko,5.99,0.2,,4.79,5.99,5900536352060,PROIZVODI ZA KUĆANSTVO
ULJE MASLI EX DJ  GRANFRUT 500ml MONINI,90377966,MONINI,0.50 l,ko,10.49,20.98,,10.49,10.49,80056591,HRANA
KAVA LAVAZZA QUALITA ORO 250g,90386110,LAVAZZA,0.25 kg,ko,9.59,38.36,,9.59,9.59,8000070019911,HRANA
VOĆNI NAMAZ OD SMOKVE 330gr,90403916,BOKUN,0.33 kg,ko,4.19,12.7,,4.19,4.19,3859891224111,HRANA
SIR BOKUN KRAVLJI/OVČJI 300g DALMAT SIREVI,90404170,DALMATINSKI SIREVI,0.30 kg,ko,6.49,21.63,,5.49,6.49,3859893220340,HRANA
MAJČINA DUŠICA 14g VREĆ KOTANYI,90405960,KOTANYI,0.01 kg,ko,0.99,70.71,,0.99,0.99,9001414015599,HRANA
UMAK PESTO MINUTE 190g,90406518,MINUTE,0.19 kg,ko,2.49,13.11,,2.49,2.49,3850334130570,HRANA
SIR TVRDI RIB MIX GRAN AGRIFORM 100g,90409872,AGRIFORM,0.10 kg,ko,1.89,18.9,,1.89,1.89,8003518100516,HRANA
REGEN FRUCT HAIR F BAN 350ml,90410176,GARNIER FRUCTIS,0.35 l,ko,,10.83,3.79,5.49,5.49,3600542290272,KOZMETIKA
PAŠTETA PILEĆA CLASSIC  100 g,90427959,GAVRILOVIĆ,0.10 kg,ko,1.35,13.5,,1.35,1.35,3858890207743,HRANA
DET MERI MERINO SENSITIVE 2.7L,90428089,MERI MERINO,2.70 l,ko,9.99,3.7,,9.29,9.29,3850111105807,SREDSTVA ZA ČIŠĆENJE
MLIJEKO ZAMJ NAN COMFOR 2 800g,90437978,NAN,0.80 kg,ko,,19.99,15.99,19.59,19.59,7613034965769,HRANA
PEC ČAJNO KIFLICE ORANŽ 225g FANOLA,90453200,FANOLA,0.23 kg,ko,2.99,13.29,,2.99,2.99,3859888257696,HRANA
ČOK TAMNA S LJEŠNJ 100g VRSNA,90473049,VRSNA,0.12 kg,ko,5.99,52.09,,5.99,5.99,3858892258101,HRANA
BOJA GLISS COLOR 7-00,90483434,GLISS,1.00 ko,ko,7.39,7.39,,7.39,7.39,9000101261806,KOZMETIKA
AFTER EIGHT ORANGE MINTS 200g,90485477,AFTER EIGHT,0.20 kg,ko,4.99,24.95,,4.99,4.99,7613287290748,HRANA
NAPITAK ZOB LJEŠNJAK EKO 1L BOOM BOX,90493640,BOOM BOX,1.00 l,ko,3.29,3.29,,2.29,3.29,3858890476989,HRANA
SKYR PROTEIN ACTIVE ZONE 500g,90518490,ACTIVE ZONE,0.50 kg,ko,1.79,3.58,,1.79,1.79,3838900802342,HRANA
FOLIJA PRIJANJAJUĆA GREEN NATURE 20m,90570166,ALUFIX,20.00 m,ko,1.79,0.09,,1.79,1.79,9001376053097,PROIZVODI ZA KUĆANSTVO
MEDENO SRCE 350g PIONIR,90570252,PIONIR,0.35 kg,ko,4.19,11.97,,4.19,4.19,8602300201631,HRANA
ŠUNKA PUREĆA PEČENA PIK VAK,90570273,PIK,1.00 kg,kg,,13.99,13.99,13.99,17.19,3850139522143,HRANA
AROMA NARANČA 38ml DR OETKER ,90572106,DR OETKER,0.04 l,ko,1.69,44.47,,1.19,1.69,5907707053184,HRANA
PAHULJICE LUMPI PILLOWS NOUGAT 250g,90593656,LUMPI,0.25 kg,ko,1.33,5.32,,1.33,1.33,3850334007902,HRANA
DESERT QUARK MAXI JAJE S IGRAČ 160g,90598179,KIDSWORLD,0.16 kg,ko,4.99,31.19,,4.99,4.99,8595588202882,HRANA
KREMA BRIJ PALMOLIVE CLASSIC 65g,90599465,PALMOLIVE,0.07 kg,ko,3.29,50.62,,3.19,3.19,8714789442440,KOZMETIKA
DET ECOVER SENSITIVE 1.5L=30PR,90600536,ECOVER,1.50 l,ko,14.29,9.53,,10.87,13.59,5000204254945,SREDSTVA ZA ČIŠĆENJE
RAJČICA YOOM 250 GRAMA,90600747,,0.25 kg,ko,2.79,11.16,,2.79,2.79,3859890369196,HRANA
CIDER SOMERSBY MANGO LIMETA 0.5L LIM,90607711,SOMERSBY,0.50 l,ko,1.79,3.58,,1.49,1.79,3858887584185,PIĆE
DET ARIEL EXTRA CLEAN 10 TAB,90662821,ARIEL,10.00 ko,ko,7,0.7,,7,7,8001090803412,SREDSTVA ZA ČIŠĆENJE
ŠTRUDLA SMOKVA 125g LASTA,90662930,LASTA,0.13 kg,ko,1.33,10.64,,1.33,1.33,3870128029934,HRANA
MJEŠAVINA FITNESS 400g LEDO,90668476,LEDO,0.40 kg,ko,3.29,8.23,,3.29,3.29,3850116053349,HRANA
DŽEM EXTRA JAGODA BAKINA TAJNA 375 g,90750317,BAKINA TAJNA,0.38 kg,ko,6.09,16.24,,6.09,6.09,8606011030344,HRANA
NAMAZ LJEŠNJAK ČOK 360 g BONNE MAMAN,90750826,BONNE MAMAN,0.35 kg,ko,6.45,18.43,,6.45,6.45,3608580129615,HRANA
TJEST CASARECCE DURUM 400g PEREC,90750963,OPG PEREC,0.40 kg,ko,2.49,6.23,,2.49,2.49,3859894123107,HRANA
ČIPI ČIPS SVJ SIR I MLADI LUK 130 g,90751037,ČIPI ČIPS,0.13 kg,ko,2.19,16.85,,1.89,2.19,3856021306662,HRANA
PLOČICA BAD BIJ ČOK MAL 100g DELAVIUDA,90759936,DELAVIUDA,0.10 kg,ko,4.59,45.9,,4.59,4.59,8410223907888,HRANA
VINO SAUVIGNON CMREČNJAK VRH 0.75L,90764782,VINARIJA CMREČNJAK,0.75 l,ko,16.55,22.07,,16.55,16.55,3857500020741,PIĆE
TUBA NUTRINO JAB/BAN/KEKS 100 g,90765271,NUTRINO,0.10 kg,ko,1.05,10.5,,1.05,1.05,8606019650629,HRANA
NAPITAK BADEM BŠ PROMO PACK 4X1L ALPRO,90769864,ALPRO,4.00 l,ko,7.49,1.87,,7.49,7.96,5411188125945,HRANA
KEKS BOOM BOX ZOBENI ŠUM VOĆE 50 g,90770963,BOOM BOX,0.05 kg,ko,0.99,19.8,,0.99,0.99,3856027801451,HRANA
GEL TUŠ DOVE W GLOWING 225 ml,90775057,DOVE,0.23 l,ko,,14.93,3.36,4.49,4.49,8720181465857,KOZMETIKA
TRETMAN SYOSS INTENSE PLEX 100 ml,90775212,SYOSS,0.10 l,ko,8.99,89.9,,8.99,8.99,9000101731705,KOZMETIKA
KREMA ZOR MAST MICROBIOT SPF30 50 ml,90775300,ZORINA MAST,0.05 l,ko,16.29,325.8,,16.29,16.29,3859894008480,KOZMETIKA
SERUM OLIVAL ROUTEEN RESTART 30 ml,90775508,OLIVAL,0.03 l,ko,6,200,,6,6,3858892694770,KOZMETIKA
NEG PIĆE JAGODA FRUCTAL 0.4L ,90785007,FRUCTAL,0.40 l,ko,1.35,3.38,,1.35,1.35,3838945042376,PIĆE
VODA VITAMIN DETOX DANA 0.75 L ,90785021,DANA,0.75 l,ko,1.39,1.85,,1.39,1.39,3830055521642,PIĆE
SLAD CARTE D'OR CHEESE JAGODA 825 ML,90785086,ALGIDA CD OR,0.83 l,ko,7.99,9.68,,7.99,7.99,8711327619678,HRANA
DŽEM MALINA EKO 240 g DIDA BOŽA,90800890,DIDA BOŽA,0.24 kg,ko,3.98,16.58,,2.78,3.98,3859894111180,HRANA
KOLAČ ČOKO BANANICA 800 g,90810395,STAMEVSKI,0.80 kg,ko,17.99,22.49,,17.99,17.99,8606033760854,HRANA
VINO GRAŠEVINA ERDUT NEW LINE 0.75 L,90824795,ERDUTSKI VINOGRADI,0.75 l,ko,7.99,10.65,,7.05,7.99,3859889193221,PIĆE
KOKOSOVO BRAŠNO BIO ZONE 200 g,90824922,BIO ZONE,0.20 kg,ko,1.29,6.45,,0.99,1.29,3838900841198,HRANA
ČAJ ENGLISH BREAKFAST 20/1 40g ETS,90824963,ENGLISH TEA SHOP,0.04 kg,ko,4.49,112.25,,4.49,4.49,0680275029090,HRANA
LJEŠNJAK BIO SNACK 75 g NUTRIGOLD,90825225,NUTRIGOLD,0.08 kg,ko,1.39,18.53,,1.11,1.39,3858894431359,HRANA
MUESLI THIN 400 g GRACI,90825432,GRACI,0.40 kg,ko,4.39,10.98,,3.49,4.39,4751019538744,HRANA
VITAMIN C 800 mg 90TAB NUTRIGOLD,90825841,NUTRIGOLD,90.01 ko,ko,8.99,0.1,,8.99,8.99,3858891976327,HRANA
ASHWAGANDA 500MG 90TAB NUTRIGOLD,90825854,NUTRIGOLD,90.01 ko,ko,11.99,0.13,,11.99,11.99,3858891976341,HRANA
VANISH WHITE POWDER 970 g,90825914,VANISH,0.97 kg,ko,9,9.28,,7.2,9,5999109562821,SREDSTVA ZA ČIŠĆENJE
PEL PAMPERS PREMIUM VP S7 32/1,90839902,PAMPERS,32.00 ko,ko,,0.47,14.99,14.99,14.99,8700216423915,TOALETNE POTREPŠTINE
KOLAČ ČUPAVCI  XXL 750 g MLINAR,90849648,MLINAR,0.75 kg,ko,11.19,14.92,,11.19,11.19,3856028407201,HRANA
ZP SIGNAL JUNIOR 7-13G 75 ml,90850529,SIGNAL,0.08 l,ko,3.49,46.53,,2.44,2.44,8720181501845,KOZMETIKA
RUČ PAP NATUR CL CUT 150L 3SL 2/1,90850726,NATUR,2.00 ko,ko,1.59,0.8,,1.59,1.59,3850334429650,PROIZVODI ZA KUĆANSTVO
CAPPUCCINO RITUAL CLAS VR MAXX  300g,90854980,RITUAL,0.30 kg,ko,1.99,6.63,,1.99,1.99,8605028614707,HRANA
KEKS PLAZMA SRCA NARANČA 100 g,90864882,BAMBI,0.10 kg,ko,1.79,17.9,,1.79,1.79,8600043036770,HRANA
VINO POŠIP TEŽAK VRH 0.75 L,90874682,BLATO 1902,0.75 l,ko,18.39,24.52,,18.39,18.39,3859888154827,PIĆE
KREMA J&J BABY 100 ml,90874811,J&J,0.10 l,ko,4.79,47.9,,4.79,4.79,3574661660912,KOZMETIKA
USKRŠNJI ZEC 60 g INCO,90875445,INCO,0.06 kg,ko,0.2,3.33,,0.2,0.3,5901812694225,HRANA
NAPITAK ZOB TAM ČOKO 1 L O'PLANT,90879900,O PLANT,1.00 l,ko,3.49,3.49,,2.19,3.49,3856020249991,HRANA
CIDER SOMERSBY 0.0% BAZGA 0.33 L LIM,90884968,SOMERSBY,0.33 l,ko,1.25,3.79,,1.25,1.25,8600331002838,PIĆE
SALV PALOMA BOU FLOW 33X33 3SL 20/1,90885067,PALOMA,1.00 ko,ko,1.69,1.69,,1.35,2.29,3838952036153,PROIZVODI ZA KUĆANSTVO
DEO DOVE Ž PEACH&BLOSSOM 150 ml,90885157,DOVE,0.15 l,ko,,26.73,4.01,5.35,5.35,8720181443572,KOZMETIKA
SERUM NIVEA CELL EX SPF50+ 30 ml,90885330,NIVEA,0.03 l,ko,,536,16.08,22.99,22.99,9005800388656,KOZMETIKA
PATRONE GILLETTE SENSOR 3 8/1,90885722,GILLETTE,8.00 ko,ko,,1.13,9.01,10.99,10.99,8700216356879,KOZMETIKA
SIR PROTEIN 250 g PRESIDENT,90885865,PRESIDENT,0.25 kg,ko,3.79,15.16,,2.99,2.99,3850355008124,HRANA
DET ARIEL EX STAIN REMOVAL 26TAB,90886268,ARIEL,26.00 ko,ko,17.99,0.69,,11.49,17.99,8700216765305,SREDSTVA ZA ČIŠĆENJE
DET ARIEL EX COLOR CARE 1.35 L=30 PR,90886421,ARIEL,1.35 l,ko,17.99,13.33,,17.99,17.99,8700216691529,SREDSTVA ZA ČIŠĆENJE
DET ARIEL EX BLACK CARE 2.7 L=60 PR,90886426,ARIEL,2.70 l,ko,28.99,10.74,,28.99,28.99,8700216691727,SREDSTVA ZA ČIŠĆENJE
KOMPOT ANANAS KOM 565/340 g EXCELS,90886634,EXCELSIOR,0.34 kg,ko,2.49,7.32,,2.49,2.49,9001397508194,HRANA
LOSION NIVEA SUN FINISH SPF50+ 150 m,90887305,NIVEA,0.15 l,ko,,82.93,12.44,17.79,17.79,6001051006267,KOZMETIKA
GAZ PIĆE XIXO LEMONADE 0.25 L,90889787,XIXO,0.25 l,ko,0.69,2.76,,0.69,0.69,5999571055227,PIĆE
NAPOLITANKE CHOCO MILK 180 g LASTA,90889858,LASTA,0.18 kg,ko,1.69,9.39,,1.69,1.69,3870128039650,HRANA
TIJESTO SPAGHETTI 400 g KOLEDA,90889953,KOLEDA,0.40 kg,ko,1.85,4.63,,1.85,1.85,3859888433618,HRANA
NEKTAR B VIŠNJA JABUKA TO 0.2 L,90890107,TO,1.00 ko,ko,0.49,0.49,,0.49,0.49,3858890974669,PIĆE
JAGODA DOMAĆA 500 g,90900072,,0.50 kg,ko,2.49,4.98,,1.99,2.99,3856028690047,HRANA
LUK LJUBIČASTI PAK VLAKIĆ 4 KOM,01400239,,0.75 kg,ko,1.29,1.72,,1.29,1.49,3850334074560,HRANA
GLJIVA PORTABELLA 250 grama,01404938,,0.25 kg,ko,1.99,7.96,,1.99,1.99,3850334393159,HRANA
KRUŠKA CONFERANS,01410030,,1.00 kg,kg,2.49,2.49,,2.29,2.49,3858885876619,HRANA
KEČAP BLAGI 1kg  PODRAVKA,01490806,PODRAVKA,1.00 kg,ko,2.99,2.99,,2.99,2.99,3850104240836,HRANA
KITTY MM GOVEDINA 100g ALU,01640554,KITTY,0.10 kg,ko,0.49,4.9,,0.39,0.49,3850334028389,PROIZVODI ZA KUĆANSTVO
FRISKIES SM MESO JET POV 300g,01647071,FRISKIES,0.30 kg,ko,2.29,7.63,,1.59,2.29,7613031868308,PROIZVODI ZA KUĆANSTVO
SIR POLUTV GOUDA 400g ZDENKA,02055621,ZDENKA,0.40 kg,ko,5.99,14.98,,5.99,5.99,3858888590505,HRANA
ZAMJE KAVIJAR CRNI KAPEL 50g KLAROM,02197068,FRIEDRICHS,0.05 kg,ko,3.79,75.8,,3.79,3.79,5709505800027,HRANA
SARDINA U BILJ ULJ AQ 73.5G,02198474,ADRIATIC QUEEN,0.07 kg,ko,1.69,22.99,,1.69,1.69,3850160102161,HRANA
TUNJ FILETI U BILJ ULJU AQ 105g/73.5 g,02198482,ADRIATIC QUEEN,0.07 kg,ko,3.49,47.48,,3.49,3.49,3850160108064,HRANA
MAJONEZA TUBA 265g THOMY NESTLE,02200347,THOMY,0.27 kg,ko,3.59,13.55,,3.59,3.59,7613287084545,HRANA
MLIJEKO TRAJNO KOZJE 2.8% 0.2L VIND,02230124,Z BREGOV,0.20 l,ko,0.95,4.75,,0.95,0.95,3850108026009,HRANA
SLAD QUATTRO FANTASY 1650ml,02351265,QUATTRO,1.65 l,ko,7.49,4.54,,4.99,7.49,3850116036144,HRANA
SIR SVJEZI POSNI PRESIDENT 10% 500g,02390048,PRESIDENT,0.50 kg,ko,2.49,4.98,,2.49,2.49,3850355001026,HRANA
SIR SVJEŽI CAPRO FRESH 280g VINDIJA,02398971,Z BREGOV,0.28 kg,ko,4.99,17.82,,4.99,4.99,3850108058451,HRANA
SV MESNATA SLANINA OBR B KL ,02400214,PIK VRBOVEC,1.00 kg,kg,6.25,6.25,,6.25,6.25,3850139523072,HRANA
SV LEĐA SK U KOŽI ,02402308,PIK VRBOVEC,1.00 kg,kg,5.65,5.65,,5.65,5.65,3850139523034,HRANA
JUN MLJEV MESO 850g MA PIK VRBOVEC,02414352,PIK VRBOVEC,0.85 kg,ko,8.79,10.34,,6.15,8.79,3850139415438,HRANA
VINO VRANAC PROCORDE 0.75L PLANTAŽE,03020320,PLANTAŽE,0.75 l,ko,11.05,14.73,,11.05,11.05,3899003001018,PIĆE
PIVO HOLSTEN 2L,03131124,HOLSTEN,2.00 l,ko,2.65,1.33,,2.65,2.65,3858887580484,PIĆE
NEKTAR CRNI RIBIZL FRUCTAL1L,03142816,FRUCTAL,1.00 l,ko,2.29,2.29,,1.72,1.72,3838945509015,PIĆE
GAZ PIĆE COCA COLA ZERO 0.5L,03160279,COCA COLA,0.50 l,ko,1.15,2.3,,1.15,1.15,5449000131836,PIĆE
NEG PIĆE FIS JABUKA 1L,03160760,FIS,1.00 l,ko,1.09,1.09,,1.09,1.09,3850108072907,PIĆE
MIN VODA STUDENAC 1.5L GAZ PET,03180888,STUDENAC,1.50 l,ko,0.89,0.59,,0.89,0.89,3856022300836,PIĆE
MLINCI TRADICIONALNI DOM 500g MLIN,04028018,MLIN JERTOVE,0.50 kg,ko,2.25,4.5,,2.25,2.25,3859892386016,HRANA
TIJESTO CHIFFERI RIGATI 55 500g ZARA,04050184,PASTA ZARA,0.50 kg,ko,1.59,3.18,,0.89,1.59,8004350130556,HRANA
REZANAC S UMAK GLJIVA 140g TALIANETT,04050902,TALIANETTE,0.14 kg,ko,2.49,17.79,,1.59,2.49,3850104230967,HRANA
TIJESTO REZANAC DOM USKI 400g PISKAČ,04051386,PISKAČ,0.40 kg,ko,3.85,9.63,,3.85,3.85,3859888330139,HRANA
CAPP FR ČOK 200g VR,04071157,FRANCK,0.20 kg,ko,3.29,16.45,,3.29,3.29,3858881084476,HRANA
KAVA GUATEMALA MLJEV 250g VA FRANCK,04072219,FRANCK,0.25 kg,ko,8.99,35.96,,8.99,8.99,3858881086296,HRANA
SOL MORSKA SITNA 1kg PVC SOLANA PAG,04110005,SOLANA PAG,1.00 kg,ko,0.75,0.75,,0.75,0.75,3859888155077,HRANA
KREMA PARFE 180g DOLCELA,04180205,DOLCELA,0.18 kg,ko,3.39,18.83,,3.39,3.39,3850104075803,HRANA
BOMBON MENTOL EXT STRONG 100g KRAŠ,04191991,KRAŠ,0.10 kg,ko,0.89,8.9,,0.89,0.89,3850102215621,HRANA
ČOKOLADA TAMNA 71% 100g VIVANI,04217506,VIVANI,0.10 kg,ko,2.65,26.5,,2.65,2.65,4044889001006,HRANA
DESERT KNOPPERS 25g,04220173,KNOPPERS,0.03 kg,ko,0.49,19.6,,0.49,0.49,40144399,HRANA
ŠUMEĆE TABL KALCIJ 96g NATUREL,04280422,NATUREL,0.10 kg,ko,2.25,23.44,,2.25,2.25,3858887241736,HRANA
BLAZINICE JEAN CAROL 90/1,06501127,JEAN CAROL,90.01 ko,ko,1.72,0.02,,1.72,1.72,4000576396909,TOALETNE POTREPŠTINE
ZP AQUA DJ KIDS LITTLE TEETH  50ML 2049,06530300,AQUAFRESH,0.05 l,ko,2.69,53.8,,2.69,2.69,5054563204363,KOZMETIKA
LAK TAFT POWER 250ml    0783,06540285,TAFT,0.25 l,ko,,11.96,2.99,2.99,4.99,4015000510790,KOZMETIKA
BOJA PALETTE DELUXE 750  2196,06542976,PALETTE DELU,1.00 ko,ko,,4.79,4.79,4.79,4.79,3838824176932,KOZMETIKA
BOJA PALETTE DELUXE 400  2035,06542981,PALETTE DELU,1.00 ko,ko,,4.79,4.79,4.79,4.79,3838824176734,KOZMETIKA
MARAMICE NIVEA VIS NORM 25 KOM 1212,06590282,NIVEA,25.00 ko,ko,,0.15,3.7,5.29,5.29,9005800305776,KOZMETIKA
SPREJ NIVEA DJ P&S SUN SPF 50 200ML,06592272,NIVEA,0.20 l,ko,,78.65,15.73,22.49,22.49,4005900600202,KOZMETIKA
PRONTO VIŠENAMJENSKI TRIGGER  4503,08031103,PRONTO,0.50 l,ko,5.19,10.38,,3.89,5.19,5000204218398,SREDSTVA ZA ČIŠĆENJE
VARIKINA CEKIN 1L 0168 METEOR,08032999,CEKINA,1.00 l,ko,2.19,2.19,,1.99,1.99,3859888110168,SREDSTVA ZA ČIŠĆENJE
ZIMSKA SALAMA NAR 80g,90045241,GAVRILOVIĆ,0.08 kg,ko,2.69,33.63,,2.69,2.69,3858881227637,HRANA
NAPOLITANKA ČOKOL 740g,90089099,KOESTLIN,0.74 kg,ko,4.79,6.47,,4.79,4.79,3856014115004,HRANA
NAPOLITANKA VOĆ KOCKA 180g,90089108,KOESTLIN,0.18 kg,ko,1.85,10.28,,1.85,1.85,3856014114410,HRANA
NAPITAK LJEŠNJAK 1L ALPRO,90093688,ALPRO,1.00 l,ko,3.89,3.89,,3.89,3.89,5411188110842,HRANA
NAPITAK ČOK BEZ LAKT 0.2 L VINDIJA,90839713,VINDIJA,0.20 l,ko,0.99,4.95,,0.99,0.99,3850108022933,HRANA
MARELICA SUHA 200 g NATURA,90850609,NATURA,0.20 kg,ko,3.89,19.45,,2.72,3.89,3859892798499,HRANA
PINJOLI 80 g NATURA,90850619,NATURA,0.08 kg,ko,4.89,61.13,,3.42,4.89,3859893124174,HRANA
TJESTENINA GOVEDINA  CUP 93g YAKISOBA,90325258,YAKISOBA,0.09 kg,ko,,18.17,1.69,2.09,2.09,8000050021644,HRANA
Vina Vupik Vranac 1l,90331920,VUPIK,1.00 l,ko,2.95,2.95,,2.95,2.95,3858882617079,PIĆE
SIR POLUT DOMAĆI KUH CCA 0.5kg,90354879,DALMATINSKI SIREVI,1.00 kg,kg,14.99,14.99,,14.99,14.99,,HRANA
HOBOTNICA ODMRZNUTA 700/1500 MEDUZA,90356685,MEDUZA,1.00 kg,kg,16.79,16.79,,10.07,16.79,,HRANA
MLIJEKO OLEA POSLIJE SUN 200ml,90360482,OLEA,0.20 l,ko,2.99,14.95,,2.99,2.99,3850334153791,KOZMETIKA
PIVO K1664 BLANC 0.5 L LIM.,90360919,KRONENBOURG 1664,0.50 l,ko,1.75,3.5,,1.59,1.75,3080216031811,PIĆE
PIVO PAN RAD BRESKVA ĐUMBIR 0.5L LIM,90360959,PAN,0.50 l,ko,1.55,3.1,,1.55,1.55,3858887583225,PIĆE
ONE MM PILETINA MAHUNE 85g,90362327,ONE,0.09 kg,ko,1.19,14,,0.79,1.19,7613036936811,PROIZVODI ZA KUĆANSTVO
PROTEIN BAR CHOCO BROWNIE 60g,90373148,POLLEO,0.06 kg,ko,1.99,33.17,,1.99,1.99,3858892292266,HRANA
JOGURT SOJIN BRESK 150g ALPRO,90381606,ALPRO,0.15 kg,ko,1.55,10.33,,1.55,1.55,5411188126393,HRANA
NAMAZ  TUNA I TRI PAPRA 100g RIO MARE,90383141,RIO MARE,0.10 kg,ko,3.59,35.9,,1.99,3.59,8004030538023,HRANA
KEKS DOLCI CEREALI VOĆE DULCETTI 250g,90400683,DULCETTI,0.25 kg,ko,1.75,7,,1.75,1.75,3850334011060,HRANA
GEL OLIVAL GAVEZ 250ml,90402836,OLIVAL,0.25 l,ko,3.29,13.16,,3.29,3.29,3858892691595,KOZMETIKA
MASLAC K PLUS 250 g,90869682,K PLUS,0.25 kg,ko,2.79,11.16,,2.79,2.79,3850334432278,HRANA
USKRŠNJA JAJA MIX 120 g ROVELLI,90875447,ROVELLI,0.12 kg,ko,0.7,5.83,,0.7,1,8004333016600,HRANA
NAPITAK ZOB BARISTA 1 L OATLY,90880036,OATLY,1.00 l,ko,3.49,3.49,,3.49,3.49,7394376616778,HRANA
PASTA ORAL B SENS&GUM 75 ml,90885835,ORAL B,1.00 ko,ko,4.39,4.39,,4.39,4.39,8700216712835,KOZMETIKA
OM LENOR FA FRESH WIND 504 ml,90886147,LENOR,0.50 l,ko,,6.92,3.49,4.79,6.39,8700216722827,SREDSTVA ZA ČIŠĆENJE
SLAD SANDWICH MONTE 3X120 ml,90886429,MONTE,0.36 l,ko,5.99,16.64,,3.99,5.99,5906040064222,HRANA
SLAD MILKA COOKIE 3X90 ml,90886481,MILKA,1.00 ko,ko,6.99,6.99,,5.99,6.99,5900130038056,HRANA
UMAK RAJČICA CHERRY 330 g AGROMONTE,90886576,AGROMONTE,0.33 kg,ko,3.99,12.09,,3.99,3.99,8032817240319,HRANA
BOROVNICA 250 grama,01415052,,0.25 kg,ko,2.99,11.96,,2.29,2.99,3850334385932,HRANA
LAZANJE 400g PARADISO,90033875,PARADISO,0.40 kg,ko,2.39,5.98,,2.39,2.39,3859889154727,HRANA
POKLON PAKET SANJKE,90046991,LUBIN,0.75 l,ko,22.99,30.65,,22.99,22.99,3859891501311,PIĆE
BAMBUS ŠTAPIĆI ZA JELO SAITAKU,90056076,SAITAKU,0.07 kg,ko,1.19,18.31,,1.19,1.19,5060194790878,HRANA
GEL TUŠ K PLUS OLEA ORH/KAŠ 300ml,90089196,OLEA,0.30 l,ko,1.19,3.97,,1.19,1.19,3850334103178,KOZMETIKA
SAPUN TEK K PLUS OLEA ORH/CAS 500ml,90097689,OLEA,0.50 l,ko,1.45,2.9,,1.45,1.45,3850334567482,KOZMETIKA
BANJALUČKI ĆEVAPČIĆ,90151006,KONZUM,1.00 ko,ko,7.48,7.48,,5.23,7.48,,HRANA
SAL VOĆNA DINJA KOCKICE 220g KONZUM,90178899,KONZUM,0.22 kg,ko,0.98,4.45,,0.98,0.98,,HRANA
LIKER KRUŠKOVAC 1L ZVEČEVO,90184930,ZVEČEVO,1.00 l,ko,10.39,10.39,,10.39,10.39,3858894170883,PIĆE
DEO NIVEA ROLL ON FRESH FLOW 50ml,90185299,NIVEA,0.05 l,ko,,83.8,4.19,4.19,4.19,42277873,KOZMETIKA
DOMESTOS HIG MARAMICE 60/1 LEMON,90212243,DOMESTOS,59.99 ko,ko,5.04,0.08,,5.04,5.04,8720181349836,SREDSTVA ZA ČIŠĆENJE
ŠAMP&KUPKA BECUTAN 2U1 400ML,90212356,BECUTAN,0.40 l,ko,,11.55,4.62,5.79,5.79,5310001223434,KOZMETIKA
KEKS ADRIA SMOKVENJAK 100g,90236162,ADRIA,0.10 kg,ko,4.29,42.9,,1,4.29,3858890262568,HRANA
GEL TUŠ AFROD BAD CVIJET 1000ML,90262619,AFRODITA,1.00 l,ko,5.99,5.99,,5.99,5.99,3831070652298,KOZMETIKA
BOJA PALETTE ICC BW12 NUDE SVIJETLOPLAVA,90264176,PALETTE ICC,1.00 ko,ko,,3.49,3.49,3.49,3.49,9000101024449,KOZMETIKA
RUČNIK PAP PALOMA BIJ 3SL 6/1,90270411,PALOMA,6.00 ko,ko,2.99,0.5,,2.99,2.99,3838952033978,PROIZVODI ZA KUĆANSTVO
PAPAR CRNI MLJEVENI VREĆICA VEGETA MAESTRO 20 g,90282175,VEGETA MAESTRO,0.02 kg,ko,1.49,74.5,,0.89,1.49,3850104294426,HRANA
ŠUNKA KUHANA 350G PIK,90288253,PIK VRBOVEC,0.35 kg,ko,4.69,13.4,,4.69,4.69,3850139360028,HRANA
NAMAZ HUMMUS NATURAL 80g RIBELLA,90290945,RIBELLA,0.08 kg,ko,1.19,14.88,,1.19,1.19,8606011898913,HRANA
BOMBONI JELLY KICKS 100G KANDIT,90291734,BONKO,0.10 kg,ko,0.95,9.5,,0.95,0.95,3858889864766,HRANA
VEGETA NATUR VR 75g PODRAVKA,90331815,VEGETA,0.08 kg,ko,1.49,19.87,,1.49,1.49,3850104257933,HRANA
PRALINE FINESSE ORIGINAL 350g,90341275,FINESSE,0.35 kg,ko,3.69,10.54,,3.69,3.69,3850334132857,HRANA
JUN SLAB I LEÐA SK SB JUNICE ,90360400,,1.00 kg,kg,16.49,16.49,,16.49,16.49,3850139422771,HRANA
DEO GARNIER ACTION CONTR CLINICAL 150ml,90361748,GARNIER,0.15 l,ko,,24.6,3.69,4.59,4.99,3600542217507,KOZMETIKA
STICK OLD SPICE CAPTAIN 50ml,90362366,OLD SPICE,0.05 l,ko,,74.8,3.74,4.99,4.99,8700216203982,KOZMETIKA
DESERT KINDER PARADISO T1 29g,90363205,FERRERO,0.03 kg,ko,0.65,22.41,,0.65,0.65,80052807,HRANA
ŠUNKA ZA PIZZU 350g GAVRILOVIĆ,90382217,GAVRILOVIĆ,0.35 kg,ko,3.29,9.4,,3.29,3.29,3858892721315,HRANA
DET TEKUĆI BECUTAN 1L,90385682,BECUTAN,1.00 l,ko,,4.7,4.7,5.89,5.89,5310001235482,SREDSTVA ZA ČIŠĆENJE
JADRANSKA SRDELA ADRIA MARE 1KG,90404185,ADRIA MARE,1.00 kg,ko,2.99,2.99,,2.55,2.99,3850334131423,HRANA
DET WOOLITE DARK 3.6L,90404569,WOOLITE,3.60 l,ko,10,2.78,,10,10,5900627090529,SREDSTVA ZA ČIŠĆENJE
PIVO EDELMEISTER LIMUN 0.0% 0.5L LIM,90404723,EDELMEISTER,0.50 l,ko,1.09,2.18,,1.09,1.09,5900535013665,PIĆE
OSLIĆ SVJ PAKIRANA KONZUM,90405326,,1.00 kg,kg,4.59,4.59,,2.75,4.59,,HRANA
VEGETA VREĆICA 400g PODRAVKA,90408501,VEGETA,0.40 kg,ko,3.39,8.48,,3.39,3.39,3850104260872,HRANA
UMAK PUTTANESCA 260g AGROMONTE,90814813,AGROMONTE,0.26 kg,ko,3.99,15.35,,3.39,3.99,8032817245888,HRANA
BOMBON CEDEVITA NARANČA 18g,90706152,CEDEVITA,0.02 kg,ko,0.69,38.33,,0.69,0.69,38506222,HRANA
KAVA ESPRES ZRNO STRETTO 500g FRANCK,90707106,FRANCK,0.50 kg,ko,14.69,29.38,,14.69,14.69,3850291054018,HRANA
MEĐIMURSKO PILE PICEK S MARINADOM,90707151,MEĐIMURSKO PILE,1.00 kg,kg,3.32,3.32,,3.18,3.32,3850220407687,HRANA
ŠAMPON SCHAUMA 7 TRAVA 400ml DUO,90713848,SCHAUMA,0.80 l,ko,5.49,6.86,,5.49,5.49,3838824432977,KOZMETIKA
GAZ.PIĆE XIXO TUTTI FRUITY 0.25 L,90725584,XIXO,0.25 l,ko,0.69,2.76,,0.69,0.69,5999571050598,PIĆE
PALENTA S TARTUFIMA 170g ZIGANTE,90731081,ZIGANTE,0.17 kg,ko,3.99,23.47,,3.99,3.99,3858891981574,HRANA
VINO MUŠKAT OTTONEL ANTUNOVIĆ 0.75L ,90731530,ANTUNOVIĆ,0.75 l,ko,12.99,17.32,,12.99,12.99,3859892364069,PIĆE
BUNCEK DIMLJENI RFZ MM,90731836,MM,1.00 kg,kg,6.49,6.49,,6.49,6.49,,HRANA
SIR POLUTV VARAŽ TRAPIST 280g,90731994,Z BREGOV,0.28 kg,ko,4.69,16.75,,4.69,4.69,3850108057362,HRANA
KALCIJ PLUS LIMUN TREŠNJA 80g MULTIVITA,90735031,MULTIVITA,0.08 kg,ko,2.19,27.38,,2.19,2.19,3858881249288,HRANA
DŽEM EXTRA MARELICA DOORA 350 g,90750654,DOORA,0.35 kg,ko,3.59,10.26,,3.59,3.59,3858894540556,HRANA
HUMMUS ORIGINAL 180g GURU,90764835,RIBELLA,0.18 kg,ko,2.25,12.5,,2.25,2.25,8606011896377,HRANA
VINO PHAROS RESERVA PLANČIĆ VRH 0.75L,90764961,PLANČIĆ,0.75 l,ko,21.05,28.07,,21.05,21.05,3859893847127,PIĆE
ZAČIN GRILL SWEET CHILLI MED BILJE 75g VEGETA,90770276,VEGETA,0.08 kg,ko,1.29,17.2,,0.99,1.29,3856020270001,HRANA
OM ORNEL LUNAR 800 ml,90771089,ORNEL,0.80 l,ko,3.29,4.11,,2.19,3.29,3850105186492,SREDSTVA ZA ČIŠĆENJE
FLUID GARNIER NIACINAM SPF50+ 40 ml,90774657,GARNIER,0.04 l,ko,12.49,312.25,,12.49,12.49,3600542597784,KOZMETIKA
GRAH BIJELI 400/240 g GUSTO SANO,90774853,GUSTO SANO,0.24 kg,ko,1.19,4.96,,1.19,1.19,8057733190074,HRANA
MG MM SVINJ KRUMPIR GRAŠAK 100 g,90775159,MIGLIOR,0.10 kg,ko,0.99,9.9,,0.99,0.99,8007520027397,PROIZVODI ZA KUĆANSTVO
PIRE VOĆNI IMMUNO BIO 200 g O PLANT,90780056,O PLANT,0.20 kg,ko,1.99,9.95,,1.59,1.99,3856020270605,HRANA
AJAX POW MOUSSE UNIV SPR 500 ml,90785501,AJAX,0.50 l,ko,3.99,7.98,,3.99,3.99,8718951644021,SREDSTVA ZA ČIŠĆENJE
MIX ORIGINAL 3U1 15g STEVIQ,90794776,STEVIQ,0.02 kg,ko,0.89,59.33,,0.89,0.89,3858893680079,HRANA
BOJA COLOR NAT 4.15 FROST DK MAHOGAN,90800402,GARNIER COL NATURALS,1.00 ko,ko,,3.69,3.69,4.99,4.99,3600542617222,KOZMETIKA
TOAST AMERICAN 750 g XXL KLARA,90810144,KLARA,0.75 kg,ko,2.99,3.99,,2.99,2.99,3856016906945,HRANA
OM VIOLETA MYSTIC 1.55 L,90810704,VIOLETA,1.55 l,ko,4.55,2.94,,2.99,4.55,3870128039810,SREDSTVA ZA ČIŠĆENJE
DET FAKS VIOLET 6.5 kg=100PR,90819861,FAKS,6.50 kg,ko,16.69,2.57,,16.69,16.69,3850105187420,SREDSTVA ZA ČIŠĆENJE
ULJE SUNC HLAD PREŠ BIO 750 ml NUTRIGOLD,90825152,NUTRIGOLD,0.75 l,ko,3.65,4.87,,3.65,3.65,3858891972794,HRANA
CHOCO CHIPS SPECIAL M DARK ČOKO 100g,90825423,SPECIAL MOMENTS,0.10 kg,ko,2.99,29.9,,2.09,2.99,3850334428653,HRANA
BRUSNICE SUŠENE BIO 250 g  NUTRIGOLD,90825634,NUTRIGOLD,0.25 kg,ko,3.99,15.96,,3.99,3.99,3858891975801,HRANA
NAMAZ PROTEIN ZOE TWIST 200 g,90839778,POLLEO,0.20 kg,ko,5.99,29.95,,5.99,5.99,3856026711478,HRANA
BOJA OLIA 8.0 BLOND,90850117,GARNIER OLIA,1.00 ko,ko,7.59,7.59,,7.19,7.59,3600542601955,KOZMETIKA
REGEN PANTENE AQUA LIGHT 275 ml,90850375,PANTENE,0.28 l,ko,5.99,21.78,,4.49,4.49,8700216509015,KOZMETIKA
RUČ PAP PREMIUM 50L 3SL 4/1,90850720,NATUR,4.00 ko,ko,2.12,0.53,,2.12,2.12,3850334429636,PROIZVODI ZA KUĆANSTVO
PIVO FREE DAMM 0.0% 0.5 L LIM,90884923,FREE DAMM,0.50 l,ko,1.59,3.18,,1.59,1.59,8410793066121,PIĆE
CIDER SOMERSBY 0.0% BAZGA 0.33 L NB,90884960,SOMERSBY,0.33 l,ko,1.65,5,,1.65,1.65,3858887585861,PIĆE
SLAD KONTIKI MANGO 75 ml LEDO,90885986,LEDO,0.08 l,ko,0.99,13.2,,0.99,0.99,3850116066424,HRANA
DET ARIEL FRESH 1.65 kg=30PR,90886292,ARIEL,1.65 kg,ko,16.49,9.99,,16.49,16.49,8700216733663,SREDSTVA ZA ČIŠĆENJE
FLIPS CLIPSY MAX PILETINA 110 g,90887008,PEPSICO,0.11 kg,ko,,15.91,1.75,2.19,2.19,8606033741600,HRANA
NEGAZ PIĆE HAPPY DAY NARANČA SUN 1 L,90889877,HAPPY DAY,1.00 l,ko,2.29,2.29,,2.29,2.29,9008700237857,PIĆE
NEGAZ PIĆE JUICY FR ZMAJ VOĆE 0.5 L,90889989,JUICY FRUITS,0.50 l,ko,1.09,2.18,,1.05,1.09,3858890971170,PIĆE
PAPRIKA LJUTA kom,90890469,,0.04 kg,ko,0.29,8.29,,0.29,0.29,3856028690016,HRANA
SLAD GELATISSIMO ČOKOLADA 700 ml,90900015,GELATISSIMO,0.70 l,ko,2.29,3.27,,2.29,2.29,3850334433923,HRANA
AJVAR UPRŽENI BAKINA TAJNA 300g,01481016,BAKINA TAJNA,0.30 kg,ko,5.49,18.3,,5.49,5.49,8606102785030,HRANA
PILEĆI NAREZAK 150g   PODRAVKA,02166676,PODRAVKA,0.15 kg,ko,1.89,12.6,,1.89,1.89,3850104055706,HRANA
PAŠTETA PAČJA 115g HENAFF,02166688,JEAN HENAFF,0.12 kg,ko,3.59,31.22,,3.59,3.59,3537580700886,HRANA
PUDING MLIJE VANIL ČAŠA 125g VINDI,02320199,VINDIJA,0.13 kg,ko,0.65,5.2,,0.49,0.65,38500022,HRANA
SLAD SNJEGULJICA 65ML LEDO,02350046,LEDO,0.07 l,ko,0.99,15.23,,0.99,0.99,3850116500171,HRANA
SIR NAM ABC VLASAC 100g BELJE,02390925,ABC,0.10 kg,ko,1.35,13.5,,1.05,1.05,3856015324191,HRANA
SIR I VRHNJE SVJEZE 200g PRESIDENT,02398953,PRESIDENT,0.20 kg,ko,1.99,9.95,,1.99,1.99,3850355000845,HRANA
SV KOLJENICA SK    ,02402473,PIK VRBOVEC,1.00 kg,kg,2.55,2.55,,2.55,2.55,3850139400724,HRANA
ROLADA PUREĆA 600g SVJEŽA,02455489,VINDON,0.60 kg,ko,5.49,9.15,,5.49,5.49,3850339413203,HRANA
SENDVIČ MONTANA TROKUT PRŠUT 170g,02520795,MONTANA,0.17 kg,ko,3.59,21.12,,3.59,3.59,3859889353052,HRANA
ČAJ ŠIPAK FILTER 60g OMOT FRANCK,04091000,FRANCK,0.06 kg,ko,2.29,38.17,,2.29,2.29,3858881081864,HRANA
KLINČIĆ CIJELI 30g BOČ KOTANYI,04100219,KOTANYI,0.03 kg,ko,3.05,101.67,,2.79,3.05,9001414040317,HRANA
MED KADULJA HR 900g APIDAL,04131023,APIDAL,0.90 kg,ko,17.49,19.43,,17.49,17.49,3859889410014,HRANA
KIKIRIKI U TJES LUK/VRH 60g MOGYI,04142251,MOGYI,0.06 kg,ko,0.8,13.33,,0.6,0.8,5997347542902,HRANA
PECIVO KVIKI RIBICA 200g PODRAVKA,04145521,KVIKI,0.20 kg,ko,1.79,8.95,,1.79,1.79,3850104007620,HRANA
VAFLI MIGNON ČOK PRELJ 400g,04150969,MANNER,0.40 kg,ko,4.79,11.98,,2.99,2.99,9000331607993,HRANA
VAFL NAPOLIT CHOC CREAM BLOK 420g KR,04151425,KRAŠ,0.42 kg,ko,,5.45,2.29,2.29,3.19,3850102326143,HRANA
ŽELATINA U LISTIĆIMA 10g DR OETKER,04180093,DR OETKER,0.01 kg,ko,1.76,176,,1.76,1.76,4000521741204,HRANA
ŽELATINA INSTANT FIX 20g DR OETKER,04185020,DR OETKER,0.02 kg,ko,1.15,57.5,,1.15,1.15,5997381336437,HRANA
BOMBON PEZ FIGURICE 1+2 17g,04190686,PEZ,0.02 kg,ko,2.45,144.12,,1.84,2.45,5997255700104,HRANA
BOMBON MENTOL ZELENI 100g KANDIT,04191025,KANDIT,0.10 kg,ko,0.96,9.6,,0.96,0.96,3858881043466,HRANA
BOMBON PEZ FRUIT 6-PACK 51g,04191572,PEZ,0.05 kg,ko,1.19,23.33,,0.89,1.19,5997255708322,HRANA
BOMBON HAPPY MIX TVRDI 1000g LIKING,04194472,LIKING,1.00 kg,ko,6.95,6.95,,6.95,6.95,8002415801007,HRANA
ČOKOLADA PRAH 100g KANDIT,04210922,KANDIT,0.10 kg,ko,2.89,28.9,,2.89,2.89,3858881044043,HRANA
PRELJEV ČOKOLADA 230g SLADKI GREH,04220806,SLADKI GREH,0.23 kg,ko,2.99,13,,2.99,2.99,3838900032787,HRANA
DESERT RUM PLOČICE 45g,04221798,KANDIT,0.05 kg,ko,0.75,16.67,,0.75,0.75,3858881042186,HRANA
ČOKOLADA TAM CRNI RIBIZL 100g VIVANI,04280071,VIVANI,0.10 kg,ko,2.79,27.9,,2.79,2.79,4044889001044,HRANA
KREKER KUK INT RIŽE EKO 150g SCOTTI,04280239,RISO SCOTTI,0.15 kg,ko,,11.27,1.69,2.39,2.39,8001860259869,HRANA
AROMA JAGODA 15ML AROMAR,04360034,AROMAR,0.02 l,ko,1.59,106,,1.59,1.59,3859888333031,HRANA
SALVETE VIOLETA 38X38 2SL LILA 25/1,05081009,VIOLETA,25.00 ko,ko,1.59,0.06,,1.59,1.59,3870128003651,PROIZVODI ZA KUĆANSTVO
RUKAVICE SEMPERIT M-8   7673,05570975,SEMPERIT,1.00 ko,ko,1.69,1.69,,1.69,1.69,9001570497673,PROIZVODI ZA KUĆANSTVO
SAPUN TEK PALM OLIVE MILK 300ml,06510167,PALMOLIVE,0.30 l,ko,,7.3,2.19,3.19,3.19,8693495017633,KOZMETIKA
GEL TUŠ AFR ROSE 1L,06522144,AFRODITA,1.00 l,ko,5.99,5.99,,5.99,5.99,3830001291360,KOZMETIKA
BOJA PALETTE ICC N1 CRNA,06540410,PALETTE ICC,1.00 ko,ko,,3.49,3.49,3.49,3.49,3838824159416,KOZMETIKA
BOJA CASTING CR GLOSS 600 BLOND,06540747,LOREAL CASTING CREME GLOSS,1.00 ko,ko,7.99,7.99,,7.79,7.99,3600521372807,KOZMETIKA
KREMA NIVEA VIS 50ml DN SUH,06591089,NIVEA,0.05 l,ko,,129.8,6.49,9.29,9.29,9005800227207,KOZMETIKA
DEO BOROTALCO 150ML,08163668,BOROTALCO,0.15 l,ko,,13.27,1.99,1.99,3.99,8002410040388,KOZMETIKA
SV SLABINA I LEĐA BK ODR 560g PIK,90032093,PIK VRBOVEC,0.56 kg,ko,,7.12,3.99,2.79,2.79,3850139431681,HRANA
BOJA COL SENSAT 8,90032869,GARNIER COL SENSATION,1.00 ko,ko,,3.99,3.99,4.99,5.29,3600541136090,KOZMETIKA
ČAJ MALINA KUPINA PODRAVKA 50g,90055399,PODRAVKA,0.05 kg,ko,2.06,41.2,,2.06,2.06,3850104263262,HRANA
SKUŠA DIMLJENA FILET 100g MARKO,90058949,MARKO,0.10 kg,ko,4.39,43.9,,4.39,4.39,3859891289554,HRANA
PIVO PAN LIM 0.5L 4 PACK,90059069,PAN,2.00 l,ko,5.15,2.58,,3.99,5.15,3858887580477,PIĆE
PAHULJ LINO CRUNCH VR PODR 500g,90059724,LINO,0.50 kg,ko,4.99,9.98,,4.99,4.99,3850104263521,HRANA
VISKI GLENFIDDICH 18Y 0.7L,90062349,GLENFIDDICH,0.70 l,ko,114.49,163.49,,114.49,114.49,5010327325323,PIĆE
SAPUN TEK DAISY MED/MLIJ 500ml,90071153,DAISY,0.50 l,ko,0.89,1.78,,0.89,0.89,3850334355072,KOZMETIKA
TIROLSKA KOBASICA K PLUS 500g,90071887,K PLUS,0.50 kg,ko,2.99,5.98,,2.99,2.99,3850334349880,HRANA
GRDOBINA I SVJ LIBURNIJA,90074789,LIBURNIJA,1.00 kg,kg,13.99,13.99,,8.39,13.99,,HRANA
TUNA SVJ FIORITAL,90096944,,1.00 kg,kg,14.69,14.69,,8.81,14.69,,HRANA
VISKI ABERLOUR 12YO 0.7L,90130419,ABERLOUR,0.70 l,ko,44.05,62.93,,44.05,44.05,3047100056251,PIĆE
DET JAR LEMON 1.35L,90232430,JAR HDW,1.35 l,ko,6.59,4.88,,4.59,6.59,8001090621689,SREDSTVA ZA ČIŠĆENJE
ORADA DIVLJA PAKIRANA,90266086,,1.00 kg,kg,8.79,8.79,,5.27,8.79,,HRANA
BRISAČ PODA MOP CELUL ZAMJ KRPA DAX,90276238,DAX,1.00 ko,ko,1.59,1.59,,1.59,1.59,3850334599490,PROIZVODI ZA KUĆANSTVO
KANTA OCJEĐIVAČ OKRUGLA 12L DAX,90276259,DAX,1.00 ko,ko,3.32,3.32,,3.32,3.32,3850334599704,PROIZVODI ZA KUĆANSTVO
GEL ZA TUŠIRANJE NIVEA MEN SPORT 500ML,90280243,NIVEA,0.50 l,ko,6.69,13.38,,2.99,6.69,4005808782734,KOZMETIKA
PAPAR BIJELI MLJEVENI VR VEGETA MAESTRO 20 g,90282053,VEGETA MAESTRO,0.02 kg,ko,1.79,89.5,,1.79,1.79,3850104294501,HRANA
ČOKOL MILKA ALPSKA 270G,90297964,MILKA,0.27 kg,ko,5.99,22.19,,3.99,5.99,7622210702562,HRANA
FLIPS CHIO MINIONS 75g,90298389,CHIO,0.08 kg,ko,1.55,20.67,,1.55,1.55,9000159732501,HRANA
ČAJNA SLJEME NAR 80g MA,90298641,SLJEME,0.08 kg,ko,1.99,24.88,,1.99,1.99,3850139012460,HRANA
KREKERI SLANI 200G GULLON,90302243,GULLON,0.20 kg,ko,,10.45,2.09,3.49,3.49,8410376045017,HRANA
JUN BUT BK MARTINJAK MHF,90308779,,1.00 kg,kg,13.89,13.89,,13.89,13.89,3859893702464,HRANA
VINO CHARDONNAY 0.75L VINA LAGUNA,90311409,LAGUNA,0.75 l,ko,7.69,10.25,,7.69,7.69,3858881190320,PIĆE
DRESSING JOGURT 230ml DEVELEY,90326154,DEVELEY,0.23 l,ko,2.49,10.83,,1.74,2.49,4006824991698,HRANA
DRESSING SA ZAČINIMA 230ml DEVELEY,90326157,DEVELEY,0.23 l,ko,2.49,10.83,,1.74,2.49,4006824991490,HRANA
ČAJ VIŠNJA 25/1 62.5g JULIUS M,90339434,JULIUS MEINL,0.06 kg,ko,4.19,67.58,,4.19,4.19,9000403956974,HRANA
VODKA BELUGA 0.7L,90146816,BELUGA,0.70 l,ko,50.05,71.5,,50.05,50.05,4603928000976,PIĆE
PIVO CRNA KRALJICA 0.5L CYRKON,90150822,MEDVEDGRAD,0.50 l,ko,2.09,4.18,,1.69,2.09,3857500003294,PIĆE
BOJA EXCELLENCE 5,90154943,LOREAL EXCELLANCE,1.00 ko,ko,,6.69,6.69,8.59,8.99,3600523731879,KOZMETIKA
CASTING CREAM GLOSS 5.15,90155063,LOREAL CASTING CREME GLOSS,1.00 ko,ko,7.99,7.99,,7.79,7.99,3600521935088,KOZMETIKA
GOVEĐA KOCKA KUT. 40g PODRAVKA,90161347,PODRAVKA,0.04 kg,ko,1.15,28.75,,1.15,1.15,3850104274831,HRANA
KREKER BEZ GL 210g SCHAR,90213086,DR SCHAR,0.21 kg,ko,,19,3.99,4.99,4.99,8008698003503,HRANA
DEO DOVE M COOL FRESH SPRAY 150ml,90214808,DOVE,0.15 l,ko,,26.73,4.01,5.35,5.35,8720181284892,KOZMETIKA
SLAD BOUNTY 6X39.1g MULTIPAK,90227699,MARS,0.24 l,ko,5.49,23.4,,3.49,4.99,5000159483063,HRANA
NEKTAR ANANAS JUICY 1L,90240467,JUICY,1.00 l,ko,2.49,2.49,,1.69,2.49,3858890970999,PIĆE
PAHULJICE ZOB SITNE 500g BIO ZONE,90245911,BIO ZONE,0.50 kg,ko,1.39,2.78,,1.39,1.39,3838900804162,HRANA
DVOPEK MINI CLASSIC 120G NATUREL,90258605,NATUREL,0.12 kg,ko,1.39,11.58,,1.39,1.39,3858889361593,HRANA
PAŠTETA GOVEĐA S TARTUFIMA ARGETA 95G,90268407,ARGETA,0.10 kg,ko,2.59,27.27,,2.59,2.59,3838471021203,HRANA
VOD USTA OB PRO EXP PROF PROT NOR CE 500ml,90282043,ORAL B,0.50 l,ko,,7.78,3.89,5.19,5.19,4015600572969,KOZMETIKA
KUKURUZ KOKIČAR EUROCOMPANY 200g,90286966,EUROCOMPANY,0.20 kg,ko,0.69,3.45,,0.69,0.69,3872084000705,HRANA
DESERT LINO MLIJEČNI GRIS 200g,90290097,LINO,0.20 kg,ko,2.29,11.45,,2.29,2.29,3850104294167,HRANA
TOAST K PLUS CLASSIC 500g,90290974,K PLUS,0.50 kg,ko,0.99,1.98,,0.99,0.99,3850334610812,HRANA
COCKTAIL SEX ON THE BEACH 0.33l nb,90291844,A LE COQ,0.33 l,ko,1.65,5,,1.15,1.55,4740098002857,PIĆE
DESERT MARS 70g KINGSIZE,90297804,MARS,0.07 kg,ko,1.49,21.29,,1.49,1.49,5900951311215,HRANA
KAVA MLJ PRŽENA BARCAFFE  400g,90298402,BARCAFFE,0.40 kg,ko,,14.98,5.99,7.99,7.99,3838471032308,HRANA
KAPELUNGE KONZUM,90298473,,1.00 kg,kg,7.19,7.19,,4.31,7.19,,HRANA
KEKS POTKOVA 300g LE VENEZIANE,90324676,LE VENEZIANE,0.30 kg,ko,4.38,14.6,,4.38,4.38,8009915004204,HRANA
JUHA BOGATA S 5 ŽITARICA 80g PODRAVKA,90335104,PODRAVKA,0.08 kg,ko,1.49,18.63,,1.09,1.49,3856020218676,HRANA
TOFU HRENOVKE PIKANT EKO 180g ANNAPURNA,90363605,ANNAPURNA,0.18 kg,ko,3.99,22.17,,3.99,3.99,3859890343189,HRANA
PIROVO BRAŠNO INTEGRALNO 1kg MLIN PUKANIC,90404109,MLIN PUKANIĆ,1.00 kg,ko,3.09,3.09,,3.09,3.09,3859892888237,HRANA
ARTIČOKE ALLA CONTADINA 285g POLLI,90442812,POLLI,0.29 kg,ko,4.25,14.91,,4.25,4.25,80482475,HRANA
ISTARSKA PANCETA NAREZAK 80g PISINIUM,90299642,PISINIUM,0.08 kg,ko,3.15,39.38,,2.99,2.99,3858884931890,HRANA
NEG PIĆE VINDI VIŠNJA LIMUN MRKVA 2l,90299873,VINDI,2.00 l,ko,,1,1.99,1.99,2.49,3850108072266,PIĆE
BUČINE SJEMENKE 150g NATURA,90301923,NATURA,0.15 kg,ko,2.29,15.27,,1.6,2.29,3859892798475,HRANA
MLIJEKO ZAMJ APTAMIL 1 PRONUTRA 800g,90303519,APTAMIL,0.80 kg,ko,21.99,27.49,,21.99,21.99,4056631001226,HRANA
BRIJAČ JEDNOK GIL BL3 COOL 3/1,90324331,GILLETTE,3.00 ko,ko,,1.41,4.23,4.15,5.29,7702018457229,KOZMETIKA
DESERT NESTLE FITN BOB VOĆE 23.5g,90324738,NESTLE ŽITAR,0.02 kg,ko,0.85,36.17,,0.83,0.83,5900020029447,HRANA
VINO GOLDSCHMIDT GRAŠEVINA 0.75L,90332440,GOLDSCHMIDT,0.75 l,ko,6.69,8.92,,6.69,6.69,3858882610407,PIĆE
RUMBAC SVJ LIBURNIJA,90335277,,1.00 kg,kg,3.69,3.69,,2.21,3.69,,HRANA
SUHI ŠAMPON SCHAUMA NORM KOSA 150ml,90341484,SCHAUMA,0.15 l,ko,,19.93,2.99,2.99,2.99,9000101213942,KOZMETIKA
VANILIN KIFILICE 400g VOPEX,90342157,PEKARNA JURE,0.40 kg,ko,2.89,7.23,,2.89,2.89,3830056440348,HRANA
PROTEIN PROSERIES COOKIE 85g WHITE CHOC,90344618,POLLEO,0.09 kg,ko,2.99,35.18,,2.99,2.99,3859893008849,HRANA
DEKOR MIX ČOKOLADA 160g RUF,90360070,RUF,0.16 kg,ko,4,25,,3.43,4.29,4002809026133,HRANA
MLJEVENO MJEŠANO S TELETINOM2,90361621,KONZUM,1.00 kg,kg,8.55,8.55,,5.98,8.55,,HRANA
BUĐOLA 1/2 VAK SLJEME,90361709,PIK VRBOVEC,1.00 kg,kg,24.99,24.99,,16.99,24.99,3850139181111,HRANA
ONE MM STERIL LOSOS MRKVA 85g,90362332,ONE,0.09 kg,ko,1.19,14,,0.79,1.19,7613036936750,PROIZVODI ZA KUĆANSTVO
MASKA EVELINE MATT 2X5ml,90362472,EVELINE,1.00 ko,ko,1.05,1.05,,1.05,1.05,5901761963144,KOZMETIKA
KRUH KALNIČKI 600g MLINAR,90363457,MLINAR,0.60 kg,ko,1.89,3.15,,1.75,1.75,3858881121706,HRANA
NAMAZ SIR SVJEŽI POVRĆE VIVIS 200g,90363626,VIVIS,0.20 kg,ko,2.19,10.95,,2.19,2.19,3850108058772,HRANA
ŠLJIVA GARDEN GOOD SUHA KOŠTICA 500g,90363935,GARDEN GOOD,0.50 kg,ko,2.49,4.98,,1.85,2.49,3838900956267,HRANA
DESERT KIT KAT MINI 12/1 200g,90364361,KIT KAT,0.20 kg,ko,4.49,22.45,,4.49,4.49,5000189974579,HRANA
ORAH BRAZILSKI VEDRINI 150g,90377881,VEDRINI,0.15 kg,ko,4.69,31.24,,3.39,3.39,3858889332128,HRANA
KEKS BELVITA SOFT PUNJ JAGODA 250g,90381687,BELVITA,0.25 kg,ko,3.35,13.4,,2.51,3.35,7622210592262,HRANA
BOMBON BARKLEYS PEPERMINT 50g,90381946,BARKLEYS,0.05 kg,ko,2.39,47.8,,2.12,2.12,87313260,HRANA
FRISKIES MM PIL. GOV. JANJ. PAČ 4X85g,90381999,FRISKIES,0.34 kg,ko,2.29,6.74,,1.79,2.29,7613036986250,PROIZVODI ZA KUĆANSTVO
ČOKOL LINDT EXC GINGER 100g,90382389,LINDT,0.20 kg,ko,4.29,21.45,,4.29,4.29,3046920010856,HRANA
PITA MIX 480g VOPEX,90385837,PEKARNA JURE,0.48 kg,ko,4.25,8.85,,4.25,4.25,3830056442700,HRANA
PRŠUT NARESCI 500G DOBRO,90392754,ŽITO,0.50 kg,ko,,23.98,11.99,17.25,17.25,3850133800780,HRANA
SOL HIMALAJSKA SIT JODIR 500g IZVOR,90403406,LAMBA,0.50 kg,ko,1.49,2.98,,1.49,1.49,5319990429803,HRANA
PAŠTETA ČAJNA 4X100g GAVRILOVIĆ,90668864,GAVRILOVIĆ,0.40 kg,ko,4.99,12.48,,4.99,4.99,3858892726136,HRANA
ROLL ON BOROTALCO SOFT 50ML,90669171,BOROTALCO,0.05 l,ko,,39.8,1.99,1.99,3.99,,KOZMETIKA
LOSION PB GILL SPL ART ICE 100ml,90669762,GILLETTE,0.10 l,ko,6.99,69.9,,6.99,6.99,7702018620180,KOZMETIKA
ŠAMPON L'ANGEL ZA SJAJ 750ml,90669817,L ANGELICA,0.75 l,ko,5.29,7.05,,5.29,5.29,8017331089460,KOZMETIKA
ČOKOL SEKA I BRACO BANANA 85g,90670468,MIKADO,0.09 kg,ko,1.25,14.71,,1.25,1.25,3858881063556,HRANA
NAPITAK ISO SPORT AZZURRO GAZ. 1.5L ,90672914,ISO SPORT,1.50 l,ko,2.25,1.5,,1.79,2.25,3850108078411,PIĆE
KOMPOT GARDEN GOOD BRESKVA 480g/825g,90673220,GARDEN GOOD,0.48 kg,ko,2.29,4.77,,2.29,2.29,3838900825143,HRANA
MASLINE LECCINO BIO 150g MONINI,90697950,MONINI,0.15 kg,ko,3.49,23.27,,3.49,3.49,8005510010039,HRANA
JUHA KREM RAJČICA 500ml PODRAVKA,90702998,PODRAVKA,0.50 l,ko,1.99,3.98,,1.99,1.99,3856020264727,HRANA
UMAK BBQ SPICY HOT 345g,90703028,PODRAVKA,0.35 kg,ko,2.99,8.67,,1.99,2.99,3856020264352,HRANA
SLAD QUATTRO NOSTALGIJA 1650ml,90704237,QUATTRO,0.17 l,ko,7.49,45.39,,4.99,7.49,3850116058719,HRANA
LIKER VIŠNJA S LAVANDOM KORLAT 0.7L,90704476,KORLAT,0.70 l,ko,24.05,34.36,,24.05,24.05,3850112111340,PIĆE
DATULJA EUROCOMPANY MAZAFATI 600g,90348934,EUROCOMPANY,0.60 kg,ko,3.29,5.46,,3.29,3.29,3872084015051,HRANA
NEG PIĆE FRUCTAL FIRST KRUŠKA 0.5L,90360735,FRUCTAL,0.50 l,ko,1.25,2.5,,1.25,1.25,3838945035293,PIĆE
PELENE GAĆ PAMPERS PREMIUM VP S5 12-17kg 34/1,90361334,PAMPERS,34.00 ko,ko,21.63,0.64,,21.63,21.63,8001090759870,TOALETNE POTREPŠTINE
GEL TUŠ NIVEA MEN SENSITIVE 500ml,90361815,NIVEA,0.50 l,ko,6.69,13.38,,2.99,6.69,9005800286570,KOZMETIKA
TUNA EVA KOM BILJ U 4X80 g SUPER PON,90363075,EVA,0.32 kg,ko,6.99,21.84,,6.99,6.99,3850104231445,HRANA
PIVO KOZEL DARK 4 X 0.5L LIM,90363234,ASAHI,2.00 l,ko,5.65,2.83,,5.65,5.65,8594404005331,PIĆE
VUNA ZA POTPALU 24/1 FLASH EKO,90377371,FLASH,24.00 ko,ko,3.79,0.16,,3.79,3.79,4007467903420,PROIZVODI ZA KUĆANSTVO
SIR TVRDI CLASSIC MIX NA PODL 100g,90380124,PAŠKA SIRANA,0.10 kg,ko,3.09,30.9,,2.78,3.09,3859892884697,HRANA
VINO SANGRIA DI LUNA WHITE 1L,90380599,VIN ČOKA,1.00 l,ko,4.49,4.49,,4.49,4.49,8600102938519,PIĆE
MLINCI RUSTIKALNI 500G KOGUTEX,90392189,KOGUTEX,0.50 kg,ko,3.99,7.98,,3.99,3.99,3859891148158,HRANA
ŠTAPIĆI ZA UŠI JEAN CAROL 200/1,90400146,JEAN CAROL,200.00 ko,ko,1.69,0.01,,1.69,1.69,4000576027933,TOALETNE POTREPŠTINE
ČOKOLADICA PROTEIN WOPPER  CHO 21.5g,90400962,POLLEO,0.02 kg,ko,1.49,69.3,,1.49,1.49,3858892291641,HRANA
DEO AXE WILD BERGAMOT&PEPP 150ml,90401643,AXE,0.15 l,ko,3,20,,3,3,8720181028809,KOZMETIKA
ŠAMPON GLISS OIL NUTRITIVE 400ml,90401751,GLISS,0.40 l,ko,,11.23,4.49,4.49,7.09,9000100549837,KOZMETIKA
VINO PLAVAC MALI MILATIĆ 1l,90405552,OPG IVO MILATIĆ,1.00 l,ko,6.05,6.05,,6.05,6.05,3857500048219,PIĆE
KREMA LICE MUSTELA HIDR 40ml,90406920,MUSTELA,0.04 l,ko,8.95,223.75,,7.16,8.95,3504105035969,KOZMETIKA
VODA MINERALNA SARA 1.5L,90406990,SARA,1.50 l,ko,0.75,0.5,,0.55,0.55,3875000181779,PIĆE
SIR TVRDI BOVIDUR 1/4 VINDIJA,90410409,VINDIJA SIREVI,1.00 kg,kg,19.49,19.49,,19.49,19.49,3850108052879,HRANA
WC BREF GEL PRO NAT MINT EUCALY 700ml,90433166,BREF,0.70 l,ko,3.49,4.99,,3.49,3.49,9000101389746,SREDSTVA ZA ČIŠĆENJE
KAVA GOURMET ARABICA NS 10/1 50g HAUS,90443047,HAUSBRANDT,0.05 kg,ko,3.71,74.2,,3.71,3.71,8006980280052,HRANA
KETCHUP 250 ml DEVELEY,90485575,DEVELEY,0.25 l,ko,2.79,11.16,,1.95,2.79,4006824003544,HRANA
PIVO INEDIT DAMM LIM 0.5L,90486108,ESTRELLA DAMM,0.50 l,ko,2.15,4.3,,1.83,2.15,8410793336125,PIĆE
SIR TVRDI TARTUFIN 300g MIH,90486919,SIRANA MIH,0.30 kg,ko,14.49,48.3,,11.99,14.49,3859891700646,HRANA
RECORD POSLASTICA KOST ŠUNKA - VELIKA,90488159,RECORD,0.55 kg,ko,3.09,5.62,,3.09,3.09,8011391681015,PROIZVODI ZA KUĆANSTVO
SOK HIPP BIO NEK/ŠLJ/KRU 200ml,90493958,HIPP,1.00 ko,ko,1.19,1.19,,1.19,1.19,9062300129882,PIĆE
SLANUTAK ST 230/360g VALFRUTTA,90494118,VALFRUTTA,0.23 kg,ko,1.79,7.78,,1.79,1.79,8001440001376,HRANA
SLAD SNICKERS WHITE 40.8g,90503279,SNICKERS,0.04 kg,ko,,28.92,1.18,1.5,1.5,5000159509756,HRANA
BOMBONI LUMPI GUMENI COLA 200g,90518143,LUMPI,0.20 kg,ko,1.39,6.95,,1.39,1.39,3850334387523,HRANA
RUKAVICE VILEDA EXTRA SENSATION L,90570108,VILEDA,1.00 ko,ko,3.99,3.99,,2.79,3.99,4023103073944,PROIZVODI ZA KUĆANSTVO
DŽEM MALINA 370g BONNE MAMAN ,90572976,BONNE MAMAN,0.37 kg,ko,6.09,16.46,,6.09,6.09,3608580024552,HRANA
TEMPEH 200g,90573045,ANNAPURNA,0.20 kg,ko,3.32,16.6,,3.32,3.32,3859890343042,HRANA
MED CVJETNI 900g MEDO FLOR,90573220,MEDO FLOR,0.90 kg,ko,6.99,7.77,,6.99,6.99,3859888378018,HRANA
NAPITAK SOJA HP KARAM.KAVA 250ml ALPRO ,90573985,ALPRO,0.25 l,ko,2.59,10.36,,2.59,2.59,5411188133490,HRANA
ŠUNKA ROLANA VAC cca 1300g KUDELIĆ,90598321,KUDELIĆ,1.00 kg,kg,6.99,6.99,,6.99,6.99,,HRANA
REGEN GLISS EXP REP AQUA REV 200ml,90598530,GLISS,0.20 l,ko,4,20,,4,4,9000101658835,KOZMETIKA
SLAD LEDO M3 KING MAJESTIC 180ml,90598862,KING,0.18 l,ko,6.99,38.83,,6.99,6.99,3850116039640,HRANA
KREMA AFR SUN CARE SENS F30 50ml,90607870,AFRODITA,0.05 l,ko,9.99,199.8,,9.99,9.99,3831070659198,KOZMETIKA
KREKER KUKUR PROTEIN BIO 90g ENCIAN,90623399,ENCIAN,0.09 kg,ko,1.99,22.11,,1.99,1.99,3858890104295,HRANA
ČAČKALICE FRESH&PACK 450/1,90623836,FRESH&PACK,1.00 ko,ko,0.93,0.93,,0.93,0.93,3838900808887,PROIZVODI ZA KUĆANSTVO
DET JAR ALL IN ONE LEMON 67 TAB,90662763,JAR ADW,67.02 ko,ko,28.49,0.43,,14.23,28.49,8006540749999,SREDSTVA ZA ČIŠĆENJE
SALV NATUR PREM ŽUTA 33X33 3SL 30/1,90894724,NATUR,30.00 ko,ko,0.99,0.03,,0.99,0.99,3850334432179,PROIZVODI ZA KUĆANSTVO
PLOČICA PROT DUB ČOK SOFTI 50 g POLL,90895222,POLLEO,0.05 kg,ko,2.99,59.8,,2.99,2.99,3856026811680,HRANA
MOZZARELLA OKRUGLICE 500 g VINDIJA,90899998,CEKIN,0.50 kg,ko,7.99,15.98,,7.99,7.99,3850159141157,HRANA
DET ARIEL FRESH AIR 38 TAB,90904712,ARIEL,38.01 ko,ko,25.49,0.67,,25.49,25.49,8700216764599,SREDSTVA ZA ČIŠĆENJE
ŠTAPIĆI TRIK SLANI 95 g,90887268,TRIK,0.10 kg,ko,,5.79,0.55,0.69,0.69,8600462041942,HRANA
BOJA SYOSS 1/1 CRNA,06544311,SYOSS,1.00 ko,ko,,5.69,5.69,6.99,5.59,9000100632669,KOZMETIKA
ŠAMPON SCHAUMA 250ml MEN 7658,06523227,SCHAUMA,0.25 l,ko,,10.76,2.69,3.39,3.39,4012800567658,KOZMETIKA
COGNAC HENNESSY XO 0.7L,03082424,HENNESSY,0.70 l,ko,,307.11,214.98,,,3245990001218,PIĆE
NAMAZ PROTEIN CREAM DELICIO DUO 200g,90493856,POLLEO,0.20 kg,ko,5.99,29.95,,5.99,5.99,3858892299555,HRANA
PIVO KARLOVAČKO SVIJETLO LIM 0.5L 4P,90533244,KARLOVAČKO,2.00 l,ko,5.35,2.68,,4.39,5.35,3850103001476,PIĆE
DŽEM MIJEŠANO VOĆE 360g PODRAVKA,90570508,PODRAVKA,0.36 kg,ko,2.19,6.08,,2.19,2.19,3856020252274,HRANA
NAPOLITANKE LIMUN STIX 160g JAFFA,90603033,JAFFA,0.16 kg,ko,1.49,9.31,,1.19,1.49,8600114010692,HRANA
PANCETA ISTARSKA NAR 230g PISINUM,90633120,PISINIUM,0.23 kg,ko,7.59,33,,7.59,7.59,3858894290307,HRANA
BADEM JEZGRA 500g,90652774,EUROCOMPANY,0.50 kg,ko,5.49,10.98,,3.99,5.49,3856028689430,HRANA
FLIPS SMOKI CLASSIC XXL 300g ŠTARK,90673858,SOKO ŠTARK,0.30 kg,ko,2.39,7.97,,2.39,2.39,8600939508145,HRANA
KUPKA FA CREAM&OIL CACAO 750ML,90699226,FA,0.75 l,ko,,5.32,3.99,3.99,3.99,5201143728980,KOZMETIKA
ČOKOLADA WHITE CREME 87g LOACKER,90699346,LOACKER,0.09 kg,ko,2.19,25.17,,2.19,2.19,8000380156856,HRANA
LOSION GILL HYDRATES 3IN1 50ml,90703774,GILLETTE,0.05 l,ko,8,160,,8,8,8001090303929,KOZMETIKA
SLAD LEDO M6 NJOFRA 6x65ml,90704209,LEDO,0.39 l,ko,5.99,15.36,,4.79,5.99,3850116056869,HRANA
ŽV GUMA AIRWAVES GINGER LIME 14g,90713424,WRIGLEY,0.01 kg,ko,0.99,70.71,,0.99,0.99,40099569,HRANA
FILET JADRANSKOG LOSOSA ŽUVELA,90714015,ŽUVELA,1.00 kg,kg,20.99,20.99,,12.59,20.99,,HRANA
ČIPS CRUNCHIPS PAPRIKA 2X130g LORENZ,90730174,LORENZ,0.26 kg,ko,2.98,11.46,,2.98,2.98,3858894301096,HRANA
MJEŠAV BUNDEVA HELJDA 400g BONDUELLE,90732240,BONDUELLE,0.40 kg,ko,2.99,7.48,,2.99,2.99,3083681138634,HRANA
KOBASICA GOVEĐA DOM BOĐIRKOVIĆ 175g,90732437,BOĐIRKOVIĆ,0.18 kg,ko,4.99,28.51,,4.99,4.99,3858892821022,HRANA
GAZ PIĆE PEPSI 0.25L LIM ,90732673,PEPSI,0.25 l,ko,0.85,3.4,,0.85,0.85,3830065023167,PIĆE
KAPELUNGE ŽUVELA,90745814,ŽUVELA,1.00 kg,kg,13.99,13.99,,8.39,13.99,,HRANA
KREMA NIVEA SPRAY SPF50+ 270 ml,90784779,NIVEA,0.27 l,ko,,59.56,16.08,22.99,22.99,6001051004966,KOZMETIKA
FINISH QUANTUM AIO LEMON 36TAB,90785458,FINISH ADW,36.00 ko,ko,17.49,0.49,,17.49,17.49,5999109581532,SREDSTVA ZA ČIŠĆENJE
PROIZ BILJ BAZ OKUS BIJ SL SIR 200 g,90799759,SANA,0.20 kg,ko,3.49,17.45,,3.49,3.49,3858892322031,HRANA
BEEF RIBS VAK PIK,90800521,PIK VRBOVEC,1.00 kg,kg,27.49,27.49,,17.3,27.49,3850139284980,HRANA
VREĆICA JUMBO TALENTI 2,90810583,K PLUS,1.00 ko,ko,0.2,0.2,,0.2,0.2,3850334431400,PROIZVODI ZA KUĆANSTVO
BOMBON BEAUTY 7X12.5 g MIMS,90825356,MIMS,0.09 kg,ko,5.29,60.46,,5.29,5.29,8437013374248,HRANA
SET AXE JF DE0150+SG250,90826259,AXE,1.00 ko,ko,6,6,,6,6,8720182854926,KOZMETIKA
BRUSNICA SUHA 200G NATURA,90850595,NATURA,0.20 kg,ko,3.29,16.45,,2.3,3.29,3859892798468,HRANA
SLAD OREO ČAŠA 425 ml,90886507,OREO,0.43 l,ko,7.99,18.8,,6.99,7.99,4007993035916,HRANA
SRED SUPER JON IQ REFILL UNIVERZ 3T,90899909,SUPER JON,1.00 ko,ko,3.45,3.45,,3.45,3.45,3850111505805,SREDSTVA ZA ČIŠĆENJE
KISELO VRHNJE 12%MM 1 kg DAIRLY,90900216,DAIRLY,1.00 kg,ko,2.59,2.59,,2.59,2.59,5900531004247,HRANA
BOJA SYOSS 12-59 HLADNA PLATINASTA PLAVA,90310697,SYOSS,1.00 ko,ko,,5.69,5.69,6.99,5.59,9000101210521,KOZMETIKA
GEL TUŠ ŠAMP FA DJEV 250ml,06601226,FA,0.25 l,ko,,7.16,1.79,2.79,2.79,9000100662550,KOZMETIKA
ČOKOL LINDT EXC DARK 85% 100g,04211347,LINDT,0.10 kg,ko,4.29,42.9,,4.29,4.29,3046920028363,HRANA
UMAK BOLOGNESE 400g BARILLA,01495020,BARILLA,0.40 kg,ko,4.69,11.73,,2.99,4.69,8076809513678,HRANA
GRAŠAK I KVAL 160g LIM PODRAVKA,01551626,PODRAVKA,0.16 kg,ko,1.29,8.06,,1.29,1.29,3850104050046,HRANA
KUKURUZ ŠEĆERAC GOLD 570g BONDUELLE,01490151,BONDUELLE,0.57 kg,ko,3.29,5.77,,2.3,3.29,3083681024258,HRANA
MAHUNA 400g LIM PODRAVKA,01551370,PODRAVKA,0.40 kg,ko,2.99,7.48,,2.99,2.99,3850104269141,HRANA
MASLINE ZELENE PUNJ PAPR 400G/720ML ZVIJEZDA,01580211,ZVIJEZDA,0.40 l,ko,4.69,11.73,,3.69,4.69,3858882213783,HRANA
HRANA VK VITAL SREDNJE PAPIGE 1kg,01642111,VITAKRAFT,1.00 kg,ko,6.35,6.35,,6.35,6.35,4008239106216,PROIZVODI ZA KUĆANSTVO
SIR POLUTV PODRAVEC 400g DUKAT,02053837,PRESIDENT,0.40 kg,ko,,10.48,4.19,4.19,5.19,3850355007363,HRANA
LISTIĆI K PL OD SIRA I BILJ MAS 150g,02102786,K PLUS,0.15 kg,ko,0.99,6.6,,0.99,0.99,3850334005205,HRANA
RAGU MESNI 200g PODRAVKA,02160362,PODRAVKA,0.20 kg,ko,2.49,12.45,,2.49,2.49,3850104020308,HRANA
PAGAR SVJ 400-600 FIORITAL,02195262,,1.00 kg,kg,17.99,17.99,,10.79,17.99,93856024302367,HRANA
HOBOTNICA KONZUM,02197221,,1.00 kg,kg,7.79,7.79,,4.67,7.79,,HRANA
SKUŠA SVJ FRA 5-6 KOM/KG MEDUZA,02197645,,1.00 kg,kg,6.19,6.19,,3.71,6.19,,HRANA
SKUŠA SVJ FRA UV MEDUZA,02197646,,1.00 kg,kg,6.19,6.19,,3.71,6.19,,HRANA
SKUŠA SVJ DANSKA FIORITAL,02198522,,1.00 kg,kg,6.69,6.69,,4.01,6.69,,HRANA
MAJONEZA THOMY 170 g DOYPACK,90880082,THOMY,0.17 kg,ko,2.19,12.88,,2.19,2.19,8445291689152,HRANA
ČOKOLADA TAMNA 82% 100 g VALOR,90880118,VALOR,0.10 kg,ko,2.99,29.9,,1.99,2.99,8410109104950,HRANA
KREMA MELEM MIRACLE 50 ml,90885699,MELEM,0.05 l,ko,3.29,65.8,,2.63,3.29,3856007912467,KOZMETIKA
PUREĆA PRSA FIT&FINA NAR 100 g PODR,90886705,PODRAVKA,1.00 ko,ko,2.19,2.19,,2.19,2.19,3856020279950,HRANA
BOMBONI GUMENI FORMULA X ŠUMI 200 g,90887394,ŠUMI,0.20 kg,ko,1.89,9.45,,1.89,1.89,3838700393620,HRANA
SALATA PILETINA MIX MEX 160 g NJAMI,90889675,NJAMI,0.16 kg,ko,3.99,24.94,,3.99,3.99,3838929620071,HRANA
ZAČIN ZA BATAT 30 g VEGETA NATUR,90890332,VEGETA NATUR,0.03 kg,ko,1.19,39.67,,1.19,1.19,3856020277406,HRANA
NAPITAK BADEM BIO ACTIVE ZONE 1 l,90895339,ACTIVE ZONE,1.00 l,ko,1.99,1.99,,1.99,1.99,3850334432995,HRANA
NEG PIĆE JUMEX STRB BANANA 0.473 L,90895374,JUMEX,0.47 l,ko,2.29,4.84,,2.29,2.29,7501013107395,PIĆE
JAGODA 500 grama,01410233,,0.50 kg,ko,2.49,4.98,,1.79,1.79,3850334092489,HRANA
HRENOVKE BEZ OV 250g PIK VRBOVEC,02048502,PIK VRBOVEC,0.25 kg,ko,2.69,10.76,,2.69,2.69,3850139310825,HRANA
TUNJ MASL ULJE 4X52g RIO MARE,02190177,RIO MARE,0.21 kg,ko,7.69,36.97,,4.99,7.69,8004030005051,HRANA
ARBUN II SVJ MEDUZA,02197586,,1.00 kg,kg,13.99,13.99,,8.39,13.99,,HRANA
BRANCIN I SVJ CROMARIS,02197664,CROMARIS,1.00 kg,kg,9.19,9.19,,5.51,9.19,3859891926480,HRANA
PEČENICA,02403727,KONZUM,1.00 kg,ko,8.34,8.34,,5.83,8.34,,HRANA
TEL PODLAKTICA SK  A,02414322,PIK VRBOVEC,1.00 kg,kg,7.89,7.89,,7.89,7.89,3850139451030,HRANA
VINO ZLATAN PLAVAC 0.75L PLENKOVIĆ,03022328,ZLATAN OTOK,0.75 l,ko,14.25,19,,14.25,14.25,3859888437029,PIĆE
PIVO ERDINGER 0.5L SVIJ NB,03040026,ERDINGER,0.50 l,ko,2.15,4.3,,1.65,2.15,4002103248408,PIĆE
LISTOVI ZA PITE I SAVIJAČE 500 TENA,04020134,TENA,0.50 kg,ko,1.92,3.84,,1.92,1.92,3859892466008,HRANA
MRVICE K PLUS 500G,04027594,K PLUS,0.50 kg,ko,1.05,2.1,,1.05,1.05,3858881121720,HRANA
MJEŠAVINA ZAČINA DALMATINSKI 12g L,04101471,NADALINA,0.01 kg,ko,1.09,90.83,,1.09,1.09,3858881580213,HRANA
ŠEĆER U PRAHU 500g FRANCK,04120520,FRANCK,0.50 kg,ko,1.85,3.7,,1.59,1.85,3858881087477,HRANA
FLIPS ČOKO STOBI 30g VITAMINKA,04142233,CHOCO STOBI,0.03 kg,ko,0.65,21.67,,0.65,0.65,5310005004046,HRANA
BOMBON RICOLA ALPINE FRESH 40g,04190140,RICOLA,0.04 kg,ko,1.59,39.75,,1.59,1.59,7610700622438,HRANA
DESERT KINDER BUENO WHITE 39g,04221482,FERRERO,0.04 kg,ko,1.19,30.51,,1.19,1.19,80761761,HRANA
BOJA PALETTE PNC 900 CRNA,06543346,PALETTE PNC,1.00 ko,ko,4.49,4.49,,4.49,4.49,3838824171562,KOZMETIKA
ODSTRANJIVAČ LAKA ROSAL 85ml,06584037,ROSAL,0.09 l,ko,2.39,28.12,,2.39,2.39,3856007901300,KOZMETIKA
TOLSTOLOBIK SVJ REZ PP ORAHOVICA,90032336,PP ORAHOVICA,1.00 kg,kg,2.4,2.4,,1.44,2.4,,HRANA
PERŠIN KORIJEN LIST 250 grama,90042194,KORA,0.25 kg,ko,1.39,5.56,,1.39,1.49,3850334311795,HRANA
DN UL LIBRESSE EXT NORM 58/1,90047670,LIBRESSE,58.01 ko,ko,3.19,0.05,,3.19,3.19,7322540276855,TOALETNE POTREPŠTINE
ZP KALODONT HERBAL 75 ml,90051201,KALODONT,0.08 l,ko,1.39,18.53,,1.25,1.39,3850105142764,KOZMETIKA
RIŽA K PLUS PARBOILED 1kg SB,90061276,K PLUS,1.00 kg,ko,1.99,1.99,,1.59,1.99,3850334340160,HRANA
KAŠICA HIPP SPAGH POV BAK 250g,90069770,HIPP,0.25 kg,ko,2.09,8.36,,2.09,2.09,4062300261846,HRANA
PECIVO S BUČINIM KOŠTICAMA 120g KLAR,90076716,KLARA,0.12 kg,ko,0.95,7.92,,0.95,0.95,3858881322158,HRANA
KRUH BAGUETTE KUKUR 250g MLINAR,90081189,MLINAR,0.25 kg,ko,1.09,4.36,,1.09,1.09,3858881121041,HRANA
ODSTRANJIVAČ ŠMINKE NIVEA 125ml,90082572,NIVEA,0.13 l,ko,,38,4.75,6.79,6.79,4005900099174,KOZMETIKA
ZP LACALUT AKTIV 75ml,90092291,LACALUT,0.08 l,ko,4.39,58.53,,2.99,4.39,4016369728680,KOZMETIKA
ŠTRUDLA ORAH-SIR-MAK PAK 240g,90123642,,0.24 kg,ko,3.35,13.97,,3.35,3.35,3859891673353,HRANA
BUDDY SP JUNIOR 2kg,90138602,BUDDY,2.00 kg,ko,3.99,2,,3.19,3.99,3850334400031,PROIZVODI ZA KUĆANSTVO
ŠUNKA PUREĆA DELUXE NAR 100g VINDON,90147208,VINDON,0.10 kg,ko,2.59,25.9,,2.59,2.59,3850159128813,HRANA
KETCHUP LJUTI HEINZ 570G,90179070,HEINZ,0.57 kg,ko,4.25,7.46,,2.99,4.25,8715700420363,HRANA
CHEF'S #4 SPECIAL 199G GRUPO OHANA,90184681,AS SUSHI,0.20 kg,ko,12.86,64.62,,12.86,12.86,0604580003910,HRANA
PEL VIOLETA AD MIDI 3 4-9kg 66/1,90194095,VIOLETA,66.01 ko,ko,,0.18,11.99,11.99,15.93,3870128010222,TOALETNE POTREPŠTINE
HIG UL OLEA SUPER 24/1,90249960,OLEA,24.00 ko,ko,2.04,0.09,,2.04,2.04,3850334579638,TOALETNE POTREPŠTINE
ZAČIN MAJČI DUŠICA USI VR 15g VEGETA MAESTRO,90282021,VEGETA MAESTRO,0.02 kg,ko,0.89,59.33,,0.49,0.89,3850104294396,HRANA
SPUŽVASTA KRPA MAGIČNA DAX 3/1,90289999,DAX,3.00 ko,ko,2.39,0.8,,1.67,2.39,3850334608208,PROIZVODI ZA KUĆANSTVO
BRAŠ PIR 1kg  KARLA,90302735,KARLA,1.00 kg,ko,2.39,2.39,,2.39,2.39,3858881506008,HRANA
SIR TOPLJENI TROKUTIĆI K PLUS 140g,90311395,K PLUS,0.14 kg,ko,1.39,9.93,,1.39,1.39,3850334377845,HRANA
ČIPS S TARTUFIMA 50g ZIGANTE,90320102,ZIGANTE,0.05 kg,ko,3.18,63.6,,3.18,3.18,3858891980256,HRANA
PAPRIKE CHERRY PUNJE SIR 210/110G MEGGLE,90344951,MEGGLE,0.11 kg,ko,4.25,38.64,,4.25,4.25,8606108738801,HRANA
ULJE MASLIN EX DJEV 0.25L OL ISTRIA,90346264,OL ISTRIA,0.25 l,ko,8.79,35.16,,8.79,8.79,3858881192485,HRANA
KOKOT 1-2 kg NZ MEDUZA,90356769,MEDUZA,1.00 kg,kg,17.59,17.59,,10.55,17.59,,HRANA
MLIJEKO OLEA SPF30 SPRAY 200 ml,90360508,OLEA,0.20 l,ko,6.49,32.45,,6.49,6.49,3850334153852,KOZMETIKA
PIĆE GAZIRANO PEPSI LIMETA 0.33L LIM,90361504,PEPSI,0.33 l,ko,0.99,3,,0.85,0.85,3830065021071,PIĆE
KEKSI OD RIŽE 350g RISO SCOTTI,90412625,RISO SCOTTI,0.35 kg,ko,3.05,8.71,,3.05,3.05,8001860210075,HRANA
VAFL NAPOLITANKA COCOA&CHOCO 420g KRAŠ,90422803,KRAŠ,0.42 kg,ko,,5.45,2.29,2.29,3.19,3850102519118,HRANA
JOGURT JOGOB DRINK VIŠ/MAL 250g ZOTT,90432822,JOGOBELLA,0.25 kg,ko,0.93,3.72,,0.93,0.93,4014500504537,HRANA
VAFL NAPOLITANKE BŠ 180g GULLON,90447832,GULLON,0.18 kg,ko,,10.61,1.91,3.19,3.19,8410376043365,HRANA
ČOKOLADA TONYS CARAMEL SALT 180g,90453054,TONYS CHOCOLONELY,0.18 kg,ko,4.69,26.06,,4.69,4.69,8717677336654,HRANA
SIRUP NAR CRNI RIBIZ FRUCTAL 1L,90484500,FRUCTAL,1.00 l,ko,2.99,2.99,,2.59,2.59,3838945038911,PIĆE
CHORIZO FORT 200g ELPOZO,90486172,ELPOZO,0.20 kg,ko,3.79,18.95,,3.79,3.79,8410843116578,HRANA
ŠUNKA PUR FIT&FINA NAR 100g PODRAVKA,90487380,PODRAVKA,0.10 kg,ko,2.39,23.9,,2.39,2.39,3856020248666,HRANA
DET ČARLI DIVLJA TREŠNJA 450ml,90487406,ČARLI,0.45 l,ko,1.39,3.09,,1.29,1.29,3850111304118,SREDSTVA ZA ČIŠĆENJE
ŠAMPON H&S OIL CONTROL 300ml,90518453,HEAD&SHOULDE,0.30 l,ko,4,13.33,,4,4,8001841996790,KOZMETIKA
KAVA MUST CORTADO DG 16/1 102.4g,90553368,MUST,0.10 kg,ko,5.29,51.66,,5.29,5.29,8056370761340,HRANA
TIJESTO FILINI MRK JAJ 400g MARODI,90571863,MARODI,0.40 kg,ko,2.69,6.73,,2.69,2.69,3859888666764,HRANA
SIR POLUTV RIB PIZZ AMERIC 200g PRESID,90598963,PRESIDENT,0.20 kg,ko,3.49,17.45,,3.49,3.49,3850355007745,HRANA
TJEST SPAGHETTINI 3 400g MARODI,90599568,MARODI,0.40 kg,ko,1.89,4.73,,1.89,1.9,3859893944185,HRANA
ČOKOL MILKA CHOCOWAFER 270g,90599719,MILKA,0.27 kg,ko,6.79,25.15,,3.99,3.99,7622201677879,HRANA
CIDER SOMERSBY MANGO LIMETA 0.33L NB,90607713,SOMERSBY,0.33 l,ko,1.65,5,,1.65,1.65,3858887583683,PIĆE
SLAD TORTERIE PINO PINGUINO 500ml,90617902,TORTERIE MACARON,0.50 l,ko,6.99,13.98,,6.99,6.99,3859893855344,HRANA
CHILLI CON CARNE 300g PODRAVKA,90623051,PODRAVKA,0.30 kg,ko,3.49,11.63,,2.62,3.49,3856020257422,HRANA
ČAJ ŠIPAK 54g TEEKANNE,90623518,TEEKANNE,0.05 kg,ko,1.59,29.44,,1.59,1.59,5901086000098,HRANA
GIN BOMBAY SAPPHIRE SUNSET 43% 0.7L,90632796,BOMBAY,0.70 l,ko,28.05,40.07,,28.05,28.05,7640175743284,PIĆE
ČOKOLADA FINESSE S KEKSOM 220g,90648603,FINESSE,0.22 kg,ko,3.39,15.41,,3.39,3.39,3838900807637,HRANA
MY PETS MP PILETINA 405G,90648737,MY PETS,0.41 kg,ko,0.79,1.95,,0.79,0.79,3850334010070,PROIZVODI ZA KUĆANSTVO
ORADA 300-600g PAK KONZUM,90652708,KONZUM,1.00 kg,kg,10.23,10.23,,6.13,10.23,,HRANA
DET ORNEL GOLDEN DREAM 1.8L=36 PRANJA,90672719,ORNEL,1.80 l,ko,11.95,6.64,,11.95,11.95,3850105183439,SREDSTVA ZA ČIŠĆENJE
VAFL NAPOLITANKA NOUGAT 93g KRAŠ,90672782,KRAŠ,0.09 kg,ko,1.15,12.37,,1.15,1.15,3850102523399,HRANA
KIKIRIKI PRŽENI SLANI 250g EUROCOMPANY,90672795,EUROCOMPANY,0.25 kg,ko,2.35,9.4,,2.35,2.35,3872084000033,HRANA
BOMBON NIMM2 GUMENI MILLIANER 250g,90673155,NIMM2,0.25 kg,ko,2.79,11.16,,2.79,2.79,4014400931921,HRANA
ČAJ EARL GREY 20/1 45g ETS,90674809,ENGLISH TEA SHOP,0.05 kg,ko,4.49,99.78,,4.49,4.49,0680275029144,HRANA
JAJA SVJEŽA RAZRED M 10/1,90678133,AIA,10.00 ko,ko,2.39,0.24,,2.39,2.39,8001522000099,HRANA
RAJČICA PELAT GARDEN GOOD 800g,90682702,GARDEN GOOD,0.80 kg,ko,2.09,2.61,,2.09,2.09,3838900825891,HRANA
ŠUM. TABL. MAGNEZIJ 80g ACTIVE ZONE,90698015,ACTIVE ZONE,0.08 kg,ko,1.15,14.38,,1.15,1.15,3850334036049,HRANA
KAPS KAVA ESPRESSO NS 10/1 56g RITUAL,90698485,RITUAL,0.06 kg,ko,2.79,49.82,,2.79,2.79,3850334036216,HRANA
SLAMKE S GRANULAMA OKUS JAGO 30g QM,90702753,QUICK MILK,0.03 kg,ko,0.85,28.33,,0.85,0.85,5996071650655,HRANA
PAN RIBLJI ŠTAPIĆ FILET 300g LEDO,90703199,LEDO,0.30 kg,ko,3.99,13.29,,2.99,3.99,3850116066516,HRANA
OM LENOR SENSITIVE 770ml,90703488,LENOR,0.77 l,ko,5,6.49,,5,5,8001090908339,SREDSTVA ZA ČIŠĆENJE
PIVO ESTRELLA GALICIA BEZ GL 0.33L NB,90703970,ESTRELLA,0.33 l,ko,1.69,5.12,,1.69,1.69,8412598005893,PIĆE
BOROVNICE GARDEN GOOD 400g,90704066,GARDEN GOOD,0.40 kg,ko,2.99,7.48,,1.99,1.99,8605002359921,HRANA
DET ARIEL COLOR 1.98kg=36PR,90705858,ARIEL,1.98 kg,ko,10,5.05,,10,10,8006540940099,SREDSTVA ZA ČIŠĆENJE
KAVA JACOBS MONARCH 2G,90707753,JACOBS,0.00 kg,ko,0.39,195,,0.39,0.39,8711000538012,HRANA
TOAST INTEGRALNI 400g MLINAR,90714183,MLINAR,0.40 kg,ko,2.05,5.13,,2.05,2.05,3858881120082,HRANA
KOBASICA ČAJNA 300g GAVRILOVIĆ,90725254,GAVRILOVIĆ,0.30 kg,ko,6.39,21.3,,5.99,6.39,3858892725849,HRANA
VAFL ROLLS MILK 140g ROSHEN,90725738,ROSHEN,0.14 kg,ko,1.55,11.07,,1.55,1.55,4823077618161,HRANA
MUESLI RISE&SMILE VOĆE ORAŠ PREM 600g,90726152,RISE&SMILE,0.60 kg,ko,3.98,6.63,,3.98,3.98,3850334045485,HRANA
LIP BALM LABELLO PEARL&SHINE  5.5g,90726959,LABELLO,0.01 kg,ko,4.45,809.09,,4.45,4.45,9005800362892,KOZMETIKA
KREMA MELEM RUKE COLD 50ml,90730124,MELEM,0.05 l,ko,,53.8,2.69,2.63,3.29,3856007910920,KOZMETIKA
JUN ĆEVAPČIĆI PLOČICE 600g DILMAR ,90731335,DILMAR,0.60 kg,ko,6.29,10.48,,3.77,5.39,3859893373473,HRANA
ČAJ CEYLON CINNAMON 15/1 30g ETS,90731645,ENGLISH TEA SHOP,0.03 kg,ko,5.99,199.67,,5.99,5.99,680275059639,HRANA
LASAGNE RICOTTA ŠPINAT RANA 350g,90734775,RANA,0.35 kg,ko,3.49,9.97,,3.49,3.49,8001665127707,HRANA
ŠUNKA ZA PIZZU K PLUS 200g NAR,90734838,K PLUS,0.20 kg,ko,,5.55,1.11,1.45,1.45,3850334009647,HRANA
OM SILAN COOL FRESH 1.1L,90744981,SILAN,1.10 l,ko,,2.54,2.79,2.79,2.79,9000101585247,SREDSTVA ZA ČIŠĆENJE
DET PERWOLL DARK BLOOM 3L=60PR,90745053,PERWOLL,3.00 l,ko,,3.83,11.49,11.49,11.49,9000101811322,SREDSTVA ZA ČIŠĆENJE
PERŠIN LIST GRANULE 30g SOTINAC,90750981,OPG SOTINAC,0.03 kg,ko,1.39,46.33,,1.39,1.39,3859893718458,HRANA
VINO GRAŠEVINA KV 0.75L ILOČKI PODRU,03020076,ILOČKI PODRUMI,0.75 l,ko,7.05,9.4,,6.29,7.05,3859889556453,PIĆE
VINO GRAŠEVINA 0.75L VRH KUTJEVO,03022894,KUTJEVO,0.75 l,ko,11.29,15.05,,11.29,11.29,3850156001003,PIĆE
VINO CABER SAUVIG 0.75L KORLAT,03023332,KORLAT,0.75 l,ko,16.05,21.4,,14.49,16.05,3850112170552,PIĆE
OCAT BALZAMSKI 0.25L PONTI,03120001,PONTI,0.25 l,ko,2.49,9.96,,2.09,2.49,80522621,HRANA
KREMA ACETO BALZ TARTUF 0.25L CARAND,03120197,CARANDINI,0.25 l,ko,5.39,21.56,,5.39,5.39,8014347006849,HRANA
PIVO STELLA ARTOIS LIMENKA 0.5L ZP,03130389,STELLA ARTOIS,0.50 l,ko,1.69,3.38,,1.69,1.69,3850131486009,PIĆE
PIVO KARLOVAČKO 0.5L LIMENKA,03130443,KARLOVAČKO,0.50 l,ko,1.49,2.98,,1.25,1.49,3850103002312,PIĆE
SOK FRUTEK KAMIL JAB 125ML,03140298,FRUTEK,0.13 l,ko,0.99,7.92,,0.99,0.99,3838945502696,PIĆE
NEKTAR VINDI MAREL KAŠ 1L,03142156,VINDI,1.00 l,ko,1.95,1.95,,1.95,1.95,3850108079029,PIĆE
NEGAZ PIĆE JUICY FRUITS MULTI 1.5L,03160270,JUICY FRUITS,1.50 l,ko,1.69,1.13,,1.39,1.69,3858890975000,PIĆE
KOLAČ  BALCONI MIX MILK 350g,04022258,BALCONI,0.35 kg,ko,4.79,13.69,,4.79,4.79,8001585001071,HRANA
RIŽA ARBORIO 1kg SCOTTI,04060048,RISO SCOTTI,1.00 kg,ko,4.99,4.99,,2.99,4.99,8001860250378,HRANA
INSTANT NES CL 2g NESTLE,04071118,NESCAFE,0.00 kg,ko,0.35,175,,0.35,0.35,7613036442275,HRANA
ŠAFRAN 0.1g LUXOR,04100629,NADALINA,0.00 kg,ko,2.09,20900,,2.09,2.09,3858881583337,HRANA
BISKVIT BARNI CHOCO 150g,04151405,BARNI,0.15 kg,ko,3.49,23.27,,2.49,3.49,7622300509606,HRANA
ČOKOL MIKADO RIŽA 225g,04211695,MIKADO,0.23 kg,ko,3.35,14.89,,1.89,3.35,3858888570477,HRANA
GEL TUŠ NIVEA BC SPORT M 250ML,06521368,NIVEA,0.25 l,ko,2.99,11.96,,1.89,2.99,4005808782444,KOZMETIKA
BOJA PALETTE ICC C10    0132,06540418,PALETTE ICC,1.00 ko,ko,,3.49,3.49,3.49,3.49,3838824159218,KOZMETIKA
BOJA PALETTE ICC G3 TARTUFI,06540643,PALETTE ICC,1.00 ko,ko,,3.49,3.49,3.49,3.49,3838824184180,KOZMETIKA
DEO NIVEA AQUA COL M 150ml,06550008,NIVEA,0.15 l,ko,,24.67,3.7,3.95,5.29,4005808730377,KOZMETIKA
ROLL ON DOVE CLEAN COMFORT 50ml,06550402,DOVE,0.05 l,ko,,80.2,4.01,5.35,5.35,59092575,KOZMETIKA
KREMA ZA RUKE MEDIC 48 50ML,06595755,LEK,0.05 l,ko,1.69,33.8,,1.69,1.69,3838980810343,KOZMETIKA
DOMESTOS IZBJELJ RUBLJA 750ML 7575,08035037,DOMESTOS,0.75 l,ko,2.99,3.99,,2.99,2.99,5996358008773,SREDSTVA ZA ČIŠĆENJE
DR BECKMANN BJELILO VREĆ,08140721,BECKMANN,1.00 ko,ko,3.19,3.19,,2.23,3.19,4008455437217,SREDSTVA ZA ČIŠĆENJE
ČOK DORINA LJEŠNJAK 80g,90071695,DORINA,0.08 kg,ko,,16.13,1.29,1.35,1.89,3850102501526,HRANA
OSLIĆ I SVJ LIBURNIJA,90074579,,1.00 kg,kg,9.99,9.99,,4.97,8.29,,HRANA
DEO GARNIER BWC FRESH 150ml,90075943,GARNIER,0.15 l,ko,,24.6,3.69,4.59,4.99,3600541402287,KOZMETIKA
ZUBATAC 600-800 g CROMARIS,90079142,,1.00 kg,kg,29.99,29.99,,11.99,29.99,3858893580157,HRANA
TIJESTO ISTAR LAZ ŠIR 250g KLARA M,90083687,KLARA M,0.25 kg,ko,2.59,10.36,,2.59,2.59,3859888499867,HRANA
ULJE MASL EX DJ 0.5 L BRACHIA,90091905,BRACHIA,0.50 l,ko,14.49,28.98,,14.49,14.49,3859891526093,HRANA
DET JAR PLAT PLUS BLUE 54 TAB,90826020,JAR ADW,54.03 ko,ko,20,0.37,,20,20,8006540751510,SREDSTVA ZA ČIŠĆENJE
SET NIVEA MEN STUFF TOOLBOX,90826330,NIVEA,1.00 ko,ko,20,20,,20,20,9005800383262,KOZMETIKA
SLANUTAK BIO 500 g NUTRIGOLD,90826464,NUTRIGOLD,0.50 kg,ko,2.09,4.18,,1.67,2.09,3858891974590,HRANA
PROTEIN ZOE CL HYDRO PINACOLADA 454 g,90839903,ZOE,0.45 kg,ko,34.99,77.07,,34.99,34.99,3856026708256,HRANA
ORAH JEZGRA 150 g NATURA,90850611,NATURA,0.15 kg,ko,2.59,17.27,,1.81,2.59,3859893124242,HRANA
BADEL DOMAĆI 0.5 L,90850964,BADEL 1862,0.50 l,ko,7.05,14.1,,4.99,7.05,3850112145123,PIĆE
PIL OTKOŠ BATAK.ZABATAK S KOŽOM VIN,90854666,CEKIN,1.00 kg,kg,6.49,6.49,,4.49,6.49,3850159114557,HRANA
KOLAČ CHOCO ORANGE 60 g JAFFA,90869777,JAFFA,0.06 kg,ko,0.99,16.5,,0.79,0.99,8600114011804,HRANA
NAPITAK ZOB EKO 1 L OATLY,90880042,OATLY,1.00 l,ko,3.29,3.29,,3.29,3.29,7394376123337,HRANA
ZP COLGATE MAX WHITE SUPERIOR 75 ml,90885363,COLGATE,0.08 l,ko,3.99,53.2,,3.99,3.99,8718951708686,KOZMETIKA
PILING TEK NIVEA LUMINOUS360 100 ml,90885403,NIVEA,0.10 l,ko,9.99,99.9,,9.99,9.99,9005800390048,KOZMETIKA
PASTA BLANX PURPLE CORR 75 ml,90885507,BLANX,0.08 l,ko,,39.87,2.99,2.09,4.19,8017331096277,KOZMETIKA
ORALB IO ULT CL BL 4/1,90885794,ORAL B,4.00 ko,ko,,7,27.99,39.99,39.99,8700216199483,KOZMETIKA
ROLL ON 48 CLEAR 50 ml,90886123,ILIRIJA,0.05 l,ko,4.45,89,,4.45,4.45,3838980813825,KOZMETIKA
GAZ. PIĆE LEMONISH LIMUN 0.4 L,90889840,LEMONISH,0.40 l,ko,1.39,3.48,,1.39,1.39,3838471045414,PIĆE
SVINJSKI VRAT MARINIRANI BK VAC,90894976,DILMAR,1.00 kg,kg,,7.99,7.99,6.29,8.99,,HRANA
DET OSJ VIOLETA BLUSHING BLOOM 2.7 L,90899793,VIOLETA,2.70 l,ko,5.59,2.07,,5.59,5.59,3870128038981,SREDSTVA ZA ČIŠĆENJE
TEL POTRB S GRUDI I REBR SK VAKLM,02414298,PIK VRBOVEC,1.00 kg,kg,9.99,9.99,,7.99,9.99,3850139541809,HRANA
VINO RAJNSKI RIZLING 0.75L ILOČKI PO,03021017,ILOČKI PODRUMI,0.75 l,ko,7.05,9.4,,6.29,7.05,3859889556576,PIĆE
OCAT ALKOHOLNI 1L ZVIJEZDA,03120031,ZVIJEZDA,1.00 l,ko,,0.79,0.79,0.99,0.99,3858882210928,HRANA
GAZ PIĆE SPRITE 0.5L,03163504,SPRITE,0.50 l,ko,1.15,2.3,,1.15,1.15,5449000334992,PIĆE
NEGAZ PIĆE PINGO  FRUCTAL 0.2L,03164012,FRUCTAL,0.20 l,ko,0.73,3.65,,0.59,0.73,3838945502115,PIĆE
KAVA JUBILARNA MLJEV 175g VR FRANCK,04070058,JUBILARNA,0.18 kg,ko,4.39,25.09,,4.39,4.39,3858881085589,HRANA
KAVA BEZ KOFEINA MLJEV VAC 250g FRAN,04070094,FRANCK,0.25 kg,ko,7.89,31.56,,7.89,7.89,3858881080225,HRANA
GEL TUŠ L'ANGELICA PAMUK 500ml,90341608,L ANGELICA,0.50 l,ko,3.25,6.5,,1.99,3.25,8017331077061,KOZMETIKA
PROTEIN 1ST WHEY 454g  VANILLA MADAGASCAR,90345158,POLLEO,0.45 kg,ko,21.99,48.44,,21.99,21.99,3858892293317,HRANA
ČOKOLADA MILKA OREO BROWNIE 100g,90352824,MILKA,0.10 kg,ko,2.49,24.9,,1.39,2.49,7622210956163,HRANA
ŠKAMP 5/10 SVJ UV MEDUZA,90356684,MEDUZA,1.00 kg,kg,31.99,31.99,,19.18,31.99,,HRANA
PASTRVA SVJ 350-500 MEDUZA,90356718,MEDUZA,1.00 kg,kg,5.05,5.05,,3.03,5.05,,HRANA
GRDOBINA 0.5-1 kg  MEDUZA,90356754,MEDUZA,1.00 kg,kg,11.29,11.29,,6.77,11.29,,HRANA
PAŠTETA KOKOŠJA  K PLUS 95g LO,90360465,K PLUS,0.10 kg,ko,0.85,8.95,,0.85,0.85,3850334267177,HRANA
MLIJEKO ZAMJ NAN 1 OPTIPRO 400g,90360935,NAN,0.40 kg,ko,11.09,27.73,,11.09,11.09,7613036362924,HRANA
VISKI JAMESON 1.0L,90362492,JAMESON,1.00 l,ko,30.55,30.55,,30.55,30.55,5011007003227,PIĆE
ZP COLGATE  MAX FRESH BLUE 100ml,90380329,COLGATE,0.10 l,ko,3.39,33.9,,2.15,3.39,8718951313576,KOZMETIKA
BRUSCHETTE GLJIVE/VRHNJE 70g MARETTI,90381969,MARETTI,0.07 kg,ko,,10,0.7,0.7,0.95,3800205875208,HRANA
PRELJEV PROSERIES ZERO CHO HAZ 0.18L,90400442,POLLEO,0.18 l,ko,2.99,16.61,,2.99,2.99,3858892291573,HRANA
CIDER SOMERSBY LUBENICA 0.5L LIM,90403573,SOMERSBY,0.50 l,ko,1.79,3.58,,1.49,1.79,3858887583393,PIĆE
TIJESTO SPAGHETTI N.3   500g  AGNESI,90403754,AGNESI,0.50 kg,ko,1,2,,1,1,8001200045039,HRANA
DESERT KINDER CRISPY 5X34 g,90869766,FERRERO,0.17 kg,ko,4.79,28.18,,4.79,4.79,8000500434161,HRANA
PAPRIKA ZAČ SLATKA 100 g SOTINAC,90875116,OPG SOTINAC,0.10 kg,ko,2.19,21.9,,2.19,2.19,3859893718083,HRANA
KAVA RITUAL MLJEVENA 500 g,90879683,RITUAL,0.50 kg,ko,6.79,13.58,,5.79,6.79,3850334114150,HRANA
PIVO RAZOR IPA 0.33 L LIM,90886876,SAPERLOT,0.33 l,ko,2.09,6.33,,2.09,2.09,3857500133502,PIĆE
SLADOLED TTL MALINA LIMUN 473 ml,90899968,TASTE THE LAYERS,0.47 l,ko,4.99,10.55,,4.99,4.99,8021995014270,HRANA
CAPP JACOBS MILKA LJEŠNJAK 2X132 g,90904693,JACOBS,0.26 kg,ko,4.98,18.86,,4.98,4.98,3858895412449,HRANA
MLIJEKO TR 3.5% 1L ALPSKO,02233959,LJUBLJ.MLEK.,1.00 l,ko,1.69,1.69,,1.49,1.69,3838800040578,HRANA
OKRUGLICE SA ŠLJIVAMA 500g LEDO,02373655,LEDO,0.50 kg,ko,3.29,6.58,,3.29,3.29,3850116876658,HRANA
SV CARSKO MESO NO VAKL  ,02404253,PIK VRBOVEC,1.00 kg,kg,5.15,5.15,,5.15,5.15,,HRANA
KOLAČ DOMAĆA BAKLAVA 500g,04024859,KLAS SARAJEV,0.50 kg,ko,4.84,9.68,,4.84,4.84,3870004030764,HRANA
CROISSANT 7DAYS MINI KAKAO 60g,04028124,CHIPITA,0.06 kg,ko,1.09,18.17,,1.09,1.09,7622202215322,HRANA
PAP RUPČIĆI PALOMA CLASSIC 3SL 10/1,05085017,PALOMA,10.00 ko,ko,1.59,0.16,,1.59,1.59,3838952001991,TOALETNE POTREPŠTINE
MLIJEKO TR 1.5% BEZ LAKT 1L LJUB MLEK,90036037,LJUBLJ.MLEK.,1.00 l,ko,2.19,2.19,,2.19,2.19,3838800049922,HRANA
SIR TVRDI GRANA PADANO RIBANI 100g,90045587,AGRIFORM,0.10 kg,ko,2.99,29.9,,2.99,2.99,8003518100219,HRANA
UDON NOODLES 300g SAITAKU,90056072,SAITAKU,0.30 kg,ko,2.69,8.97,,2.69,2.69,5060194790106,HRANA
ČAJ CRNI S VANILIJOM AHMAD 20X2g,90069592,AHMAD,0.04 kg,ko,3.69,92.25,,3.69,3.69,054881007115,HRANA
BOMBONI PEZ VREĆICA LICENCA 85G,90081787,PEZ,0.09 kg,ko,3.69,43.41,,2.77,3.69,9044400822320,HRANA
LEĆA LIM.400g PODRAVKA,90091539,PODRAVKA,0.40 kg,ko,1.89,4.73,,1.89,1.89,3850104272356,HRANA
RAŽA II SVJ RZ LIBURNIJA,90097407,,1.00 kg,kg,3.39,3.39,,2.03,3.39,,HRANA
VINO MOUTON CADET RES ST EMIL 0.75 L,90142890,MOUTON CADET,0.75 l,ko,15,20,,15,15,3262151101754,PIĆE
METAXA BRANDY 5* 0.7L,90143918,METAXA,0.70 l,ko,13.55,19.36,,13.55,13.55,5202795120054,PIĆE
PIŠMOLJ,90161574,,1.00 kg,kg,8.99,8.99,,5.39,8.99,,HRANA
SPREJ NIVEA FRESH FLOWER Z 150ml,90162535,NIVEA,0.15 l,ko,,26.6,3.99,3.99,3.99,9005800250342,KOZMETIKA
MLIJEČNO PECIVO 400G MORATO,90167322,MORATO,0.40 kg,ko,3.05,7.63,,3.05,3.05,8006837001083,HRANA
VOĆ JOG VILIKIS GRČKI MIX 150G,90168151,VILIKIS,0.15 kg,ko,0.99,6.6,,0.99,0.99,3850108030594,HRANA
ANTIQUE PELINKOVAC  LUX 0.7 BADEL,90181704,BADEL 1862,0.70 l,ko,18.05,25.79,,18.05,18.05,3850112110596,PIĆE
NAPOLITANKA CLASSIC 370g KOESTLIN,90240502,KOESTLIN,0.37 kg,ko,2.79,7.54,,1.79,1.79,3856014119767,HRANA
DAGNJE LIBURNIJA,90261489,MEDUZA,1.00 kg,kg,2.49,2.49,,1.49,2.49,,HRANA
KEČAP BLAGI 1000G K PLUS,90268638,K PLUS,1.00 kg,ko,1.99,1.99,,1.99,1.99,3850334610010,HRANA
VILEDA EASY W&C TURBO MOP REFIL 2U1,90275870,VILEDA,1.00 ko,ko,16.99,16.99,,8.49,16.99,4023103195189,PROIZVODI ZA KUĆANSTVO
ZAČIN ĐUMBIR MLJ POSIPAČ 30g VEGETA MAESTRO,90282247,VEGETA MAESTRO,0.03 kg,ko,2.59,86.33,,2.59,2.59,3850104294655,HRANA
ZIMSKA REZ 650g PODRAVKA,90299733,PODRAVKA,1.00 kg,kg,21.52,21.52,,13.52,13.52,,HRANA
NAPITAK HELL FOCUS 0.25L,90314304,HELL,0.25 l,ko,1.09,4.36,,1.09,1.09,5999885747733,PIĆE
LOSION PIZ BUIN TAN&PROTECT SPF15 150ml,90319988,PIZ BUIN,0.15 l,ko,15,100,,3,15,3574661184265,KOZMETIKA
BOLERO CLASSIC ANANAS 9g,90325855,BOLERO,0.01 kg,ko,0.89,98.89,,0.89,0.89,3800048200854,PIĆE
KAVA SEL ARABICA ZRNO 1kg SEGAFREDO,90339857,SEGAFREDO,1.00 kg,ko,23.49,23.49,,23.49,23.49,5900420070957,HRANA
ALOE VERA LOTTE GRAPE 0.24L,90340502,LOTTE,0.24 l,ko,1.05,4.37,,1.05,1.05,8801056038281,PIĆE
SKUŠA SVJ LIBURNIJA,90359838,,1.00 kg,kg,4.19,4.19,,2.51,4.19,,HRANA
LOSION TIJ NEUTROG JAK SUH KOŽA 400ml,90380269,NEUTROGENA,0.40 l,ko,,18.15,7.26,9.09,9.09,3574661098937,KOZMETIKA
ORADA OČIŠĆENA 350g KOM,90383000,KONZUM,0.35 kg,ko,3.7,10.57,,2.22,3.7,,HRANA
TELEĆI BUT BK T BOER,90383018,T BOER & ZN,1.00 kg,kg,,14.99,14.99,13.99,15.99,,HRANA
RAKIJA MEDICA V DEGENIJA 1L,90404787,DEGENIJA,1.00 l,ko,10.99,10.99,,10.99,10.99,3859889693240,PIĆE
CORNFLAKES SANTE 500g VR,90405577,SANTE,0.50 kg,ko,2.19,4.38,,2.19,2.35,5900617031457,HRANA
SLANINA DIM MES CCA 350g,90407984,DRNIŠKA TRADICIJA,1.00 kg,kg,16.99,16.99,,16.99,16.99,,HRANA
SIR POLUTV KOZJI ŠKRIPAVAC CAPRA DOM,90408973,CAPRA DOMESTICA,1.00 kg,kg,29.2,29.2,,29.2,29.2,,HRANA
KURKUMA MLJEVENA SPICE CHEF 60g MLIN,90409991,SPICE CHEF,0.06 kg,ko,1.99,33.17,,1.99,1.99,3850334134004,HRANA
ZP PLID HERBAL 75ml,90423029,PLIDENTA,0.08 l,ko,2.15,28.67,,1.49,2.15,3856007908057,KOZMETIKA
MASKA NIV Q10 EN SHEET 1/1,90423089,NIVEA,1.00 ko,ko,4.59,4.59,,4.59,4.59,9005800315485,KOZMETIKA
ČEŠNJAK U GRAN ECONOMY 120g KOTANYI,90423165,KOTANYI,0.12 kg,ko,3.95,32.92,,3.49,3.95,9001414008133,HRANA
KOBASICA VELEBITSKA GAVRIL,90424515,GAVRILOVIĆ,1.00 kg,kg,10.29,10.29,,10.29,10.29,3858890208085,HRANA
DUAL ONE NATURE ADULTCAT CHICKEN 750g,90427900,ONE,0.75 kg,ko,5.69,7.59,,3.99,5.69,7613038761664,PROIZVODI ZA KUĆANSTVO
ČAJ K PLUS MENTA 20X1.5g,90453806,K PLUS,0.03 kg,ko,1.09,36.33,,1.09,1.09,3850334240156,HRANA
ULJE MASLINOVO ED BEZ GRANICA 0.5L KONFIN,90498729,KONFIN,0.50 l,ko,16.29,32.58,,13.03,16.29,3859893661013,HRANA
JOGURT OD KOZJEG MLIJEKA 500g CAPRA,90514320,CAPRA DOMESTICA,0.50 kg,ko,2.69,5.38,,2.69,2.69,3859893605246,HRANA
SALV PALOMA ELITE GALAXY 40X40 2SL 16/1,90572969,PALOMA,16.00 ko,ko,3.95,0.25,,3.95,3.95,3838952028738,PROIZVODI ZA KUĆANSTVO
FELIX MM RIBLJI MENU 4X85g,90582746,FELIX,0.34 kg,ko,,5.85,1.99,2.79,2.79,7613287491725,PROIZVODI ZA KUĆANSTVO
LOSION TIJ NIVEA ALOE&HID 400ml,90598414,NIVEA,0.40 l,ko,,17.45,6.98,9.99,9.99,9005800286761,KOZMETIKA
GEL TUŠ BIOB BOTAN GARDEN 250ml,90599306,BIOBAZA,0.25 l,ko,,8.96,2.24,2.99,2.99,3856020910365,KOZMETIKA
JUHA KREM PILEĆA 64g PODRAVKA,90599371,PODRAVKA,0.06 kg,ko,1.39,21.72,,1.09,1.39,3856020255831,HRANA
JOGURT ACTIMEL MULTIFRUIT 4X100g,90602756,ACTIMEL,0.40 kg,ko,2.49,6.23,,1.99,2.49,5997536110356,HRANA
VITAMIN C 500 20 TABL MULTIVITA,90623357,MULTIVITA,20.00 ko,ko,5.49,0.27,,5.49,5.49,3858881249028,HRANA
PROTEIN ME 1ST PEA&RICE 454g CHOCOLATE,90674552,POLLEO,0.45 kg,ko,19.99,44.03,,19.99,19.99,3856026804057,HRANA
SIR SVJ S VRHNJEM 200g KRAVICA,90485348,KRAVICA KRALJICA,0.20 kg,ko,1.99,9.95,,1.99,1.99,3856015324290,HRANA
PRASETINA DOMAĆA KONZUM,90486447,PIK VRBOVEC,1.00 kg,kg,4.78,4.78,,4.78,4.78,3850139447286,HRANA
DET NILA MY CUTE BABY 900ml,90487325,NILA,0.90 l,ko,4.29,4.77,,4.29,4.29,3850105175540,SREDSTVA ZA ČIŠĆENJE
TAB FINISH QUANTUM ULTIM REG 80TAB,90487413,FINISH ADW,80.00 ko,ko,31.59,0.39,,31.59,31.59,5999109580788,SREDSTVA ZA ČIŠĆENJE
ULJE MASL EKS DJEV MIX 0.75L SAN ANTONIO,90513586,SAN ANTONIO,0.75 l,ko,17.29,23.05,,14.99,17.29,3859892822354,HRANA
JOGURT TEKUĆI 330G 2.8  DUKAT,90514056,DUKAT,0.33 kg,ko,1.35,4.09,,1.35,1.35,3850354016007,HRANA
PAPAR CRNI MLJEVENI XXL 120g KOTANYI,90553247,KOTANYI,0.12 kg,ko,4.79,39.92,,4.25,4.79,9001414007174,HRANA
HRENOVKA  POLI KIDS 100g,90570171,POLI,0.10 kg,ko,0.79,7.9,,0.68,0.68,3838977041675,HRANA
LOSION MELEM DRAGOC ULJA 200ml,90571892,MELEM,0.20 l,ko,5.45,27.25,,4.36,5.45,3856007909320,KOZMETIKA
GOURMET NATURE'S MM GOVEDINA 85g,90573104,GOURMET,0.09 kg,ko,1.09,12.82,,0.89,1.09,7613038042039,PROIZVODI ZA KUĆANSTVO
KEKS TRADIZIONALE BŠ 280g GULLON,90573615,GULLON,0.28 kg,ko,,5.75,1.61,2.69,2.69,8410376043686,HRANA
SIR POLUT KOZJI REZ 80g ALBENIZ,90617972,ALBENIZ,0.08 kg,ko,2.29,28.63,,2.29,2.29,8427298009232,HRANA
PRAŠK. NAPITAK MOJ DAN NARANČA 500g,90662939,MOJ DAN,0.50 kg,ko,2.39,4.78,,2.39,2.39,8605028604586,PIĆE
MINESTRONE 400g LEDO,90668474,LEDO,0.40 kg,ko,3.29,8.23,,3.29,3.29,3850116053523,HRANA
DEO JEAN MARC MIAMI HILLS 75 ML,90669443,JEAN MARC,0.08 l,ko,1.69,22.53,,1.69,1.69,5901815005073,KOZMETIKA
PJENUŠAC DJ. ROBBY BUBBLE JAGODA 0.75L,90669473,ROBBY BUBBLE,0.75 l,ko,3.65,4.87,,3.65,3.65,8595004610123,PIĆE
GEL BLUE ICE 230ml,90670018,INDOR,0.23 l,ko,3.09,13.44,,3.09,3.09,3858885847084,KOZMETIKA
VAFL NAPOLITANKA KAKAO MLIJEKO 700g,90670036,OPP NAPOLITANKE,0.70 kg,ko,2.39,3.41,,2.39,2.39,3857500120038,HRANA
ČOKOLADA MLIJ. KOM XXL 100g RUF,90670207,RUF,0.10 kg,ko,2.59,25.9,,2.07,2.59,4002809024276,HRANA
PEČENICA DIMLJ 1/2 VP KARE PIVAC,90670457,PIVAC,1.00 kg,kg,,8.49,8.49,8.19,11.99,3858890189926,HRANA
OM ORNEL JASMINE&COTT 800ml,90672730,ORNEL,0.80 l,ko,2.95,3.69,,1.99,2.95,3850105181923,SREDSTVA ZA ČIŠĆENJE
DESERT KNOPPERS COCONUT BAR 40g,90673135,KNOPPERS,0.04 kg,ko,0.85,21.25,,0.85,0.85,40144474,HRANA
KRUH SA SJEM BG 250g BALVITEN,90675407,BALVITEN,0.25 kg,ko,,11.84,2.96,3.71,3.71,5907653104794,HRANA
MASLAC OD LJEŠNJAKA 350g ANNAPURNA,90697844,ANNAPURNA,0.35 kg,ko,9.95,28.43,,9.95,9.95,3859890343929,HRANA
MASLINE CERIGNOLA 150g MONINI,90697954,MONINI,0.15 kg,ko,3.49,23.27,,3.49,3.49,8005510010053,HRANA
KREMA ZA DEP ČUP PAZUH BIKINI ZONA 100ml,90730253,ČUPKO,0.10 l,ko,2,20,,2,2,3859888495340,KOZMETIKA
MLIJEKO UHT K PLUS 1L 1.5%,90731607,K PLUS,1.00 l,ko,0.95,0.95,,0.95,0.95,3850334580504,HRANA
PAHULJICE FUN&FIT MIX 5 ŽIT/ SJEM 400g,90734957,FUN&FIT,0.40 kg,ko,2.29,5.73,,2.29,2.29,8606015855943,HRANA
DET PERSIL GEL LAVENDER 2.70L=60PR,90744934,PERSIL,2.70 l,ko,23.99,8.89,,23.99,23.99,9000101598148,SREDSTVA ZA ČIŠĆENJE
BISKVIT ČOK BOMBONČIĆ 8/1 200 G MR BROWNIE,90764702,MR BROWNIE,0.20 kg,ko,3.29,16.45,,2.63,3.29,8411037892490,HRANA
ČIPS DORITOS SWEET CHILLI 90 g,90770009,DORITOS,0.09 kg,ko,1.99,22.11,,1.69,1.99,8606017379409,HRANA
DET FAKS GEL LAVANDA 3.75L=75PR,90698077,FAKS,3.75 l,ko,12.99,3.46,,12.99,12.99,3850105179869,SREDSTVA ZA ČIŠĆENJE
LABELLO HYALURON MOIST ROSE 5.2g,90698994,LABELLO,0.01 kg,ko,4.75,913.46,,4.75,4.75,9005800365190,KOZMETIKA
SHOUT SPREJ ZA MRLJE 500ml,90699404,BIO SHOUT,0.50 l,ko,5.19,10.38,,5.19,5.19,5000204350814,SREDSTVA ZA ČIŠĆENJE
OM LENOR COTTON FRESH 925ml,90703443,LENOR,0.93 l,ko,3,3.24,,3,3,8006540890271,SREDSTVA ZA ČIŠĆENJE
KREMA BIOBAZA BOTANIKA WILD ME 50ml,90704151,BIOBAZA,0.05 l,ko,,44.8,2.24,2.99,2.99,3856020912369,KOZMETIKA
KEČAP LJUTI 500g K PLUS,90704282,K PLUS,0.50 kg,ko,1.59,3.18,,1.59,1.59,3850334044853,HRANA
BOMBON GUM KIKI COLA 180g KRAŠ,90704688,KIKI,0.18 kg,ko,2.29,12.72,,1.72,2.29,3850102006656,HRANA
FRUTABELA PROTEIN KARAMEL 40g FRUCTA,90705155,FRUTABELA,0.04 kg,ko,1.89,47.25,,1.89,1.89,3838945040433,HRANA
DET ARIEL COLOR 2.4L=48PR,90705924,ARIEL,2.48 l,ko,10,4.04,,10,10,8006540874738,SREDSTVA ZA ČIŠĆENJE
PAŠTETA PILEĆA CREAM 95g LINO,90706304,LINO,0.10 kg,ko,1.49,15.68,,1.19,1.49,3856020260439,HRANA
KAVOVINA DIVKA VR 250g FRANCK,90707113,FRANCK,0.25 kg,ko,2.49,9.96,,2,2.49,3850291054063,HRANA
TOFU SALAMA PAPRIKA EKO 100g,90714152,ANNAPURNA,0.10 kg,ko,2.25,22.5,,2.25,2.25,3859890343721,HRANA
MUESLI CRUNCH RISE&SMILE JAG ČOK 350g,90726174,RISE&SMILE,0.35 kg,ko,2.79,7.97,,2.79,2.79,3850334045393,HRANA
MJEŠAVINA PROVANSA 400G,90730629,LEDO,0.40 kg,ko,,5.88,2.35,2.35,2.99,3850116059785,HRANA
KOBASICA GOVEĐA ANDRO 300g,90732422,ANDRO,0.30 kg,ko,3.59,11.97,,3.59,3.59,3858892822616,HRANA
TP ZEWA DELUXE BRESKVA 3SL 8/1,90732971,ZEWA,8.00 ko,ko,2.79,0.35,,2.79,2.79,7322541171791,TOALETNE POTREPŠTINE
KOBASICA PIK NATUR TRAJNA MA NAR 80g,90744862,PIK NATUR,0.08 kg,ko,2.49,31.13,,2.09,2.49,3850139282160,HRANA
DET PERSIL GEL LAVENDER 0.9L=20PR,90744927,PERSIL,0.90 l,ko,,7.77,6.99,6.99,9.99,9000101598056,SREDSTVA ZA ČIŠĆENJE
SPREJ TAFT HEAT PROTECT 250 ml,90749863,TAFT,0.25 l,ko,,19.16,4.79,4.79,5.99,9000101619386,KOZMETIKA
KAVA QUALITA ORO MLJEV 250 g HAUSBRANDT,90750672,HAUSBRANDT,0.25 kg,ko,5.49,21.96,,5.49,5.49,8006980161450,HRANA
VOĆ PL HIPP BIO BAN/JAB/KEKS 20g,90764859,HIPP,0.02 kg,ko,0.89,44.5,,0.89,0.89,4062300362246,HRANA
CERESIT AP+TAB 450 g+ SOMAT PROMO,90764988,CERESIT,450.45 ko,ko,18.49,0.04,,18.49,18.49,9000101153736,SREDSTVA ZA ČIŠĆENJE
UMAK RAJČICA S BOSILJ 400g ZIGANTE,90765283,ZIGANTE,0.40 kg,ko,3.99,9.98,,3.99,3.99,3859892291679,HRANA
DESERT FINESSE CHOCO PEANUT 18/1 350 g,90770400,FINESSE,0.35 kg,ko,3.99,11.4,,3.99,3.99,3838900833896,HRANA
MASKA HERBAL ESSENCES ARGAN 300 ml,90771251,HERBAL ESSENCES,0.30 l,ko,8.35,27.83,,8.35,8.35,8700216210966,KOZMETIKA
MC MP PIL MRKVA GRAŠAK PATE 150 g,90774813,MIGLIOR,0.15 kg,ko,1.25,8.33,,1.25,1.25,8007520027281,PROIZVODI ZA KUĆANSTVO
SLANUTAK 400/240 g GUSTO SANO,90774846,GUSTO SANO,0.24 kg,ko,1.19,4.96,,1.19,1.19,8057733190012,HRANA
PLATA DOMAĆICA 1150 g PLATA DO VRATA,90774879,PLATA DO VRATA,1.15 kg,ko,34.5,30,,31.5,31.5,3859894230065,HRANA
PLATA ROYAL HISTRIA 1150 g PLATA DO VRATA,90774884,PLATA DO VRATA,1.15 kg,ko,47.5,41.3,,44.5,44.5,3859894230195,HRANA
GAZ PIĆE LEMON SODA 0.33 L LIM ,90779995,CRODO,0.33 l,ko,1.29,3.91,,1.29,1.29,80145455,PIĆE
GAZ PIĆE SCHW TONIC WAT 4PACK 0.33L,90785354,SCHWEPPES,1.32 l,ko,4.65,3.52,,4.65,4.65,5449000247940,PIĆE
DESERT MOUSSE ČOK 165 g STAY STRONG,90800113,STAY STRONG,0.17 kg,ko,1.59,9.64,,1.59,1.59,3850354018438,HRANA
PRŠUT S TARTUFIMA 60 g,90800777,PISINIUM,0.06 kg,ko,3.59,59.83,,3.39,3.39,3858894291823,HRANA
KOCKA KOKOŠJA 120g MAGGI,90819731,MAGGI,0.12 kg,ko,2.09,17.42,,2.09,2.09,8585002444851,HRANA
TACO STAND N STUFF 193g OLD EL PASO,90819736,OLD EL PASO,0.19 kg,ko,3.49,18.08,,3.49,3.49,8410076472175,HRANA
ČOK ZA KUHANJE BIJELA 200g ZAINI,90819929,ZAINI,0.20 kg,ko,4,20,,4,4,8004735065077,HRANA
KURKUMA ĐUMB BIOP 1200MG 90TAB NUTRIGOLD,90825848,NUTRIGOLD,90.01 ko,ko,9.95,0.11,,9.95,9.95,3858891976471,HRANA
SANITAR FLASH POWER PLUS 650 ml,90825979,SANITAR,0.65 l,ko,2.99,4.6,,2.69,2.99,3850111505683,SREDSTVA ZA ČIŠĆENJE
MARAMICE ZA UPIJANJE BOJA 22/1 K2R,90826172,K2R,52.00 ko,ko,4.99,0.1,,4.99,4.99,9000101822243,SREDSTVA ZA ČIŠĆENJE
NAPITAK PROTEIN VAN 0.5 L POLLEO VIN,90839709,VINDIJA,0.50 l,ko,2.99,5.98,,2.99,2.99,3850108023770,HRANA
ŠAMPON PANTENE THICK&STRONG 400 ml,90850403,PANTENE,0.40 l,ko,5.99,14.98,,4.49,4.49,8006540476758,KOZMETIKA
RAJČICA KONCE TUBA GARDEN GOOD 200 g,90854748,GARDEN GOOD,0.20 kg,ko,1.39,6.95,,1.39,1.39,3838900843208,HRANA
TUNJ OCEAN KOM SUNC ULJE 3X70 g/3X52,90869909,OCEAN,0.17 kg,ko,2.79,16.61,,2.79,2.79,3850334114563,HRANA
RIBLJA UTROBA,90870005,RZ KOMIŽA,1.00 kg,kg,0.09,0.09,,0.05,0.09,,HRANA
VINO PLAVAC VISLANDER 0.75 L,90874716,VISLANDER,0.75 l,ko,13.49,17.99,,13.49,13.49,3859893589584,PIĆE
CAPP NESCAFE ORIGINAL 324 g 3PACK,90880122,NESCAFE,0.32 kg,ko,6.99,21.57,,6.99,6.99,8445291599550,HRANA
LIP OIL MELEM KIKI JAG 10 ml,90885706,MELEM,0.01 l,ko,,499,4.99,4.71,5.89,3856007912733,KOZMETIKA
SLAD LEDO LUSH ČOKOLADA 900 ml,90885944,QUATTRO,0.90 l,ko,,4.43,3.99,3.99,4.99,3850116067209,HRANA
SIR U LISTIĆIMA BUTTERKASE 150 g MEG,90885980,MEGGLE,0.15 kg,ko,3.19,21.27,,3.19,3.19,4006265000669,HRANA
AJAX WIND BL TR 750 ml+KRPA VIL 3/1,90886130,AJAX,1.00 ko,ko,2.59,2.59,,2.59,2.59,3830075444594,SREDSTVA ZA ČIŠĆENJE
LOSION NIVEA SUN SPF50+ 400 ml,90887302,NIVEA,0.40 l,ko,28.39,70.98,,28.39,28.39,4006000133805,KOZMETIKA
KVIKI GRIC NACHO SIR 50 g PODRAVKA,90887386,KVIKI,0.05 kg,ko,0.89,17.8,,0.89,0.89,3856020276577,HRANA
BRODET II SVJ MEDUZA,02199564,,1.00 kg,kg,3.65,3.65,,2.19,3.65,,HRANA
KEFIR 3.5% 400g VINDIJA,02330100,Z BREGOV,0.40 kg,ko,1.29,3.23,,1.29,1.29,3850108030518,HRANA
SAVIJAČA S VANIL I ŠUM VOĆEM 500g LE,02373890,LEDO,0.50 kg,ko,3.99,7.98,,3.19,3.99,3850116888972,HRANA
JUN BIFTEK DO 1.8kg VAC  ,02414222,,1.00 kg,kg,37.99,37.99,,33.99,37.99,3850139544077,HRANA
BATAK I ZABATAK POD SMR VIND-KOKA,02434341,CEKIN,1.00 kg,kg,6.29,6.29,,6.29,6.29,3850159111051,HRANA
VINO BERMET SAMOB 0.75L KK FILIPEC,03020220,BERMET,0.75 l,ko,25.05,33.4,,25.05,25.05,3859888951037,PIĆE
VINO PELJEŠAC 1L KK BADEL,03011517,VINA HRVATSKE,1.00 l,ko,5.55,5.55,,4.49,4.49,3850112170637,PIĆE
LIKER LIMONCE 0.5L 25%,03080551,LIMONCE,0.50 l,ko,10.05,20.1,,10.05,10.05,8000440112815,PIĆE
KAŠICA HIPP TELET POVR RIŽ 8MJ 220g,03140032,HIPP,0.22 kg,ko,2.09,9.5,,2.09,2.09,9062300103035,HRANA
MIN VODA JAMNICA 0.5L GAZ PET,03180001,JAMNICA,0.50 l,ko,0.85,1.7,,0.85,0.85,3859888152113,PIĆE
KRUPICA KUKURUZNA 1kg POHIT,04030422,POHIT,1.00 kg,ko,1.85,1.85,,1.85,1.85,8000271000015,HRANA
TIJESTO VALJ REZANCI SA ŠPIN 400g 1390,04050687,ZLATO POLJE,0.40 kg,ko,2.69,6.73,,1.59,1.59,3838700013900,HRANA
TIJESTO REZAN USK JAJ 400g MARODI,04050900,MARODI,0.40 kg,ko,2.59,6.48,,1.79,2.59,3859888666009,HRANA
KORICA LIMUNA 14g VREĆ KOTANYI,04100429,KOTANYI,0.01 kg,ko,0.99,70.71,,0.59,0.99,9001414016039,HRANA
ČAJ SIR WINSTON ENGLISH BREAKFAST 36g,04090028,SIR WINSTON,0.04 kg,ko,2.39,68.29,,2.39,2.39,5901086050710,HRANA
VEGETA ST DOZA 400g PODRAVKA,04160307,VEGETA,0.40 kg,ko,3.79,9.48,,3.79,3.79,3850104249600,HRANA
VEGETA NATUR VR 150g PODRAVKA,04160309,VEGETA,0.15 kg,ko,2.19,14.6,,2.19,2.19,3850104248832,HRANA
ŽELATINA BIJELA 30g 3X10g DR OETKER,04180511,DR OETKER,0.03 kg,ko,2.39,79.67,,2.39,2.39,5997381370707,HRANA
BOMB ORBIT FRESH MINT MINTS 28g,04191644,WRIGLEY,0.03 kg,ko,0.99,35.36,,0.99,0.99,42211501,HRANA
DESERT CORNY BIG KIKIRIKI 50g,04221367,SCHWARTAU,0.05 kg,ko,1.19,23.8,,1.19,1.19,4011800599515,HRANA
KINDER SCHOKO BONSI 200g,04221397,FERRERO,0.20 kg,ko,5.19,25.95,,4.15,5.19,5413548283128,HRANA
ZP AQF FRESH&MINTY 125ML,06530974,AQUAFRESH,0.13 l,ko,2.99,23.92,,2.99,2.99,5054563199621,KOZMETIKA
DEO FA SPORT SPR 150ml  5555,06555317,FA,0.15 l,ko,3.99,26.6,,2.49,3.99,3838824085272,KOZMETIKA
BRIJAČ JEDNOK GILL BL 3,06560233,GILLETTE,1.00 ko,ko,,4.39,4.39,4.39,5.49,7702018489619,KOZMETIKA
BOJA COLOR NAT 8.1 BL CL CE 5708,06542051,GARNIER COL NATURALS,1.00 ko,ko,,3.69,3.69,4.99,4.99,3600540335708,KOZMETIKA
PRONTO TRIGGER ALOE VERA 500ML,08030703,PRONTO,0.50 l,ko,5.39,10.78,,3.99,5.39,5000204238242,SREDSTVA ZA ČIŠĆENJE
PIVO OŽUJSKO GREJP 0.5L LIM,90035138,OŽUJSKO,0.50 l,ko,1.55,3.1,,1.39,1.55,3850131002551,PIĆE
KRUH KUK MIJEŠANI 500g MLINAR,90056494,MLINAR,0.50 kg,ko,,3.98,1.99,2.19,2.19,3858881123618,HRANA
AMUR REZANI LED ORAHOVICA,90056837,,1.00 kg,kg,6.75,6.75,,4.05,6.75,,HRANA
PIVO PAULANER ORIG. 0.5 L NB,90058397,PAULANER,0.50 l,ko,1.95,3.9,,1.59,1.95,4066600611028,PIĆE
SOL ZA PERILICU DAX 1.1kg,90058892,DAX,1.10 kg,ko,0.75,0.68,,0.75,0.75,3850334399977,SREDSTVA ZA ČIŠĆENJE
JOGURT ACTIVIA ČVRSTI NATUR 4X125g,90059718,ACTIVIA,0.50 kg,ko,2.19,4.38,,2.19,2.19,5997536115177,HRANA
BOJA SYOSS OLEO 5-92 SV CRVENA,90059990,SYOSS OLEO,1.00 ko,ko,,6.49,6.49,6.49,7.99,9000100814737,KOZMETIKA
CESAR MP PURETINA GOVEDINA 150g,90062969,CESAR,0.15 kg,ko,1.59,10.6,,1.29,1.59,4008429041013,PROIZVODI ZA KUĆANSTVO
NEGAZ PIĆE CAPPY PULPY NAR 1L,90068284,CAPPY PULPY,1.00 l,ko,2.55,2.55,,2.15,2.55,5449000333421,PIĆE
ČAJ DARJEELING AHMAD 20X2g,90069558,AHMAD,0.04 kg,ko,3.69,92.25,,3.69,3.69,054881005593,HRANA
ŠEĆER S AROMOM NARANČE 50G KOTANYI,90069879,KOTANYI,0.05 kg,ko,1.05,21,,0.63,1.05,9001414711811,HRANA
SAPUN TEK DAISY MED/KOK 1L,90071151,DAISY,1.00 l,ko,1.15,1.15,,0.99,1.15,3850334355102,KOZMETIKA
PUREĆA PRSA 750g AIA,90071436,AIA,0.75 kg,ko,7.59,10.12,,7.59,7.59,8008110003067,HRANA
VL MAR VIOLETA SENS BADEM 56/1,90072532,VIOLETA,55.99 ko,ko,,0.02,1.29,1.29,1.85,3870128006690,TOALETNE POTREPŠTINE
SIR TVRDI GRANA PAD RIB K PLUS 100g,90074487,K PLUS,0.10 kg,ko,2.55,25.5,,1.99,1.99,3850334353993,HRANA
PAH FITNESS CHOCO NESTLE 375G,90087403,NESTLE ŽITAR,0.38 kg,ko,4.99,13.31,,4.69,4.69,7613034608598,HRANA
ZP ELMEX ANTI CARIES 75ML,90075252,ELMEX,0.08 l,ko,,47.87,3.59,3.59,4.79,8718951477575,KOZMETIKA
MIN VODA ROMERQUELLE 0.5L GAZ PET,90071741,ROMERQUELLE,0.50 l,ko,0.95,1.9,,0.95,0.95,90311185,PIĆE
MRKVA VEZICA KOM,90085771,KORA,0.60 kg,ko,1.09,1.82,,0.79,1.09,3858885878569,HRANA
LIZ CHUPA CHUPS PUCKETAVA JAG 14g,90089210,CHUPA CHUPS,0.01 kg,ko,0.89,63.57,,0.71,0.89,8410031920970,HRANA
KAŠICA HIPP INT VOĆ/ŽIT 250g,90092957,HIPP,0.25 kg,ko,2.15,8.6,,2.15,2.15,4062300406582,HRANA
NEKTAR FRUCTAL PREMIUM JAGODA 0.20l,90108190,FRUCTAL,0.20 l,ko,0.95,4.75,,0.89,0.95,3838945028561,PIĆE
KEČAP LJUTI 500g PODRAVKA,90116886,PODRAVKA,0.50 kg,ko,,2.78,1.39,1.49,1.99,3850104268915,HRANA
HAMBURGER VAK 350g PIK,90141927,PIK VRBOVEC,0.35 kg,ko,6.49,18.54,,6.49,6.49,3850139051353,HRANA
PROSECCO VILLA SANDI ROSE 0.75L,90142845,VILLA SANDI,0.75 l,ko,11.05,14.73,,11.05,11.05,8017494420018,PIĆE
ČETKICA OB PRO EXP 40MED 2KOM,90146968,ORAL B,1.00 ko,ko,3,3,,3,3,3014260022051,KOZMETIKA
NAPITAK MONSTER ROSSI 0.5L,90149329,MONSTER,0.50 l,ko,1.95,3.9,,1.95,1.95,5060335633132,PIĆE
KREMA NIVEA MEN 150ML,90156875,NIVEA,0.15 l,ko,,28.87,4.33,4.59,6.19,9005800239958,KOZMETIKA
KAŠ INST LINO KEKS JAB KAM 200g,90362418,LINO,0.20 kg,ko,2.59,12.95,,2.59,2.59,3850104251894,HRANA
TEKUĆI SAPUN GREEN VITAL 1l,90362605,AFRODITA,1.00 l,ko,5.69,5.69,,5.69,5.69,3830001292145,KOZMETIKA
DEO BOROT SPR ACT SEA SAL 150ml,90365953,BOROTALCO,0.15 l,ko,,13.27,1.99,1.99,3.99,8002410043594,KOZMETIKA
BOJA TEKUĆA JESTIVA CRVENA 30ml DR.OETKER,90377988,DR OETKER,0.03 l,ko,1.59,53,,1.59,1.59,5907707059445,HRANA
ARF GRILL 650ml,90109087,ARF,0.65 l,ko,3.29,5.06,,2.59,2.59,3850105149961,SREDSTVA ZA ČIŠĆENJE
BOMBON GUMEN EUKALIPT HERBA ŠUMI 90,90110331,ŠUMI,0.09 kg,ko,1.19,13.22,,1.19,1.19,3838700040678,HRANA
WHISKAS DREAMIES GOVEDINA 60G,90139350,WHISKAS,0.06 kg,ko,1.79,29.83,,1.45,1.79,5998749130957,PROIZVODI ZA KUĆANSTVO
PUDING ČOK 45G PODRAVKA,90155256,DOLCELA,0.05 kg,ko,0.7,15.56,,0.43,0.43,3850104274817,HRANA
FRISKIES SP ACTIVE MESO 2.4KG,90158628,FRISKIES,2.40 kg,ko,8.39,3.5,,5.99,5.99,7613034232229,PROIZVODI ZA KUĆANSTVO
ČVARCI PREMIUM 90G SILMA,90183740,SILMA,0.09 kg,ko,3.89,43.22,,3.11,3.89,3859892782139,HRANA
MLIJEKO BEZ LAKTOZE 1L VINDIJA,90185048,Z BREGOV,1.00 l,ko,1.99,1.99,,1.59,1.59,3850108023572,HRANA
VREĆA SMEĆE 120L 10/1 OPTIPLAST,90187419,OPTIPLAST,10.00 ko,ko,2.65,0.27,,2.65,2.65,3859891367825,PROIZVODI ZA KUĆANSTVO
PAP RUPČIĆI NATUR KUTIJA 2SL 150/1,90189209,NATUR,149.93 ko,ko,1.59,0.01,,1.59,1.59,3838900976647,TOALETNE POTREPŠTINE
PAP RUPČIĆI NATUR MENT 4SL 10/1,90190381,NATUR,10.00 ko,ko,1.25,0.13,,1.25,1.25,3838900965641,TOALETNE POTREPŠTINE
ZP COLGATE MAX EXPERT WHITE 75ML,90210743,COLGATE,0.08 l,ko,5.79,77.2,,4.05,5.79,7509546064857,KOZMETIKA
POSEBNA 1000g WUDY POP,90226996,WUDY,1.00 kg,ko,3.45,3.45,,2.29,3.45,8008110562335,HRANA
KAŠA ZOB KOKOS GROŽ 65g DOBRA,90231270,DOBRA,0.07 kg,ko,0.99,15.23,,0.99,0.99,8595054904364,HRANA
GEL ZA KUPANJE LUMPI 500ML,90256051,LUMPI,0.50 l,ko,2.39,4.78,,2.39,2.39,3838900823958,KOZMETIKA
ORADA DIVLJA LIBURNIJA,90266044,,1.00 kg,kg,9.09,9.09,,5.45,9.09,,HRANA
SIR POSNI 500G POSUDICA VERONIKA,90267807,VERONIKA,0.50 kg,ko,2.69,5.38,,2.69,2.69,3859889622929,HRANA
SKUŠA EXTRA DJEV. ULJE 104.4G RIO MARE,90268344,RIO MARE,0.10 kg,ko,5.09,48.94,,5.09,5.09,8004030622012,HRANA
NARANČA EKO 1 kg,90273967,,1.00 kg,ko,1.89,1.89,,1.89,1.89,8019796620301,HRANA
BRISAČ PODA MOP PAMUK DRŠKA DAX,90276241,DAX,1.00 ko,ko,3.32,3.32,,3.32,3.32,3850334599520,PROIZVODI ZA KUĆANSTVO
ORAH IND BRUSNICA MIX DUO EC 125g,90286912,EUROCOMPANY,0.13 kg,ko,2.69,21.52,,2.69,2.69,3872084009005,HRANA
NAPITAK HELL RED GRAPE 0.25l,90291601,HELL,0.25 l,ko,1.09,4.36,,1.09,1.09,5999884034506,PIĆE
TIJESTO MAXX SPIRALI 57 625g PASTA ZARA,90297943,PASTA ZARA,0.63 kg,ko,,1.9,1.19,1.59,1.59,8004350180575,HRANA
TOAST SA SJEMENKAMA 500g TVOJIH 5 MINUTA,90299557,TVOJIH 5 MIN,0.50 kg,ko,2.29,4.58,,2.29,2.29,8606018730490,HRANA
KULENOV CVIJET NAR 80g GAVRILOVIĆ,90299977,GAVRILOVIĆ,0.08 kg,ko,2.35,29.38,,2.35,2.35,3858890209044,HRANA
KOLUTIĆI LIGNJE PANIRANI 1kg,90302162,LEDO,1.00 kg,kg,7.99,7.99,,7.99,7.99,3850116003603,HRANA
LIKER PELINKOVAC 0.7L METAL BOX,90303320,MARASKA,0.70 l,ko,17.05,24.36,,17.05,17.05,3850158406844,PIĆE
KAVA MUST CREMOSO DG 16/1 112g,90306977,MUST,0.11 kg,ko,4,35.71,,4,4,8056370761326,HRANA
GEL ZA BRIJANJE NIVEA MEN DEEP 200ml,90311668,NIVEA,0.20 l,ko,7.59,37.95,,5.69,7.59,9005800297156,KOZMETIKA
VINO GOLUBICA FRANKOVKA 0.75L,90320203,GOLUBICA,0.75 l,ko,4.05,5.4,,4.05,4.05,3858882616706,PIĆE
TORTILLA 20cm 8/1 320g MEXIFOODS,90324775,MEXIFOODS,0.32 kg,ko,2.79,8.72,,1.89,1.89,8422424100081,HRANA
KOCKA ZA POTPALU 32/1 FLASH EKO,90340438,FLASH,32.00 ko,ko,1.25,0.04,,1.25,1.25,4007467903185,PROIZVODI ZA KUĆANSTVO
VINO JERUZALEM ORMOŽ RUMENI MUŠKAT 0.75L,90341511,JERUZALEM,0.75 l,ko,7.99,10.65,,7,7.99,3830078701809,PIĆE
PROTEIN 1ST WHEY 30.4g SACHET SWISS CHOC,90346512,POLLEO,0.03 kg,ko,1.99,65.46,,1.99,1.99,3858892293270,HRANA
PRŠUT DALMATINSKI SK PIVAC,90349198,PIVAC,1.00 kg,kg,20.65,20.65,,20.65,20.65,3858890180190,HRANA
SLAD HAAGEN DAZS MACADAMIA NUT 460ML,90360200,HAAGEN DAZS,0.46 l,ko,7.49,16.25,,7.49,7.49,3415581122831,HRANA
ŠAMPON J&J BABY BEDTIME 500ml,90361008,J&J,0.50 l,ko,7.69,15.38,,7.69,7.69,3574669907514,KOZMETIKA
ZP COLG ADV WH CHARCOAL 75ml,90378129,COLGATE,0.08 l,ko,2.99,39.87,,2.09,2.99,8718951253827,KOZMETIKA
NAPITAK OD ZOBI BARISTA 1L SCOTTI,90386194,RISO SCOTTI,1.00 l,ko,2.25,2.25,,2.25,2.25,8001860209741,HRANA
GRAH POSNI 300G GAVRILOVIĆ,90393003,GAVRILOVIĆ,0.30 kg,ko,3.05,10.17,,3.05,3.05,3858892721070,HRANA
BOJA PALETTE DLX 679 INT LJUB CRV,90401822,PALETTE DELU,1.00 ko,ko,4,4,,4,4,3838824176918,KOZMETIKA
BOMBON SPAGHETTI COLA 80g BEBETO,90401880,BEBETO,0.08 kg,ko,0.99,12.38,,0.93,0.93,8690146085164,HRANA
FANT ZA TORTILJE 40G PODRAVKA,90403244,FANT,0.04 kg,ko,1.29,32.25,,1.29,1.29,3856020236472,HRANA
SUHA PEČENICA cca300g SUŠARA PERAJICA,90404119,SUŠARA PERAJICA,1.00 kg,kg,29.49,29.49,,29.49,29.49,,HRANA
NAPITAK PROTEIN KEKS UHT 0.5L VINDIJA,90404984,Z BREGOV,0.50 l,ko,2.49,4.98,,1.99,2.49,3850108023671,HRANA
ŽEMLJA 5/1 300g MLINAR,90406411,MLINAR,0.30 kg,ko,1.45,4.83,,1.15,1.15,3858881126473,HRANA
SIR SVJEŽI KOZJA SKUTA CAPRA DOM,90408971,CAPRA DOMESTICA,1.00 kg,kg,18.58,18.58,,18.58,18.58,,HRANA
FILE PILEĆI 6X2 NATUR,90409794,WING FOODS,1.00 kg,kg,5.31,5.31,,5.31,5.31,7898563210508,HRANA
RAVIOLI SA ŠPIN I RICOTTOM 250g DIVITA,90411672,DIVITA,0.25 kg,ko,2.65,10.6,,2.65,2.65,3831001823780,HRANA
PECIVO ČAJNO ČOK NAR BŠ 200g DELICIA,90754809,DELICIA,0.20 kg,ko,3.69,18.45,,3.45,3.45,3859889106238,HRANA
KROASAN BELINO MIDI KAKAO 60 g,90759805,BELINO,0.06 kg,ko,0.59,9.83,,0.59,0.59,5301000230387,HRANA
LIKER JABUKA CIMET CANNELLA 0.7L,90759920,CANNELLA,0.70 l,ko,26.05,37.21,,26.05,26.05,3859894092021,PIĆE
SLAD GELATISSIMO LJEŠNJAK 4X115 ml,90765060,GELATISSIMO,0.32 l,ko,2.99,9.36,,2.99,2.99,3850334112422,HRANA
ČOKOLADA DORINA JAGODA VANILIJA 245 g,90765237,DORINA,0.25 kg,ko,4.99,20.37,,3.79,4.99,3850102010011,HRANA
TORTELINI BEZ GLUT PRŠUT 250g DE ANG,90769797,DE ANGELIS,0.25 kg,ko,2.99,11.96,,2.99,2.99,8021228901346,HRANA
KEČAP BLAGI 300 g ZVIJEZDA,90770109,ZVIJEZDA,0.30 kg,ko,1.49,4.97,,1.49,1.49,3856015328236,HRANA
PITA S JABUKAMA 450 g MLINAR,90770866,MLINAR,0.45 kg,ko,5.29,11.76,,3.49,5.29,3856028400127,HRANA
BRIJAČ VENUS SMOOTH SEN PINK+2PATR,90771216,VENUS,1.00 ko,ko,,9.11,9.11,9.09,9.09,7702018575350,KOZMETIKA
MG MM PIL MRKVA GRAŠAK 100 g,90775163,MIGLIOR,0.40 kg,ko,0.99,2.48,,0.99,0.99,8007520027403,PROIZVODI ZA KUĆANSTVO
DŽEM K PLUS EXTRA MARELICA 350g,90794848,K PLUS,0.35 kg,ko,2.49,7.11,,1.99,2.49,3850334111326,HRANA
ČAJNA PAŠTETA 50 g 4+1 GRATIS GAVRILOVIĆ,90800932,GAVRILOVIĆ,0.20 kg,ko,4.36,21.8,,4.36,4.36,3858892726174,HRANA
WHISKY CLAN CAMPBELL 0.7L,90814882,CLAN CAMPBELL,0.70 l,ko,14.05,20.07,,14.05,14.05,5056772300003,PIĆE
LAN BIO ZONE 500 g,90824905,BIO ZONE,0.50 kg,ko,1.99,3.98,,1.69,1.99,3838900841051,HRANA
DESERT FINESSE TRUFFLES KAKAO 200g,90825383,FINESSE,0.22 kg,ko,2.79,12.68,,2.79,2.79,3838900830512,HRANA
FRATAR TOTAL FISH,90840025,,1.00 kg,kg,5.99,5.99,,3.59,5.99,,HRANA
LIMETA DEHIDRIRANA VEEMEE 30 g,90850432,VEEMEE,0.03 kg,ko,3.69,123,,3.69,3.69,3859894055446,HRANA
KREMA LOREAL REVIT HIDR SPF30 50 ml,90850506,LOREAL,0.05 l,ko,14.49,289.8,,14.49,14.49,3600522416906,KOZMETIKA
BADEM JEZGRA 200 g NATURA,90850562,NATURA,0.20 kg,ko,4.49,22.45,,3.14,4.49,3859892798789,HRANA
ROLL ON BOROTALCO INVIS PINK 50 ml,90850647,BOROTALCO,0.05 l,ko,,39.8,1.99,1.99,3.99,80937531,KOZMETIKA
SUSHI TOKYO 260 g GINGER,90864854,GINGER SUSHI,0.26 kg,ko,8.99,34.58,,8.99,8.99,3859893601750,HRANA
KAŠ HIPP POVR RIŽA PURET 250g,90406842,HIPP,0.25 kg,ko,2.29,9.16,,2.29,2.29,4062300036710,HRANA
LOSOS ODRESCI MOWI,90425083,MOWI,1.00 kg,kg,,12.99,12.99,7.19,17.99,,HRANA
DANISH WHITE DIVAN GARDEN 800g,90448183,DIVAN GARDEN,0.80 kg,ko,5.97,7.46,,3.95,3.95,3859893493430,HRANA
VODA MINERALNA JANA 4PACK 1.5L PET,90452807,JANA,6.00 l,ko,3.29,0.55,,3.29,3.29,3858890876062,PIĆE
BRIJAČ DOUBLE EDGE KCG+5 PATRONA,90483401,GILLETTE,1.00 ko,ko,20,20,,20,20,7702018590148,KOZMETIKA
GEL TUŠ NIVEA M ACT ENERGY 500ml,90483744,NIVEA,0.50 l,ko,6.69,13.38,,2.99,6.69,9005800341644,KOZMETIKA
TOLSTOLOBIK ODREZAK KUPA,90486832,RIBNJACI KUPA,1.00 kg,kg,3.69,3.69,,2.21,3.69,,HRANA
MIN VODA JAMNICA MILD 1.5L PET,90494676,JAMNICA,1.50 l,ko,0.99,0.66,,0.99,0.99,3858890875577,PIĆE
KEKS DIGESTIVE 2X500G MC VITIES,90495028,MCVITIE'S,1.00 kg,ko,3.99,3.99,,3,3.99,5000396048001,HRANA
UŠATA SVJ TOTAL FISH,90514592,TOTAL,1.00 kg,kg,6.49,6.49,,3.89,6.49,,HRANA
JUN SLAB I LEÐA SK SB JUN MARTINJAK,90563215,MARTINJAK,1.00 kg,kg,12.99,12.99,,12.99,12.99,3859893702860,HRANA
TUBA FRUTOLINO VOĆE/ZOB 100g,90568463,LINO,0.10 kg,ko,1.39,13.9,,1.39,1.39,3856020248154,HRANA
OCAT PLAVAC MALI 0.5 L VRBANEK,90572612,VRBANEK,0.50 l,ko,2.92,5.84,,2.92,2.92,3859891209422,HRANA
ČIPS JABUKA KAKAO 30g VELI'S,90573352,VELI'S,1.00 ko,ko,0.99,0.99,,0.99,0.99,3859891308972,HRANA
RIŽA DUGO ZRNO PARBOIL.500g BEN'S,90577698,BEN’S ORIGINAL,0.50 kg,ko,3.69,7.38,,3.69,3.69,5410673007476,HRANA
CAPP FR VAN 3X148g SUPER PONUDA,90632753,FRANCK,0.44 kg,ko,7.95,17.91,,7.95,7.95,3850291053523,HRANA
TEL LOPATICA SK MARTINJAK DOMAĆA,90669288,MARTINJAK,1.00 kg,kg,10.49,10.49,,10.49,10.49,3859893702495,HRANA
ŠAMPON SYOSS KERATIN 750 ml,90669366,SYOSS,0.75 l,ko,10.99,14.65,,10.99,10.99,5201143725606,KOZMETIKA
ŠAMPON SCHAUMA REP I CARE 750ml,90669370,SCHAUMA,0.75 l,ko,7.99,10.65,,7.99,7.99,9000101681246,KOZMETIKA
SMIRKO ČAJ 60g PIRAMID PAMPA-TEA,90669497,PAMPA TEA,0.06 kg,ko,10.39,173.17,,10.39,10.39,3859891239344,HRANA
KRUH BIJELI BG 190g BALVITEN,90675382,BALVITEN,0.19 kg,ko,,7.21,1.37,1.72,1.72,5907653104091,HRANA
KULEN CR SLAV SVINJ 1/2 VP KUTIJA BELJE ,90678346,BELJE,1.00 kg,kg,59.99,59.99,,59.99,59.99,3850257053086,HRANA
MICROGREENS GRAŠAK 30g,90692946,VEEMEE,0.03 kg,ko,1.59,53,,1.59,1.59,3859894055217,HRANA
ROLL ON BOROTALCO M UNIQUE 50ml,90703879,BOROTALCO,0.05 l,ko,,39.8,1.99,1.99,3.99,80972990,KOZMETIKA
PIVO ESTRELLA GALICIA ESP 0.5L LIM ,90704171,ESTRELLA,0.50 l,ko,1.65,3.3,,1.65,1.65,8412598000775,PIĆE
DESERT ČOKOLADNA TORTICA DUO 2X25g,90704761,TORTICA,0.05 kg,ko,0.99,19.8,,0.99,0.99,3850102005086,HRANA
PATRONE GILL MACH3 UGLJEN 5kom,90730521,GILLETTE,5.00 ko,ko,21.99,4.4,,21.99,21.99,8700216062770,KOZMETIKA
SET OS CHEF DEO150+SG250,90731889,OLD SPICE,1.00 ko,ko,5,5,,5,5,8700216131704,KOZMETIKA
PAŠTETICA PIL JETR KIDS 25g,90732111,CEKIN KIDS,0.03 kg,ko,0.35,14,,0.35,0.35,3850159132735,HRANA
MOZZARELLA PROTEIN STICKS 4x21g,90732465,ZOTT,0.08 kg,ko,2.99,35.6,,2.99,2.99,4014500520407,HRANA
KREKER RIŽA BARBECUE 50g SCOTTI,90733401,RISO SCOTTI,0.05 kg,ko,1.29,25.8,,1.29,1.29,8001860185069,HRANA
PROSCIUTTO COTTO 125g NAR,90770659,CASA MODENA,0.13 kg,ko,2.29,18.32,,2.29,2.29,8004225042113,HRANA
KAMINWURZERL BLAGI SORGER 150g,90770702,SORGER,0.15 kg,ko,3.49,23.27,,3.49,3.49,9002055107315,HRANA
KEKS DULCETTI ACTIV MIX 160g,90647922,DULCETTI,0.16 kg,ko,1.19,7.44,,1.19,1.19,3850334017772,HRANA
DET ARIEL EXTRA CLEAN 20 TAB,90662828,ARIEL,20.00 ko,ko,10,0.5,,10,10,8001090803474,SREDSTVA ZA ČIŠĆENJE
CEDEVITA LIMUN XXL 1000g,90675691,CEDEVITA,1.00 kg,ko,6.39,6.39,,6.39,6.39,3850322016169,PIĆE
SLAD GRUVI BOROVNICA 4x75ml,90704333,SAMMONTANA,0.30 l,ko,5.99,19.97,,5.99,5.99,8005840020111,HRANA
BOMBONI TIC TAC CITRUS MIX 18g,90705647,FERRERO,0.02 kg,ko,0.79,43.89,,0.79,0.79,80883586,HRANA
NAPITAK ZOB BARISTA 1L DAR,90712943,DAR,1.00 l,ko,2.99,2.99,,2.99,2.99,3850108028041,HRANA
PAHULJ LINO PILLOWS NOUGAT XXL 700g,90714208,LINO,0.70 kg,ko,4.69,6.7,,4.29,4.69,3856020262709,HRANA
SAPUN TEK PALM MILK&ORCHID 500ml REF,90730171,PALMOLIVE,0.50 l,ko,,4.38,2.19,3.19,3.19,8718951508187,KOZMETIKA
CEDEVITA NARANČA LIGHT 180g ,90732598,CEDEVITA,0.18 kg,ko,2.09,11.61,,2.09,2.09,3850322003510,PIĆE
SKYR PROTEIN BRE/MAR 330g Z BREGOV,90732921,Z BREGOV,0.33 kg,ko,1.69,5.12,,1.69,1.69,3850108037517,HRANA
TUNJ S POVRĆEM EVA 100g/51g,90733047,EVA,0.05 kg,ko,,33.14,1.69,2.49,2.49,3856020263157,HRANA
SKUŠA OČIŠĆENA ŽUVELA,90733805,ŽUVELA,1.00 kg,kg,7.49,7.49,,4.49,7.49,,HRANA
WHISKY FLY 0.7L  F&I ,90745487,FLY,0.70 l,ko,20,28.57,,20,20,7629999883222,PIĆE
PECIVO PUTER ŠTANGICE 3/1 180 g,90749652,PET MINUTA,0.18 kg,ko,1.99,11.06,,1.99,1.99,3858885565612,HRANA
POSEBNA K PLUS PILEĆA 1000 g,90749979,K PLUS,1.00 kg,ko,,1.99,1.99,2.89,2.89,3850334098214,HRANA
TJEST CONCHIGLIE 400g BRONZA,90751015,BRONZA,0.40 kg,ko,2.59,6.48,,2.59,2.59,3857500128584,HRANA
LIKER PELINKOVAC ORANGE 0.7L S ČAŠOM,90754928,BADEL 1862,0.70 l,ko,14.05,20.07,,14.05,14.05,3850112111616,PIĆE
SALANETTIS SORGER BITS KLASIK 80g,90770684,SORGER,0.08 kg,ko,2.59,32.38,,2.59,2.59,9002055004546,HRANA
SLAD MOCHI KAR ČOK LITTLE MOONS 6x32 g,90774791,LITTLE MOONS,0.19 kg,ko,6.99,36.42,,6.99,6.99,5027324003277,HRANA
SOK 100% JABUKA FRUCTAL 0.75 L,90785012,FRUCTAL,0.75 l,ko,2.15,2.87,,2.05,2.15,3838945042673,PIĆE
GRAH SMEĐI 480 g E BUONO,90800041,E BUONO,0.48 kg,ko,1.69,3.52,,1.69,1.69,3858894141869,HRANA
GRAH SMEĐI 240 g E BUONO,90800043,E BUONO,0.24 kg,ko,0.89,3.71,,0.89,0.89,3858894140800,HRANA
NAPITAK HELL BLACK CHERRY 0.5 L,90826152,HELL,0.50 l,ko,1.69,3.38,,1.29,1.69,5999884034346,PIĆE
ONE SM JUNIOR PILETINA 800 g,90830139,ONE,0.80 kg,ko,6.59,8.24,,4.59,6.59,8445290073464,PROIZVODI ZA KUĆANSTVO
KOLAČ SACHER 300 g SPECIAL MOMENTS,90830393,SPECIAL MOMENTS,0.30 kg,ko,4.99,16.63,,3.99,4.99,3850334431028,HRANA
SALAMA JELEN 80 g NAR SPECIAL MOMENTS,90835013,SPECIAL MOMENTS,0.08 kg,ko,2.25,28.13,,2.09,2.25,3850334431806,HRANA
OM VIOLETA ORIGINAL 2X900 ml,90850260,VIOLETA,1.80 l,ko,3.49,1.94,,3.49,3.49,3870128038257,SREDSTVA ZA ČIŠĆENJE
PIVO KARLOV RADLER GREJP 0.5L LIM,90884895,KARLOVAČKO,0.50 l,ko,1.59,3.18,,1.59,1.59,3850103902872,PIĆE
MUHOMLAT 1/1 SUDOMAT,90889657,SUDOMAT,1.00 ko,ko,0.59,0.59,,0.59,0.59,3856007708800,PROIZVODI ZA KUĆANSTVO
ČOKOLADA MILKA CIJELI LJEŠNJAK 95 g,90909797,MILKA,0.10 kg,ko,2.49,26.21,,2.49,2.49,7622202264177,HRANA
BOJA SYOSS 4/8 ČOKOLADNO SMEĐA,06544304,SYOSS,1.00 ko,ko,,5.69,5.69,6.99,5.59,9000100633314,KOZMETIKA
BOJA SYOSS 10-13 ARKTIČKA PLAVA,90478951,SYOSS,1.00 ko,ko,,5.69,5.69,6.99,5.59,9000101628630,KOZMETIKA
BOJA SYOSS 7-5 PRIR PEPELJ-PLAVA,90478944,SYOSS,1.00 ko,ko,,5.69,5.69,6.99,5.59,9000101629033,KOZMETIKA
MAK NADJEV 200g ŠAFRAM,01310957,ŠAFRAM,0.20 kg,ko,1.99,9.95,,1.99,1.99,3859890104674,HRANA
NAMAZ VOĆ BRUSN 284g DALFOUR,01465035,ST DALFOUR,0.28 kg,ko,4.99,17.57,,4.99,4.99,3492390007320,HRANA
GRAH SMEĐI 230g LIM PODRAVKA,01550061,PODRAVKA,0.23 kg,ko,1.39,6.04,,1.39,1.39,3850104024870,HRANA
ULJE ZA WOK 250ML YOUWOK,01491666,YOUWOK,0.25 l,ko,5.31,21.24,,5.31,5.31,8717228380105,HRANA
TABASCO 60ML MC ILH,01490037,TABASCO,0.06 l,ko,4.64,77.33,,4.64,4.64,0011210000018,HRANA
UMAK SALSA DEEP CHEESE 300g LA FIESTA,01491279,LA FIESTA,0.30 kg,ko,4.19,13.97,,4.19,4.19,5412514935177,HRANA
MASLINE K PLUS PUNJENE PAP 400g,01581056,K PLUS,0.40 kg,ko,3.09,7.73,,3.09,3.09,3850334154712,HRANA
TARTUFI I VRGANJI 130g ZIGANTE,01600110,ZIGANTE,0.13 kg,ko,16.59,127.62,,16.59,16.59,3859889179317,HRANA
HRANA VK ZA MALE PAPIGE MED 500g,01640493,VITAKRAFT,0.50 kg,ko,3.05,6.1,,2.49,3.05,4008239106193,PROIZVODI ZA KUĆANSTVO
SIR TVRDI DALMATINAC PAŠKA SIRANA,02051549,PAŠKA SIRANA,1.00 kg,kg,26.99,26.99,,19.99,26.99,3859889426022,HRANA
JOGURT K PLUS PROACTIVE NATUR 150g,02324214,K PLUS,0.15 kg,ko,0.36,2.4,,0.36,0.36,3850334078636,HRANA
PIL PRSA BEZ KOŽE NA POD VINDIJA,02431402,CEKIN,1.00 kg,kg,7.89,7.89,,7.89,7.89,3850159110122,HRANA
PILEĆI KRILKO POD VINDIJA,02435425,CEKIN,1.00 kg,kg,8.39,8.39,,8.39,8.39,3850159110702,HRANA
DINOSAURI PIL PANIR 600g SMR VINDI,02435511,CEKIN,0.60 kg,ko,7.69,12.82,,5.99,7.69,3850159141911,HRANA
PUREĆE MLJEVENO MESO 500g VINDIJA,02451416,VINDON,0.50 kg,ko,5.49,10.98,,4.39,5.49,3850339413043,HRANA
VINO MUŠKAT 0.5L KOZLOVIĆ,03020379,KOZLOVIĆ,0.50 l,ko,17.39,34.78,,16.05,16.05,3859893243011,PIĆE
MESNI NAREZAK 400g GAVRILOVIĆ,02037403,GAVRILOVIĆ,0.40 kg,ko,4.55,11.38,,4.55,4.55,3858881224490,HRANA
SIR TVRDI OVČJI 1/4  ŠPIN,02055590,ŠPIN,1.00 kg,kg,36.1,36.1,,36.1,36.1,3858881190344,HRANA
PIVO LAŠKO ZLATOROG 0.5L LIM,03040303,LAŠKO,0.50 l,ko,1.45,2.9,,1.45,1.45,3830001710991,PIĆE
KREMA ACETO BALZAMICO 250ML CARANDIN,03120198,CARANDINI,0.25 l,ko,4.49,17.96,,4.49,4.49,8014347006801,HRANA
ŠEĆER SMEĐI DEMERARA 1kg BILLINGTON,04121003,BILLINGTON,1.00 kg,ko,4.99,4.99,,4.99,4.99,5010651001146,HRANA
MED LIVADA HR 900g APIDAL,04133007,APIDAL,0.90 kg,ko,12.99,14.43,,12.99,12.99,3859889410137,HRANA
VAFL JADRO KOKOS ČOKOLADA 430g,04151054,JADRO,0.43 kg,ko,3.19,7.42,,2.39,2.39,3850102522552,HRANA
HIG UL LIBRESSE NAT NOR CL DUO 20/1,06500369,LIBRESSE,20.00 ko,ko,3.05,0.15,,1.99,3.05,7322541237275,TOALETNE POTREPŠTINE
LED U KOCKAMA 2.5kg REBUS,90045501,REBUS,2.50 kg,ko,2.92,1.17,,2.92,2.92,3855006015018,HRANA
CERESIT STOP VLAZI MINI BAZA,90048260,CERESIT,1.00 ko,ko,12.99,12.99,,12.99,12.99,5997272385100,SREDSTVA ZA ČIŠĆENJE
ŠARAN LED ORAHOVICA,90054764,,1.00 kg,kg,,4.99,4.99,2.99,6.49,3858889830228,HRANA
RIŽA K PLUS DUGO ZRNO 1kg SB,90061250,K PLUS,1.00 kg,ko,1.99,1.99,,1.59,1.99,3850334340191,HRANA
HRENOVKE FRANKFURTER 200g,90077046,GAVRILOVIĆ,0.20 kg,ko,2.59,12.95,,2.59,2.59,3858881224933,HRANA
ČAJ ŠIPAK PLOD AGRISTAR 100g,90077243,AGRISTAR,0.10 kg,ko,2.49,24.9,,2.49,2.49,3858886500230,HRANA
ŠAMPON PALM CITRUS 350ml,90078234,PALMOLIVE,0.35 l,ko,,7.11,2.49,3.89,3.89,8714789880464,KOZMETIKA
ŠARAN SVJ KUPA,90078359,,1.00 kg,kg,,4.99,4.99,2.99,6.69,,HRANA
LIKER OD MEDA 0.7L ZVEČEVO,90085657,ZVEČEVO,0.70 l,ko,9.35,13.36,,9.35,9.35,3858894170340,PIĆE
ČAJ BEBIVITA KOMORAČ 4MJ+ 200g,90089639,BEBIVITA,0.20 kg,ko,3.45,17.25,,3.45,3.45,9007253102988,PIĆE
BARANJSKA DOMAĆA KOB 250g MA BELJE,90091287,BELJE,0.25 kg,ko,4.59,18.36,,4.59,4.59,3850257052201,HRANA
ŠKAMP I SVJ LIBURNIJA,90095682,,1.00 kg,kg,36.79,36.79,,22.06,36.79,,HRANA
LUKOVICE U OCTU 300g,90135936,POLLI,0.18 kg,ko,2.52,14,,2.52,2.52,8001310100284,HRANA
BEČKI ODREZAK 400G LEDO,90157443,LEDO,0.40 kg,ko,7.69,19.23,,6.69,7.69,3850116102900,HRANA
NESTLE FITNESS 625g,90169872,NESTLE ŽITAR,0.63 kg,ko,6.29,10.06,,4.99,4.99,7613035265769,HRANA
DEKOR ROZA KRISTALIĆI 10G DR OETKER,90185549,DR OETKER,0.01 kg,ko,0.69,69,,0.69,0.69,5907707056925,HRANA
SPREJ LOREAL MR IZRAST TAMNO SMEĐA 75ML,90258681,LOREAL MAGIC RETOUCH,0.08 l,ko,7.49,99.87,,7.29,7.49,3600523192878,KOZMETIKA
VODICA MICELARNA NIVEA SUHA KOŽA 400ml,90258736,NIVEA,0.40 l,ko,,14.98,5.99,8.69,8.69,9005800299914,KOZMETIKA
FILE OD PRSA K PLUS,90270057,K PLUS,1.00 kg,kg,7.89,7.89,,7.89,7.89,3850159118081,HRANA
ŠUNKA U MREŽICI VAK PIK,90288248,PIK VRBOVEC,1.00 kg,kg,7.29,7.29,,7.29,7.29,3850139170535,HRANA
SOM SVJEŽI KONZUM,90307020,,1.00 kg,kg,7.39,7.39,,4.43,7.39,,HRANA
TUBA VOĆ HIPPIS BIO SP BA/NAR/KR/MAN/RIŽA 120g,90308412,HIPP,0.12 kg,ko,1.39,11.58,,1.09,1.39,4062300325227,HRANA
LEDENI ČAJ LIMUN LIMUNSKA TRAVA 1.5L FUZETEA,90311879,FUZETEA,1.50 l,ko,1.75,1.17,,1.75,1.75,5449000239266,PIĆE
GRISINI MINI SEZAM CHIA 250g LE VENEZIANE,90324674,LE VENEZIANE,0.25 kg,ko,4.64,18.56,,4.64,4.64,8009915008912,HRANA
MASLINE PUNJENE SIROM 210/110g MEGGLE,90344953,MEGGLE,0.11 kg,ko,4.25,38.64,,4.25,4.25,8606108738849,HRANA
PROTEIN 1ST WHEY 30.4g SACHET COOKIES & CREAM,90346465,POLLEO,0.03 kg,ko,1.99,65.46,,1.99,1.99,3858892293294,HRANA
ĆEVAPČIĆI S TELETINOM2,90361625,KONZUM,1.00 kg,kg,10.69,10.69,,7.48,10.69,,HRANA
MUESLI  ŽITAR BADEM I VOĆE 350g SANTE,90363374,SANTE,0.35 kg,ko,3.29,9.4,,3.29,3.29,5900617002266,HRANA
DEO FA MEN XTR INV POW 150ml,90402270,FA,0.15 l,ko,3.99,26.6,,2.49,3.99,9000100760546,KOZMETIKA
VRHNJE KISELO 12%  750G MOJA KRAVICA,90115937,MOJA KRAVICA,0.75 kg,ko,2.69,3.58,,2.69,2.69,8601500120735,HRANA
ODSTRANJ MRLJ DEO&ZNOJ DR.BECK 250ml,90144842,BECKMANN,0.25 l,ko,3.65,14.6,,2.55,3.65,4008455605913,SREDSTVA ZA ČIŠĆENJE
PAŠTETA PILEĆA K PLUS 50g,90153840,K PLUS,0.05 kg,ko,0.5,10,,0.5,0.5,3850334529947,HRANA
ŠEĆER SMEĐI NERAF SV 500G MUSCOVADO,90155015,ENCIAN,0.50 kg,ko,3.99,7.98,,3.99,3.99,3858890100969,HRANA
CEDEVITA LIMUN I BAZGA 200G,90171656,CEDEVITA,0.20 kg,ko,2.09,10.45,,2.09,2.09,3850322009871,PIĆE
SUN BIOBAZA ROYAL PEKM S LJUB.MRKVOM 250ml,90172412,BIOBAZA,0.25 l,ko,,41.92,10.48,13.99,13.99,3856020901370,KOZMETIKA
PASTRVA FILET,90178929,,1.00 kg,kg,11.19,11.19,,6.71,11.19,,HRANA
SHRIMP ROLL 255G GRUPO OHANA,90184037,AS SUSHI,0.26 kg,ko,7.15,28.04,,7.15,7.15,0604580001411,HRANA
KAŠ LINO VOĆE S RIŽOM 190G,90184165,LINO,0.19 kg,ko,1.59,8.37,,1.59,1.59,3850104280030,HRANA
KREMA NIVEA MEN STYLING 150ML,90185621,NIVEA,0.15 l,ko,,35.33,5.3,7.59,7.59,42277309,KOZMETIKA
BRAŠNO CRNO TIP 1100 1kg BIO ZONE,90210207,BIO ZONE,1.00 kg,ko,1.59,1.59,,1.59,1.59,3838900913857,HRANA
SLAD CEDEVITA 114ML LEDO,90232724,LEDO,0.11 l,ko,1.49,13.07,,1.49,1.49,3850116107233,HRANA
VISKI MONKEY SHOULDER 0.70 L,90234946,MONKEY SHOULDER,0.70 l,ko,35.05,50.07,,35.05,35.05,5010327105215,PIĆE
SAPUN TEK PALM LHS DOYP ALMOND 1L,90282231,PALMOLIVE,1.00 l,ko,,3.49,3.49,4.99,4.99,8714789991993,KOZMETIKA
ZVIJEZDA GASTRO SALATNA MAJONEZA 15G,90296050,ZVIJEZDA,0.02 kg,ko,0.26,17.33,,0.26,0.26,3856015316660,HRANA
GIN SOUTH BANK 0.7L,90296112,SOUTH BANK,0.70 l,ko,8.39,11.99,,8.39,8.39,5021692111107,PIĆE
VINO FRANKOVKA PP ORAH VRH 0.75L,90301176,PP ORAHOVICA,0.75 l,ko,9.95,13.27,,9.95,9.95,3858889830891,PIĆE
PIVO EDELMEISTER SCHWARZBIER LIM 0.5L,90303170,EDELMEISTER,0.50 l,ko,1.19,2.38,,1.19,1.19,5900535023176,PIĆE
KRPA VILEDA MICROFIBRE COL 4/1,90303223,VILEDA,4.00 ko,ko,6.99,1.75,,4.89,6.99,4023103192577,PROIZVODI ZA KUĆANSTVO
SRED SANYTOL DEZINF RUBLJA 500ml,90303721,SANYTOL,0.50 l,ko,3.79,7.58,,3.79,3.79,3045200765004,SREDSTVA ZA ČIŠĆENJE
PITA SIRNICA JAMI 900g,90385922,JAMI,0.90 kg,ko,3.99,4.43,,3.19,3.99,3871832018207,HRANA
KAVA ESPRESSO SUPERI KUT 140g,90386235,SUPERIORE,0.14 kg,ko,11.99,85.64,,11.99,11.99,3850291049915,HRANA
SOK OD BAZGE 250ml,90404028,AGROPOSTA,0.25 l,ko,1.85,7.4,,1.85,1.85,3859892734459,PIĆE
DESERT KNOPPERS NUTBAR 40g,90405382,KNOPPERS,0.04 kg,ko,0.85,21.25,,0.85,0.85,40144450,HRANA
ŠLAG PJENA 120g 3X40g SWEET CHEF,90406551,SWEET CHEF,0.12 kg,ko,1.06,8.83,,1.06,1.06,3850334197726,HRANA
PIĆE GAZIRANO COCKTA FREE 0.33L LIM,90407034,COCKTA,0.33 l,ko,1.05,3.18,,1.05,1.05,3838471039956,PIĆE
SIRUP FRUTTI LEDENI ČAJ BRESKVA 1L,90407070,FRUTTI,1.00 l,ko,1.55,1.55,,1.55,1.55,3850334134301,PIĆE
DŽEM EXTRA MARELICA 690g,90407626,DIDA BOŽA,0.69 kg,ko,5.71,8.28,,3.99,5.71,3859893011832,HRANA
SIR SVJEŽI MEKI KOZJI CAPRA DOM,90408972,CAPRA DOMESTICA,1.00 kg,kg,29.2,29.2,,29.2,29.2,,HRANA
ČOK TAMNA 71% SA BRUS 85g RAJSKA PTICA,90412506,RAJSKA PTICA,0.09 kg,ko,6.59,77.53,,6.59,6.59,3830042990185,HRANA
ČIPS PAPRIKA BG 170g DR SCHAR,90412782,DR SCHAR,0.17 kg,ko,,21.12,3.59,4.49,4.49,8008698031018,HRANA
ZP PLID EXT WHI 75ml,90423041,PLIDENTA,0.08 l,ko,2.25,30,,1.57,2.25,3856007908026,KOZMETIKA
REGENERATOR SYOSS COLOR 440ml ,90424947,SYOSS,0.44 l,ko,,10.2,4.49,4.49,4.49,9000101277937,KOZMETIKA
HIG UL ALWAYS ULT SECURE NIGHT 10/1,90484465,ALWAYS P&G,10.00 ko,ko,2.5,0.25,,2.29,2.29,8006540093849,TOALETNE POTREPŠTINE
ZLATNO ULJE SUPER MRKVA 100ml,90488137,OLIVAL,0.10 l,ko,,63.8,6.38,7.99,7.99,3858892691809,KOZMETIKA
KOMPOT BRESKVA ST 380/570g VALFRUTTA,90494114,VALFRUTTA,0.38 kg,ko,3.89,10.24,,3.89,3.89,8001440009426,HRANA
VRHNJE KISELO 20% MM 200g MLJEKARA MARINA,90503398,MLJEKARA MARINA,0.20 kg,ko,1.65,8.25,,1.65,1.65,3859892438043,HRANA
MAK MLJEVENI 200 g SWEET CHEF,90513373,SWEET CHEF,0.20 kg,ko,1.59,7.95,,0.99,1.59,3838900802441,HRANA
GRAH GARDEN GOOD ZELENČEK 500g,90514149,GARDEN GOOD,0.50 kg,ko,2.39,4.78,,1.69,1.69,3838900987889,HRANA
FRISKIES SP OMEGA GOVEDINA/RIBA 3kg,90573113,FRISKIES,3.00 kg,ko,11.99,4,,7.49,11.99,7613287901262,PROIZVODI ZA KUĆANSTVO
KEKS CHOCO SANDWICH BG ,90573612,GULLON,1.00 ko,ko,,2.63,2.63,4.39,4.39,8410376061789,HRANA
VODKA OLD PILOT'S 0.7L ,90573807,OLD PILOT S,0.70 l,ko,40.05,57.21,,40.05,40.05,3857500090294,PIĆE
KOBASICA GOVEĐA 300g GAVRILOVIĆ,90599070,GAVRILOVIĆ,0.30 kg,ko,6.99,23.3,,6.99,6.99,3858890203639,HRANA
VODKA TITO′S 0.7L,90599845,TITO S,0.70 l,ko,24.99,35.7,,24.99,24.99,,PIĆE
DET JAR CITRUS 905ml,90600611,JAR HDW,0.91 l,ko,5.99,6.62,,5.99,5.99,8006540355428,SREDSTVA ZA ČIŠĆENJE
OSLIĆ FILET 800g LEDO,90607802,LEDO,0.80 kg,ko,10.49,13.11,,7.87,10.49,3850116048628,HRANA
SPREJ AMB SOL NEMO DJ F50+ 150ml,90607881,GARNIER AMBRE SOLAIR,0.15 l,ko,,92.4,13.86,18.49,18.49,3600542444231,KOZMETIKA
PIVO PILS 0.5L LIM ,90608068,ZMAJSKA PIVOVARA,0.50 l,ko,2.05,4.1,,2.05,2.05,3859893414404,PIĆE
PEL GAĆ PAMPERS JP S8 32/1,90622758,PAMPERS,32.00 ko,ko,,0.47,14.99,21.63,21.63,8006540499382,TOALETNE POTREPŠTINE
ARTIČOKE ZERO OLIO 300g PONTI,90623569,PONTI,0.17 kg,ko,4.59,27,,3.19,4.59,8001010039501,HRANA
DET ARIEL BLACK 36 TAB,90662846,ARIEL,36.00 ko,ko,26.89,0.75,,26.89,26.89,8001090804204,SREDSTVA ZA ČIŠĆENJE
DET FAKS GEL COLOR 1.8L=36 PRANJA,90668031,FAKS,1.80 ko,ko,13.49,7.49,,9.44,13.49,3850105177933,SREDSTVA ZA ČIŠĆENJE
DEO JEAN MARC LA BELLE 75 ML,90669435,JEAN MARC,0.08 l,ko,1.69,22.53,,1.69,1.69,5901815016352,KOZMETIKA
MLINCI S BUČOM 400g ČOKOLAND,90669609,ČOKOLAND,0.40 kg,ko,3.39,8.48,,2.89,3.39,3857500076274,HRANA
SIR PROVOLONE DOLCE 200g,90673002,AGRIFORM,0.20 kg,ko,3.98,19.9,,3.98,3.98,8003518102107,HRANA
VODA VITAMIN OSHEE MIN. I VIT. 0.555L ,90673621,OSHEE,0.56 l,ko,1.69,3.05,,1.69,1.69,5908260252632,PIĆE
MED LIPA 720g DOMED,90698382,DOMED OBRT,0.72 kg,ko,11.99,16.65,,11.99,11.99,3859893707100,HRANA
PIVO PAN ZLATNI 6PACK LIM 0.5L,90703105,PAN,3.00 l,ko,7.49,2.5,,6.29,7.49,3858887583454,PIĆE
SERUM LOREAL REVI CL 12% VIT C 30ml,90703653,LOREAL,0.03 l,ko,15,500,,15,15,3600524104702,KOZMETIKA
CVJETAČA GARDEN GOOD 750g,90704016,GARDEN GOOD,0.75 kg,ko,1.99,2.65,,1.99,1.99,3838900835234,HRANA
HIG UL ALWAYS PLAT NIGHT 22/1,90704181,ALWAYS P&G,22.00 ko,ko,5.45,0.25,,5.45,5.45,8001841913919,TOALETNE POTREPŠTINE
UMAK RAJČICA I BOSILJAK GENOVESE 400g MUTTI,90704975,MUTTI,0.40 kg,ko,3.19,7.98,,3.19,3.19,8005110517006,HRANA
ČIPS CRUNCHIPS CRVENI ČILI 130g,90705467,LORENZ,0.13 kg,ko,2.25,17.31,,1.89,2.25,4018077005626,HRANA
ČIPS CRUNCHIPS  PAPRIKA 130g,90705469,LORENZ,0.13 kg,ko,2.25,17.31,,1.89,2.25,4018077005589,HRANA
KRUH BAKIN 500g PAK MLINAR,90706620,MLINAR,0.50 kg,ko,1.79,3.58,,1.79,1.79,3858889899959,HRANA
KIKIRIKI LJUSKA PEČENI 500g,90707161,MARJAN VOĆE,0.50 kg,ko,2.49,4.98,,1.79,2.49,3872084015334,HRANA
PEDIGREE RODEO DUO 123g,90707533,PEDIGREE,0.12 kg,ko,1.79,14.55,,1.49,1.79,5998749144299,PROIZVODI ZA KUĆANSTVO
MLIJEKO UHT 2.8% M.M. 0.5L KRAVICA,90713394,KRAVICA KRALJICA,0.50 l,ko,1.09,2.18,,1.09,1.09,3856015328892,HRANA
BOM BIM BOM TVRDI VOĆ MIX 200g ROSHEN,90729988,ROSHEN,0.20 kg,ko,1.49,7.45,,1.49,1.49,4823077612732,HRANA
VINO CRNI CUVEE BURNUM  VRH 0.75L,90730930,BURNUM,0.75 l,ko,22.55,30.07,,22.55,22.55,0745178995023,PIĆE
ČOKOLADA FINESSE MLIJ RIŽA 200g,90731115,FINESSE,0.20 kg,ko,3.49,17.45,,3.49,3.49,3850334071118,HRANA
NEKTAR VINDI DISNEY BOROV +VIT. 0.2L,90731579,VINDI,0.20 l,ko,0.75,3.75,,0.75,0.75,3850108078176,PIĆE
SIR TVRDI KRAVLJI MR TRUFFLE 200g,90731674,PAŠKA SIRANA,0.20 kg,ko,5.99,29.95,,5.99,5.99,3859893713040,HRANA
STICK NIVEA Ž DERMA DRY CONTR 50 ml,90775346,NIVEA,0.05 l,ko,6.19,123.8,,6.19,6.19,9005800369778,KOZMETIKA
INSTANT NES CREMA SENS ST 95g,90699124,NESCAFE,0.10 kg,ko,6.35,66.84,,6.35,6.35,8445290699862,HRANA
LIP BALM MELEM L&C RUŽA 4.5g,90699307,MELEM,0.01 kg,ko,,722.22,3.25,3.16,3.95,3856007910753,KOZMETIKA
KRAKOVI ZA PEKU FROZY 1kg,90702756,FROZY,1.00 kg,ko,9.99,9.99,,9.99,9.99,3858891040073,HRANA
LIGNJA PATAGONICA CIJELA 500g MEDUZA,90703083,MEDUZA,0.50 kg,ko,3.98,7.96,,3.98,3.98,3859894083029,HRANA
OM LENOR SPRING AWAK 850ml,90703528,LENOR,0.85 l,ko,2,2.35,,2,2,8006540890066,SREDSTVA ZA ČIŠĆENJE
SIR TVRDI KRAVLJI OVČJI KOZJI 150g,90705263,INTERLAT,0.15 kg,ko,3.99,26.6,,2.99,3.99,8427298009577,HRANA
GROŽĐICA FP EC TAMNA JUMBO 300G,90705639,EUROCOMPANY,0.30 kg,ko,2.39,7.97,,1.64,2.39,3872084014481,HRANA
MUFFIN SUNNY DUPLA ČOKOLADA 30gX2KOM,90705707,SUNNY,0.06 kg,ko,0.49,8.17,,0.49,0.49,3850334043320,HRANA
MAHUNA ŽUTA XXL 700g LEDO,90706762,LEDO,0.70 kg,ko,2.49,3.56,,2.49,2.49,3850116058658,HRANA
LJEŠNJAK JEZGRA EUROCOMPANY 150g,90706829,EUROCOMPANY,0.15 kg,ko,3.19,21.27,,3.19,3.19,3872084014559,HRANA
KUKURUZ PRŽENI SLANI ČILI 55g MOGY,90706831,MOGYI,0.06 kg,ko,0.79,14.36,,0.59,0.79,5997347540151,HRANA
VODA IZVOR JANA KOKOS-LIMUN 0.5L,90706877,JANA,0.50 l,ko,1.25,2.5,,1.25,1.25,3858890879919,PIĆE
KAVA MLJEV MELANGE 220g JULIUS M,90707395,JULIUS MEINL,0.22 kg,ko,5.69,25.86,,5.69,5.69,9000403975524,HRANA
DET VESH WHITE GEL 1L= 20PRANJA,90714261,VESH,1.00 l,ko,7.15,7.15,,7.15,7.15,3870128033917,SREDSTVA ZA ČIŠĆENJE
KRASTAVAC MINI 250g,90714810,,0.25 kg,ko,1.79,7.16,,1.79,1.79,8606105776073,HRANA
MUESLI GRAN FUN&FIT KIKIRI MASL/TAM ČOK 330g,90726763,FUN&FIT,0.33 kg,ko,3.99,12.09,,3.99,3.99,8606015857787,HRANA
VINO VENUS MUŠKAT BIJELI 1L ,90730192,ABD VINA,1.00 l,ko,5.45,5.45,,5.45,5.45,3859892866808,PIĆE
 PASTA POVRĆE TUBA 190g PODRAVKA,90730903,PODRAVKA,0.19 kg,ko,1.99,10.47,,1.49,1.99,3856020263416,HRANA
SJEMENKE SLANE PRŽ BUNDEVE 50g MOGYI,90731788,MOGYI,0.05 kg,ko,0.85,17,,0.64,0.85,5997347555599,HRANA
NAPITAK PROT ACT ZONE VAN 350ml,90732226,ACTIVE ZONE,0.35 kg,ko,,4.83,1.69,1.69,1.69,3838900988503,HRANA
KREMA BIOBAZA DJ ZAŠTITNA 250ml,90733346,BIOBAZA,0.25 l,ko,5.29,21.16,,5.29,5.29,3859892638139,KOZMETIKA
LASAGNE BOLOGNESE RANA 350g,90734772,RANA,0.35 kg,ko,3.49,9.97,,3.49,3.49,8001665127684,HRANA
PUREĆI FILE OD PRSA 475g,90745156,VINDON,0.48 kg,ko,6.59,13.87,,6.59,6.59,3850339402665,HRANA
OSLIĆ PARANGAL ŽUVELA,90745693,ŽUVELA,1.00 kg,kg,9.99,9.99,,5.99,9.99,,HRANA
DESERT KINDER PINGUI TREŠNJA 4x30 g,90750155,FERRERO,0.12 kg,ko,2.39,19.92,,2.39,2.39,8000500373729,HRANA
ŠNICLE OD SV  KAREA RAW-ŠTILJ 400 g ,90750681,RAW ŠTILJ,0.40 kg,ko,3.59,8.98,,2.51,3.59,3850334111227,HRANA
LUK GRANULE 60g SOTINAC,90750974,OPG SOTINAC,0.06 kg,ko,1.19,19.83,,1.19,1.19,3859893718281,HRANA
AJVAR GARDEN GOOD LJUTI PREM 290g,90754902,GARDEN GOOD,0.29 kg,ko,3.69,12.72,,3.69,3.69,3850334107848,HRANA
PUDING PROTEIN VAN 200g STAY STRONG,90764697,STAY STRONG,0.20 kg,ko,1.49,7.45,,1.49,1.49,3850354018551,HRANA
GEL TUŠ NIVEA BABY HEAD TOE 500ml,90764801,NIVEA,0.50 l,ko,,13.88,6.94,8.69,8.69,9005800369129,KOZMETIKA
VINO MALVAZIJA BOMARCH DEGRASSI 0.75L,90765256,DEGRASSI,0.75 l,ko,19.99,26.65,,19.99,19.99,3859891805013,PIĆE
SLAD KINDER BUENO WHITE KORNET 4x90 ml,90769687,KINDER BUENO,0.25 l,ko,7.99,32.2,,7.99,7.99,8000500384718,HRANA
FLASTERI EXTRA RESISTANT 8/1 SEPTONA,90769943,SEPTONA,8.00 ko,ko,1.45,0.18,,1.45,1.45,5201410003086,TOALETNE POTREPŠTINE
BADEM PRŽENI SLANI 300 g EUROCOMPANY,90770033,EUROCOMPANY,0.30 kg,ko,5.89,19.63,,5.89,5.89,3872084015723,HRANA
BOMBONI LIMUN NANA 100 g PIONIR,90770523,PIONIR,0.10 kg,ko,0.95,9.5,,0.95,0.95,8602300231034,HRANA
ŠTAPIĆI ZA UŠI BIODEG 160/1 SEPTONA,90770569,SEPTONA,160.00 ko,ko,1.49,0.01,,1.49,1.49,5201410660982,TOALETNE POTREPŠTINE
DET PERWOLL COLOR 2X3l,90771232,PERWOLL,6.00 l,ko,19.99,3.33,,19.99,19.99,9000101818222,SREDSTVA ZA ČIŠĆENJE
MC MP PIL KRUM MAH PATE 300 g,90774819,MIGLIOR,0.30 kg,ko,1.75,5.83,,1.75,1.75,8007520027311,PROIZVODI ZA KUĆANSTVO
PRELJEV KARAMELA SWEET CHEF 320 g,90774838,SWEET CHEF,0.32 kg,ko,2.29,7.16,,2.29,2.29,8605028606016,HRANA
MG MM SVINJETINA 405 g,90775145,MIGLIOR,0.41 kg,ko,1.19,2.94,,1.19,1.19,8007520027342,PROIZVODI ZA KUĆANSTVO
GEL ČIŠĆ OLIVAL ROUT REFRESH 150 ml,90775513,OLIVAL,0.15 l,ko,4,26.67,,4,4,3858892694763,KOZMETIKA
REKORD EKO SPOŽVASTA KRPA U ROLI 12/1,90775525,REKORD TIM,12.00 ko,ko,3.99,0.33,,3.99,3.99,3858882684187,PROIZVODI ZA KUĆANSTVO
VAFL NAPOLITANKA ČOK PRELJ KOKOS 500 g KRAŠ,90775776,KRAŠ,0.50 kg,ko,6.29,12.58,,4.99,6.29,3850102012473,HRANA
NAMAZ PROSERIES BADEM 350 g,90789677,POLLEO,0.35 kg,ko,9.99,28.54,,9.99,9.99,3856026808130,HRANA
GEL TUŠ AGRADO GOLD 750 ml,90795012,AGRADO,0.75 l,ko,2.79,3.72,,2,2.79,8433295040055,KOZMETIKA
KREMA TIJ BIOB BEES & DONKEYS 250 ml,90850193,BIOBAZA,0.25 l,ko,,15.84,3.96,5.29,5.29,3856020915797,KOZMETIKA
LIMUN DEHIDRIRANI VEEMEE 30 g,90850427,VEEMEE,0.03 kg,ko,3.49,116.33,,3.49,3.49,3859894055408,HRANA
TJEST SIMPLY PASTA SPAGHETTI 3 500 g,90875089,SIMPLY PASTA,0.50 kg,ko,0.99,1.98,,0.89,0.99,3858884500638,HRANA
GEL DOVE Ž DRAGON 225 ml,90885090,DOVE,0.23 l,ko,,14.93,3.36,4.49,4.49,8720181608261,KOZMETIKA
DET ARIEL COLOR 2.7 L=60 PR,90886406,ARIEL,2.70 l,ko,25.49,9.44,,16.49,25.49,8700216690829,SREDSTVA ZA ČIŠĆENJE
FLIPS TIP TOP BIG PEP 40 g,90886933,TIP TOP,0.04 kg,ko,1.09,27.25,,1.09,1.09,3856021307560,HRANA
GAZ PIĆE LEMONISH LIMUN BAZGA 1.25 L,90889867,LEMONISH,1.25 l,ko,2.29,1.83,,2.29,2.29,3838471049047,PIĆE
MASLINE ZEL OTKOŠ 700/320 g OLYMP,90900119,OLYMP,0.32 kg,ko,2.99,9.34,,2.99,2.99,5201409804618,HRANA
DRESSING BALSAMICO 250ML KUHNE,01491219,KUHNE,0.25 l,ko,2.79,11.16,,2.79,2.79,40122731,HRANA
FEFERON K PLUS LJUTI 160g,01560312,K PLUS,0.16 kg,ko,1.69,10.56,,1.49,1.69,3850334411815,HRANA
PEDIGREE RODEO 70g,01647013,PEDIGREE,0.07 kg,ko,1.19,17,,0.99,1.19,4008429090110,PROIZVODI ZA KUĆANSTVO
PANONA SALAMA MA PIK VRBOVEC,02024471,PIK VRBOVEC,1.00 kg,kg,,16.99,16.99,16.99,21.99,3850139010596,HRANA
HRENOVKE FRANKFURT 100g,02044198,AIA,0.10 kg,ko,0.55,5.5,,0.55,0.55,8008110003005,HRANA
PAN RIBLJI ŠTAPIĆI 300g LEDO,02190287,LEDO,0.30 kg,ko,2.99,9.97,,2.24,2.99,3850116066486,HRANA
HOBOTNICA 1000-2000 KONZUM,02192664,,1.00 ko,ko,8.35,8.35,,5.01,8.35,,HRANA
GRDOBINA II SVJ MEDUZA,02195271,,1.00 kg,kg,8.89,8.89,,5.33,8.89,,HRANA
KOVAČ SVJ MEDUZA NOVI ZELAND,02197792,MEDUZA,1.00 kg,kg,29.29,29.29,,17.56,29.29,,HRANA
SARDINA S POVRĆEM AQ 72G,02198488,ADRIATIC QUEEN,0.07 kg,ko,1.89,26.25,,1.89,1.89,3850160105162,HRANA
MORSKI PAS OGULJENI SVJ MEDUZA,02199554,,1.00 kg,kg,9.09,9.09,,5.45,9.09,,HRANA
MAJONEZA DELIKATES 400g ZVIJEZDA,02202089,ZVIJEZDA,0.40 kg,ko,3.99,9.98,,3.29,3.99,3858882219020,HRANA
VRHNJE KISELO ZB 12%MM 200g VINDIJA,02330163,Z BREGOV,0.20 kg,ko,0.94,4.7,,0.94,0.94,3850108033007,HRANA
SIR SVJEZI POSNI PRESIDENT 10% 200g,02390979,PRESIDENT,0.20 kg,ko,1.49,7.45,,1.49,1.49,3850355002993,HRANA
SIR MEKI MOZZARELLA 125g GALBANI DUK,02398962,GALBANI,0.13 kg,ko,2.19,17.52,,2.19,2.19,8000430133035,HRANA
MLJEVENO MJEŠANO MESO,02403728,KONZUM,1.00 ko,ko,7.05,7.05,,4.93,7.05,,HRANA
VINO POŠIP VRH 0.75L KORTA KATARINA,03021600,KORTA KATARINA,0.75 l,ko,32.55,43.4,,32.55,32.55,3859891637355,PIĆE
 STOCK 84 38% 0.1L,03080560,STOCK,0.10 l,ko,1.89,18.9,,1.89,1.89,8000440393009,PIĆE
VISKI CHIVAS REGAL 12 YO 0.7L+2ČAŠ,03085063,CHIVAS REGAL,0.70 l,ko,34.05,48.64,,34.05,34.05,5000299228661,PIĆE
PIVO PAN ZLATNI 0.5L LIMENKA,03130782,PAN,0.50 l,ko,1.49,2.98,,1.19,1.19,3858887580644,PIĆE
NEGAZ PIĆE JUICY FRUITS CRV NAR 1.5L,03145072,JUICY FRUITS,1.50 l,ko,1.69,1.13,,1.39,1.69,3858890975062,PIĆE
VODA STUDENA LIMUN 1.5L PET,03180036,STUDENA,1.50 l,ko,1.29,0.86,,1.29,1.29,3856022300003,PIĆE
PECIVO ŽEMLJA 60g MLINAR,04010017,MLINAR,0.06 kg,ko,0.25,4.17,,0.25,0.25,3858881120747,HRANA
TIJESTO RIB KAŠICA JAJ 400g MARODI,04051159,MARODI,0.40 kg,ko,2.59,6.48,,1.79,2.59,3859888666092,HRANA
ČEŠNJAK MLJEVENI 50g BOČ LUXOR,04100287,NADALINA,0.05 kg,ko,3.29,65.8,,3.29,3.29,3858881585041,HRANA
MAJČINA DUŠICA 19g KOTANYI,04100389,KOTANYI,0.02 kg,ko,2.15,113.16,,1.99,2.15,9001414040515,HRANA
MJEŠAVINA ZAČ MEDITER 25g BOČ KOTANY,04100439,KOTANYI,0.03 kg,ko,2.15,86,,2.15,2.15,9001414040676,HRANA
ZAČIN FAJITA 40g LA FIESTA,04101091,LA FIESTA,0.04 kg,ko,1.29,32.25,,1.29,1.29,5412514935184,HRANA
PAPRIKA SLATKA 500g ŠAFRAM,04103577,ŠAFRAM,0.50 kg,ko,7.96,15.92,,7.96,7.96,3859890104117,HRANA
BISKVIT JAFFA KEKS NARANČA 300g,04144021,JAFFA,0.30 kg,ko,,6.63,1.99,1.83,2.29,8600114000211,HRANA
FANT ZA ZAPEČENI GRAH 60g PODRAVKA,04161234,FANT,0.06 kg,ko,1.39,23.17,,1.39,1.39,3850104248894,HRANA
KAŠICA INST KEKSOLINO 200g,04174518,LINO,0.20 kg,ko,2.59,12.95,,1.99,1.99,3850104230066,HRANA
MJEŠAVINA ZA PRINCES KRAFNE 310g DR,04180181,DR OETKER,0.31 kg,ko,3.79,12.23,,3.79,3.79,5997381319546,HRANA
LIMUNSKA KISELINA 500g ŠAFRAM,04180346,ŠAFRAM,0.50 kg,ko,4.38,8.76,,4.38,4.38,3859888163362,HRANA
KAKAO ZA KOLAČE 70g DR OETKER,04180930,DR OETKER,0.07 kg,ko,1.49,21.29,,1.49,1.49,5997381346917,HRANA
BOMBONJERA BAJADERA 300g KRAŠ,04220967,BAJADERA,0.30 kg,ko,10.79,35.97,,8.09,10.79,3850102230051,HRANA
BOMBONJERA GRIOTTE 358g KRAŠ,04250897,GRIOTTE,0.36 kg,ko,12.49,34.89,,9.36,12.49,3850102125845,HRANA
ŠUMEĆE TABL VIT C 96g NATUREL,04280420,NATUREL,0.10 kg,ko,2.25,23.44,,2.25,2.25,3858887241712,HRANA
BOMBON HARIBO HAPPY COLA 100g,04340737,HARIBO,0.10 kg,ko,1.59,15.9,,1.19,1.59,9002975323369,HRANA
AROMA VANILIJA BOČICA 38ML DR OETKER,04360238,DR OETKER,0.04 l,ko,1.69,44.47,,1.19,1.69,5907707051029,HRANA
VREĆ ZA ZAMRZ PELY 4L 20/1,05520597,PELY,20.00 ko,ko,1.35,0.07,,1.35,1.35,4007519086644,PROIZVODI ZA KUĆANSTVO
ŠAMPON SCHAUMA PER INTENS 400ml,06524221,SCHAUMA,0.40 l,ko,,9.98,3.99,2.99,4.99,3838824208985,KOZMETIKA
DEO DOVE ORIG 150ml,06550240,DOVE,0.15 l,ko,,26.73,4.01,5.35,5.35,8720181291715,KOZMETIKA
ROLL ON NIVEA DOUBLE EFECT 50ml,06552527,NIVEA,0.05 l,ko,,83.8,4.19,4.19,4.19,42242253,KOZMETIKA
ČIPS CRUNCHIPS SIR LUK 130g,90705461,LORENZ,0.13 kg,ko,2.25,17.31,,1.89,2.25,4018077005602,HRANA
ŠUNKA SCHWARZWALD WEIN 350g,90706704,WEIN,0.35 kg,ko,6.49,18.54,,6.49,6.49,4003419002357,HRANA
GRAŠAK GARDEN GOOD 3x200/3x130g,90707354,GARDEN GOOD,0.39 kg,ko,2.29,5.87,,2.29,2.29,8605028600144,HRANA
ONE MP MINI PIL GOV 4X85G,90719809,ONE,0.34 kg,ko,3.49,10.26,,2.49,3.49,8445290299512,PROIZVODI ZA KUĆANSTVO
KOMPOT ANANAS KOM GARDEN G 340g,90720078,GARDEN GOOD,0.34 kg,ko,1.89,5.56,,1.89,1.89,3850334062925,HRANA
SOK FRUVITA JABUKA VIŠNJA 0.75L ,90720140,FRUVITA,0.75 l,ko,2.39,3.18,,2.39,2.39,8606030050569,PIĆE
MJEŠ ZAČ ZA POVRĆE 55G SPICE CHEF,90725480,SPICE CHEF,0.06 kg,ko,1.99,36.18,,1.99,1.99,3850334070227,HRANA
NAMAZ MARGARINSKI OMEGOL 225g,90725799,OMEGOL,0.23 kg,ko,1.79,7.96,,1.79,1.79,3856015328625,HRANA
VRHNJE KISELO 30% 450G VERONIKA,90202141,VERONIKA,0.45 kg,ko,2.69,5.98,,2.69,2.69,3859889622530,HRANA
PLATA PARTY 8 OSOBA KONZUM,90204713,,0.83 kg,ko,15.93,19.12,,15.93,15.93,,HRANA
BOMBONI HARIBO BOBICE 100G,90211323,HARIBO,0.10 kg,ko,1.59,15.9,,1.19,1.59,4001686705315,HRANA
JOGURT VOĆ MIX 150g ČAŠA VINDIJA,90229164,Z BREGOV,0.15 kg,ko,,3.27,0.49,0.49,0.65,3850108037760,HRANA
BULGUR 500G BIO ZONE,90229410,BIO ZONE,0.50 kg,ko,2.19,4.38,,2.19,2.19,3838900841129,HRANA
KOBASICA KRANJSKA 230g CELJ MESNINE,90240333,Z'DEŽELE,0.23 kg,ko,2.99,13,,2.99,2.99,3838876021754,HRANA
ČOK ZA KUHANJE DESSERT CHEF BIJELA 200G,90258742,KANDIT,0.20 kg,ko,5.39,26.95,,3.99,5.39,3858889864360,HRANA
HIMALAJSKA SOL SA ZAČ BILJEM MLINAC 72G,90268095,KOTANYI,0.07 kg,ko,3.98,55.28,,3.98,3.98,9001414343982,HRANA
BRISAČ PODA MIKROFIB RESE DRŠKA DAX,90276222,DAX,1.00 ko,ko,5.31,5.31,,5.31,5.31,3850334599346,PROIZVODI ZA KUĆANSTVO
RIŽA SMEĐA PARBOILED VAKUUM 800g ZLATO POLJE,90290267,ZLATO POLJE,0.80 kg,ko,4.69,5.86,,4.69,4.69,3838700640960,HRANA
VINO ROSE MINUTY PRESTIGE 0.75 L,90295757,MINUTY,0.75 l,ko,20,26.67,,20,20,3547103220005,PIĆE
JAKOBOVA KAPICA POLOVICA KONZUM,90298472,,1.00 kg,kg,19.49,19.49,,11.69,19.49,,HRANA
SIPA I SVJ KONZUM,90298480,,1.00 kg,kg,10.49,10.49,,6.29,10.49,,HRANA
GAZ PIĆE FRANKLIN INDIAN TONIC 0.2 L,90298548,FRANKLIN INDIAN TONIC,0.20 l,ko,1.95,9.75,,1.95,1.95,5032678004870,PIĆE
VODA MICELAR HIJALURON EVELINE 3U1 400ml,90299334,EVELINE,0.40 l,ko,,8.03,3.21,4.29,4.29,5901761919264,KOZMETIKA
PIVO SAN SERVOLO GOLD 0.75L,90300357,SAN SERVOLO,0.75 l,ko,7.69,10.25,,7.69,7.69,3859893049118,PIĆE
VINO CRNO CECCHI CHIANTI CLASSICO 0.75L,90301634,CECCHI,0.75 l,ko,10,13.33,,10,10,8006030050819,PIĆE
PJENUŠAC FURST EGMONT 0.75L,90306912,FURST EGMONT,0.75 l,ko,3.75,5,,3.75,3.75,4002391143201,PIĆE
NAPOLITANKE KAKAO 700g BALADA,90302976,BALADA,0.70 kg,ko,2.25,3.21,,2.25,2.25,3850334352354,HRANA
PAŠTETA KOKOŠJA 95g LO PODRAVKA,90308799,PODRAVKA,0.10 kg,ko,1.29,13.58,,0.89,1.29,3858886469377,HRANA
ŠAMPON FRUCTIS ALOE 250ml,90310813,GARNIER FRUCTIS,0.25 l,ko,,9.76,2.44,3.29,3.49,3600542134736,KOZMETIKA
TRADICIONALNA BAKLAVA 500g KOLID,90311333,SUNDAY,0.50 kg,ko,4.39,8.78,,4.39,4.39,5319990443861,HRANA
PRESIDENT ZRNATI SIR BEZ LAKTOZE 200g DUKAT,90311830,PRESIDENT,0.20 kg,ko,2.29,11.45,,2.29,2.29,3850355005673,HRANA
KVIKI GRIC PIKANT 50g PODRAVKA,90312812,KVIKI,0.05 kg,ko,0.89,17.8,,0.89,0.89,3856020214821,HRANA
VINO ROSE 1L VINA LAGUNA,90311399,LAGUNA,1.00 l,ko,5.45,5.45,,5.45,5.45,3858881190832,PIĆE
MIX FR 3U1 STRONG 18g,90320549,FRANCK,0.02 kg,ko,0.39,21.67,,0.39,0.39,3858881084636,HRANA
ČETKICA OB DJ 3 STAR WARS 6-12GOD,90321302,ORAL B,1.00 ko,ko,3,3,,3,3,3014260098964,KOZMETIKA
CREMA PAŠTETA OD BAKALARA NA BIJELO 100g,90324463,BACCALA DELLA MAMMA,0.10 kg,ko,3.29,32.9,,3.29,3.29,3859890853053,HRANA
TJEST DITALINI 250G LE VENEZIANE,90324650,LE VENEZIANE,0.25 kg,ko,2.19,8.76,,2.19,2.19,8009915000374,HRANA
DŽEM JAGODA STEVIA 330G GOOD,90325662,GOOD GOOD,0.33 kg,ko,5.04,15.27,,5.04,5.04,5694230257003,HRANA
BREF HYGIENE GEL LEMONITTA 700ml,90325415,BREF,0.70 l,ko,2.99,4.27,,2.99,2.99,9000101312218,SREDSTVA ZA ČIŠĆENJE
ŠLJIVA VEDRINI SUH B/K 1000g,90331984,VEDRINI,1.00 kg,ko,7.49,7.49,,7.49,7.49,3858889330162,HRANA
GAZ PIĆE SCHWEPPES BITTER LEMON 0.33L LIM,90342474,SCHWEPPES,0.33 l,ko,1.29,3.91,,1.29,1.29,5449000064110,PIĆE
PRAŠAK GLUTAMIN 250g,90346295,POLLEO,0.25 kg,ko,19.99,79.96,,19.99,19.99,3858892293522,HRANA
MAHUNA ZELENA 450g DUKAT,90350725,DUKAT,0.45 kg,ko,1.46,3.24,,1.46,1.46,3850354013815,HRANA
POVRĆE ZA FRANCUSKU 450g DUKAT,90350734,DUKAT,0.45 kg,ko,1.72,3.82,,1.72,1.72,3850354013754,HRANA
SIR POLU CHEDDAR MATURE 200g,90354118,PRESIDENT,0.20 kg,ko,4.29,21.45,,4.29,4.29,5017838821658,HRANA
DVOPEK 175g DR SCHAER,90355273,DR SCHAR,0.18 kg,ko,,22.34,3.91,4.89,4.89,8008698028605,HRANA
PIVO FRANZISKANER PŠENIČNO  0.5L NB,90361129,FRANZISKANER,0.50 l,ko,2.49,4.98,,2.49,2.49,4072700003649,PIĆE
PRŠUT PARMA NAR 80g NEGRONI,90362493,NEGRONI,0.08 kg,ko,4.29,53.63,,4.29,4.29,8028257008312,HRANA
MLIJEKO ČOK OKUS CRNA ČOK 0.5L DUKAT,90363188,DUKAT,0.50 l,ko,1.69,3.38,,1.39,1.39,3850354014638,HRANA
OCAT JABUČNI 500ml PONTI,90363507,PONTI,0.50 l,ko,2.49,4.98,,2.49,2.49,8001010038801,HRANA
FOLIJA PRIJANJAJUĆA FINO 30m,90364654,FINO,30.00 m,ko,2.09,0.07,,1.69,2.09,5201314951117,PROIZVODI ZA KUĆANSTVO
DET LIKVI ULTRA ORIGINAL 900ml,90369962,LIKVI,0.90 l,ko,2.52,2.8,,1.89,2.52,3850105170385,SREDSTVA ZA ČIŠĆENJE
PROTEIN ENERGY BAR ČOKOLADA 35g,90373158,POLLEO,0.04 kg,ko,1.29,36.86,,1.29,1.29,3858892292921,HRANA
KULEN CRNA SLAVON SVINJA BELJE,90373219,BELJE,1.00 kg,kg,59.99,59.99,,59.99,59.99,3850257052300,HRANA
PATRONE GILL FUSION 8/1,90380442,GILLETTE,8.00 ko,ko,37.19,4.65,,37.19,37.19,8006540989197,KOZMETIKA
FRISKIES MM PILETINA UMAK 85g,90381983,FRISKIES,0.09 kg,ko,0.59,6.94,,0.59,0.59,7613036964043,PROIZVODI ZA KUĆANSTVO
VL MARAMICE PAMPERS SENSTI 80/1,90385486,PAMPERS,80.00 ko,ko,2.59,0.03,,2.59,2.59,8001841041421,TOALETNE POTREPŠTINE
OM DAX SENSITIVE 2L,90389187,DAX,2.00 l,ko,2.79,1.4,,2.29,2.79,3838900962374,SREDSTVA ZA ČIŠĆENJE
BOTTEGA POETI PROSSECO 0.75L,90393286,BOTTEGA,0.75 l,ko,12.99,17.32,,12.99,12.99,8005829000646,PIĆE
DVOPEK INTEGRALNI 320g MLINAR,90400862,MLINAR,0.32 kg,ko,2.39,7.47,,2.39,2.39,3858881120792,HRANA
MLIJEKO ZAMJ BEBIMIL 3 AKTIV 500g,90400874,BEBIMIL,0.50 kg,ko,8.95,17.9,,8.95,8.95,9007253104920,HRANA
BRAŠNO BADEMOVO 500g LETIFICO,90412460,LETIFICO,0.50 kg,ko,10.62,21.24,,10.62,10.62,3859893457234,HRANA
LIGNJA 100-300 ŽUVELA,90423571,MEDUZA,1.00 kg,kg,16.39,16.39,,9.83,16.39,,HRANA
VOĆNE KUGL KOKOS 48G FIT FIT,90448292,FIT&FIT,0.05 kg,ko,1.59,33.12,,1.59,1.59,8681917250157,HRANA
VEET LIST ZA EPIL.NOGU PURE 20 TRAKA,90478828,VEET,1.00 ko,ko,,5.89,5.89,7.69,7.69,5997321774527,KOZMETIKA
MASLINE CRNE PEČENE 100g SACLA,90485131,SACLA,0.10 kg,ko,2.49,24.9,,2.49,2.49,8001060001404,HRANA
SIR TVRDI DALMATINSKI 300g MIH,90486854,SIRANA MIH,0.30 kg,ko,8.49,28.3,,6.29,8.49,3859891700943,HRANA
TUBA NUTR JAB/KR/BAN/ŽIT  100g,90494057,NUTRINO,0.10 kg,ko,,8.9,0.89,1.05,1.05,8606019650520,HRANA
NAPITAK BADEM 1L O'PLANT,90495011,O PLANT,1.00 l,ko,3.39,3.39,,2.19,3.39,3856020249908,HRANA
VINO ROSE TERRA VINEA 0.75L,90528195,TERRA VINEA,0.75 l,ko,4.99,6.65,,3.25,4.99,3850334519641,PIĆE
KREMA LICE SN BB LIGHT 50ml,90571676,GARNIER,0.05 l,ko,9.99,199.8,,9.99,9.99,3600542416436,KOZMETIKA
BALZAM PB NIVEA ULTR CALM 100ml,90572281,NIVEA,0.10 l,ko,14.29,142.9,,14.29,14.29,9005800347479,KOZMETIKA
PAŠTETA JANJEĆA 50g BURETIĆ,90573449,BURETIĆ,0.05 kg,ko,2.59,51.8,,2.59,2.59,3859893159336,HRANA
PIRE VOĆ JAB.BRES. 200g NUTRINO LAB ,90573500,NUTRINO LAB,0.20 kg,ko,2.25,11.25,,2.25,2.25,8606019652951,HRANA
KEKS OAT&CHOC BG 220g GULLON,90573608,GULLON,0.22 kg,ko,,12.23,2.69,4.49,4.49,8410376061772,HRANA
SRDELA SVJ PELAGOS,90598107,PELAGOS,1.00 kg,kg,3.29,3.29,,1.97,3.29,,HRANA
GEL TUŠ LACTOVIT LACTOUREA 600ml,90598353,LACTOVIT,0.60 l,ko,,4.98,2.99,3.99,3.99,8411135351721,KOZMETIKA
ODSTRANJIVAČ LAKA SOLVENTE 125ml,90598772,SOLVENTE,0.13 l,ko,0.89,7.12,,0.89,0.89,8027391002187,KOZMETIKA
VINO SYRAH VRHUNSKO 0.75L,90599319,BLATO 1902,0.75 l,ko,11.59,15.45,,11.59,11.59,3859888154735,PIĆE
GIN OLD TOWER DRY 0.7L,90599536,ST NICOLAUS,0.70 l,ko,9.99,14.27,,9.99,9.99,8586000136014,PIĆE
FLIPS CHIO CHEESE TUBES 70g,90600044,CHIO,0.07 kg,ko,1.59,22.71,,1.59,1.59,5996253000711,HRANA
VAFL MANNER MALINA 185g,90600224,MANNER,0.19 kg,ko,2.59,14,,1,1,9000331628356,HRANA
PAŠTETA TUNA SUŠENA RAJČICA 95g EVA,90623057,EVA,0.10 kg,ko,1.85,19.47,,1.29,1.85,3856020256203,HRANA
KOBASICA ČAJNA NAR K PLUS 250g,90648015,K PLUS,0.25 kg,ko,4.29,17.16,,3.59,4.29,3850334019059,HRANA
SALAMA OBLOŽENA PAPROM 75g NAR SORGER,90648544,SORGER,0.08 kg,ko,2.39,31.87,,2.39,2.39,9002055002399,HRANA
DET ARIEL COLOR 72TAB,90669822,ARIEL,72.05 ko,ko,15,0.21,,15,15,8001090725769,SREDSTVA ZA ČIŠĆENJE
NAPITAK ISO SPORT AZZURRO GAZ. 0.5L ,90672904,ISO SPORT,0.50 l,ko,1.13,2.26,,1.13,1.13,3850108078404,PIĆE
PILEĆI OTK ZABATAK S KOŽOM PODLOŽAK,90674537,CEKIN,1.00 kg,kg,7.99,7.99,,7.99,7.99,3850159113574,HRANA
PAHULJICE ZOBENE BG 500g GRANA,90677928,GRANA,0.50 kg,ko,2.65,5.3,,2.65,2.65,3859893457807,HRANA
KRASTAVAC DELIKATES 290g DOORA,90697855,DOORA,0.29 kg,ko,2.39,8.24,,2.39,2.39,3858894541669,HRANA
KAPS KAVA RISTRETTO NS 10/1 56g RITUAL,90698479,RITUAL,0.06 kg,ko,2.79,49.82,,2.79,2.79,3850334036254,HRANA
VAFL FRONDI KAKAO 250g KRAŠ,90702867,FRONDI,0.25 kg,ko,2.59,10.36,,1.99,2.59,3850102002245,HRANA
GRAŠAK GARDEN GOOD 1kg,90703977,GARDEN GOOD,1.00 kg,ko,1.99,1.99,,1.69,1.99,3838900844175,HRANA
POSLASTICA TREATIES BITS JETRA 120g,90707335,VITAKRAFT,0.12 kg,ko,3.19,26.58,,3.19,3.19,4008239367204,PROIZVODI ZA KUĆANSTVO
RAJČICA PASIRANA GARDEN GOOD 3X200g,90713162,GARDEN GOOD,0.60 kg,ko,1.39,2.32,,1.19,1.39,3838900826195,HRANA
KAŠA ZOB RISE&SMILE MALINA 65g,90713244,RISE&SMILE,0.07 kg,ko,0.55,8.46,,0.55,0.55,3850334043450,HRANA
PUDING RIŽA VANILIJA EKO 2X130g BRIDGE,90713276,THE BRIDGE,0.26 kg,ko,2.99,11.5,,2.99,2.99,8019428009078,HRANA
NAMAZ HUMMUS SPICY 200g RIBELLA,90403188,RIBELLA,0.20 kg,ko,2.25,11.25,,1.99,2.25,8606011898876,HRANA
VAFL MANNER TORTICE CHOCO BROW 400g,90403944,MANNER,0.40 kg,ko,3.99,9.98,,2.99,2.99,9000331627908,HRANA
DEO NIVEA Ž B&W ULTIM IMP 150ml,90407665,NIVEA,0.15 l,ko,,26.6,3.99,3.99,3.99,9005800329659,KOZMETIKA
TIJESTO K PLUS GRAMIGNONE 027 500g,90409057,K PLUS,0.50 kg,ko,1.29,2.58,,1.29,1.29,,HRANA
BOMBON LIME MENTOL 45g PULMOLL,90410898,PULMOLL,0.05 kg,ko,2.19,48.67,,2.19,2.19,4002590706450,HRANA
KAVA STARBUCKS CAPPUCCINO DG 12/1 120g,90412297,STARBUCKS,0.12 kg,ko,6.49,54.08,,5.29,6.49,7613287002471,HRANA
VOĆNE KUGL CHIA 48g FIT FIT,90448264,FIT&FIT,0.05 kg,ko,1.59,33.12,,1.59,1.59,8681917250171,HRANA
PILEĆA JETRA SA SRCEM K PLUS,90452976,K PLUS,1.00 kg,kg,3.59,3.59,,3.59,3.59,3850159118104,HRANA
PALENTA ŽUTA 500g IZIDOR ,90453596,IZIDOR,0.50 kg,ko,1.19,2.38,,1.19,1.19,3859893567018,HRANA
ZP PDX ULTRA CLEAN DUO 2X75ml,90453636,PARODONTAX,0.15 l,ko,5.49,36.6,,5.49,5.49,5054563158789,KOZMETIKA
BRESKVICE 350g CRO-GO,90478818,CRO GO,0.35 kg,ko,5.99,17.11,,5.99,5.99,3859888430655,HRANA
LUČIĆI U VINS OCTU 290g SACLA,90485173,SACLA,0.18 kg,ko,2.99,16.61,,2.99,2.99,8001060001503,HRANA
ARTIČOKE U SUNC ULJU 285g SACLA,90485178,SACLA,0.29 kg,ko,3.71,13.02,,3.71,3.71,8001060001572,HRANA
DESERT KIT KAT CHUNKY WHITE 40g NESTLE,90485788,KIT KAT,0.04 kg,ko,1.35,33.75,,0.99,1.35,3800020432983,HRANA
KEKS BOOM BOX ZOBENI KAKAO 50g,90487102,BOOM BOX,0.05 kg,ko,0.99,19.8,,0.99,0.99,3858890476897,HRANA
SOL SOLNI CVIJET 125g,90487222,SOLANA PAG,0.13 kg,ko,8.49,67.92,,8.49,8.49,3859888155008,HRANA
ULJE MASLINOVO ED ISTAR. BJE 0.25L  KONFIN,90498736,KONFIN,0.25 l,ko,9.95,39.8,,7.96,9.95,3859893661044,HRANA
BOJA ZA OBRVE SYOSS SVIJETLO SMEĐA,90775238,SYOSS,1.00 ko,ko,12.99,12.99,,10.99,12.99,9000101715668,KOZMETIKA
SPREJ AMBRE SOL SENS ADV SPF50+ 150 ml,90784691,GARNIER AMBRE SOLAIR,0.15 l,ko,,94.87,14.23,18.99,18.99,3600542520423,KOZMETIKA
SOMAT GEL EXCELLENCE LEMON 684ml,90785477,SOMAT,0.68 l,ko,17.99,26.3,,17.99,17.99,9000101818147,SREDSTVA ZA ČIŠĆENJE
ARDENSKA PAŠTETA,90810037,POLCA,1.00 kg,kg,15.99,15.99,,15.99,15.99,5413546301114,HRANA
CHOCO BALLS WHITE LUMPI 80g,90819703,LUMPI,0.08 kg,ko,0.89,11.13,,0.89,0.89,8605028613281,HRANA
ČAJ MINT ORGANIC 25/1 35g JULIUS M,90819894,JULIUS MEINL,0.04 kg,ko,4.19,119.71,,4.19,4.19,9000403945459,HRANA
LIGNJA PANIRANI KOLUTIĆI 400 g MINUTE,90825290,MINUTE,0.40 kg,ko,2.99,7.48,,1.99,2.99,3850334432315,HRANA
VANISH PINK POWDER 970 g,90825908,VANISH,0.97 kg,ko,9,9.28,,7.2,9,5999109562814,SREDSTVA ZA ČIŠĆENJE
CHAMP MOET&CHANDON EOY ROSE 0.75 L,90850220,MOET&CHANDON,0.75 l,ko,55,73.33,,55,55,3185370806951,PIĆE
KRASTAVAC EXCLUSIVE 350/170 g DOORA,90885087,DOORA,0.17 kg,ko,2.25,13.24,,2.25,2.25,3858894540297,HRANA
DET DASH LAVANDA 1.035 L=23PR,90886332,DASH,1.04 l,ko,13.79,13.32,,13.79,13.79,8700216828154,SREDSTVA ZA ČIŠĆENJE
DET ARIEL COLOR 3.465 kg=63PR,90886390,ARIEL,3.47 kg,ko,25.49,7.36,,16.49,25.49,8700216733335,SREDSTVA ZA ČIŠĆENJE
DET JAR APPLE 1.35 L,90895416,JAR HDW,1.35 l,ko,6.59,4.88,,6.59,6.59,8001090621764,SREDSTVA ZA ČIŠĆENJE
DET LIKVI BALS PEACH&MINT 900 ml,90899752,LIKVI,1.00 ko,ko,2.55,2.55,,2.55,2.55,3850105189530,SREDSTVA ZA ČIŠĆENJE
SLAD CROCCANTINO PISTACIJA 500 ml,90900117,CROCCANTINO,0.50 l,ko,11.99,23.98,,11.99,11.99,3859894052025,HRANA
MALIDŽANO DOMAĆI LJUTI 550 g MAMAS,90900146,MAMA'S,0.55 kg,ko,2.19,3.98,,2.19,2.19,5310146001485,HRANA
UMAK BOLOGNESE 410g PODRAVKA,01490571,PODRAVKA,0.41 kg,ko,3.99,9.73,,3.99,3.99,3850104224850,HRANA
DRESSING AMERIC CAESAR 250ML KUHNE,01491217,KUHNE,0.25 l,ko,2.79,11.16,,2.79,2.79,40122571,HRANA
PAPRIKA K PLUS FILET CRV 320g,01519027,K PLUS,0.32 kg,ko,2.59,8.09,,2.59,2.59,3850334148605,HRANA
BAR VK VITA NATURE 100g,01642116,VITAKRAFT,0.10 kg,ko,2.25,22.5,,1.79,2.25,4008239212979,PROIZVODI ZA KUĆANSTVO
HAŠE GOVEĐI 200g PODRAVKA,02160375,PODRAVKA,0.20 kg,ko,2.39,11.95,,2.39,2.39,3850104020353,HRANA
PATARAČA I SVJ MEDUZA,02195283,,1.00 kg,kg,8.89,8.89,,5.33,8.89,,HRANA
PAPALINA 500g LEDO,02196785,LEDO,0.50 kg,ko,2.49,4.98,,1.87,2.49,3850116887678,HRANA
BRANCIN L SVJ CROMARIS,02197665,CROMARIS,1.00 kg,kg,9.79,9.79,,5.87,9.79,3859891926510,HRANA
BUGVA I SVJ MEDUZA,02197726,,1.00 kg,kg,2.99,2.99,,1.79,2.99,,HRANA
GAVUN SVJ MEDUZA,02198706,MEDUZA,1.00 kg,kg,7.89,7.89,,4.43,7.39,,HRANA
DESERT EUFORIJA MIX 150g VINDIJA,02324207,Z BREGOV,0.15 kg,ko,,5.27,0.79,0.79,0.95,3850108037630,HRANA
DESERT EUFORIJA CRISPY 150g VINDIJA,02334091,Z BREGOV,0.15 kg,ko,,5.27,0.79,0.79,0.95,3850108037654,HRANA
TEL KOLJENICA SK  III KAT,02410048,,1.00 kg,kg,14.49,14.49,,14.49,14.49,3850139402650,HRANA
VINO MALVAZIJA ZIGANTE 0.75 L,03021039,ZIGANTE,0.75 l,ko,9.05,12.07,,9.05,9.05,3859892938079,PIĆE
VODKA BLACKY ŠUM VOĆE 0.7L,03070200,NIMCO,0.70 l,ko,8.55,12.21,,8.55,8.55,4000152004570,PIĆE
LIKER JAGERMEISTER 0.7L,03080172,JAGERMEISTER,0.70 l,ko,16.99,24.27,,16.99,16.99,4067700015020,PIĆE
VISKI CHIVAS REGAL 12 YO 0.7L,03085107,CHIVAS REGAL,0.70 l,ko,32.05,45.79,,32.05,32.05,0080432402931,PIĆE
OCAT JABUČNI 0.5L KISKO,03120408,KISKO,0.50 l,ko,1.49,2.98,,1.49,1.49,3850164340149,HRANA
PIVO OŽUJSKO 0.5L BOCA POV AMB ZG PI,03130524,OŽUJSKO,0.50 l,ko,1.19,2.38,,1.19,1.19,38501692,PIĆE
KAŠICA HIPP TELET POVRĆ KRUMP 190g,03140011,HIPP,0.19 kg,ko,1.99,10.47,,1.99,1.99,9062300132066,HRANA
KAŠICA HIPP MARELICE 190g,03140017,HIPP,0.19 kg,ko,1.69,8.89,,1.69,1.69,9062300101680,HRANA
NEG PIĆE COCKT NAR JAB 0.25L,03140857,VINDI,0.25 l,ko,0.65,2.6,,0.65,0.65,3850108077209,PIĆE
LEDENI ČAJ JANA ŠUM VOĆ BRU 1.5L,03164065,JANA,1.50 l,ko,,0.97,1.45,1.45,1.69,3858884601717,PIĆE
DES NESQUIK  CEREALS&MILK 25g,04037009,NESTLE ŽITAR,0.03 kg,ko,0.85,34,,0.83,0.83,8593893007437,HRANA
TIJESTO SPAGHETT 5 500g BARILLA,04050075,BARILLA,0.50 kg,ko,1.09,2.18,,1.09,1.09,8076800195057,HRANA
TIJESTO VERMICELLI TAGL 80 500g ZARA,04050323,PASTA ZARA,0.50 kg,ko,1.59,3.18,,0.89,1.59,8004350130808,HRANA
MAKARON NAPOLITANA 160g TALIAN POD,04050904,TALIANETTE,0.16 kg,ko,2.49,15.56,,1.59,2.49,3850104230981,HRANA
KAVA ZA FIL APAR 250g ANAMARIA,04070206,ANAMARIA,0.25 kg,ko,5.99,23.96,,5.99,5.99,3858881770225,HRANA
SOL SOLNI CVIJET 150g SOLANA PAG,04110051,SOLANA PAG,0.15 kg,ko,7.99,53.27,,7.99,7.99,3859888155763,HRANA
ŠEĆER SMEĐI 1kg LARA,04121004,LARA,1.00 kg,ko,3.99,3.99,,3.99,3.99,3859890118145,HRANA
PECIVO KVIKI RIBICA 100g PODRAVKA,04145518,KVIKI,0.10 kg,ko,1.09,10.9,,1.09,1.09,3850104007613,HRANA
FANT ZA SLAV ČOBANAC 90g PODRAVKA,04161773,FANT,0.09 kg,ko,1.39,15.44,,1.39,1.39,3850104007859,HRANA
JUHA KOKOŠ S TIJES 62g PODRAVKA,04162562,PODRAVKA,0.06 kg,ko,0.99,15.97,,0.79,0.79,3850104003189,HRANA
JUHA GOVEĐ S TIJES 65g PODRAVKA,04162627,PODRAVKA,0.07 kg,ko,0.99,15.23,,0.79,0.79,3850104003134,HRANA
PAHULJ LINO CRUNCH 225g PODRAVKA,04170914,LINO,0.23 kg,ko,3.19,14.18,,2.49,3.19,3850104250972,HRANA
CEDEVITA NARANČA 200g,04181016,CEDEVITA,0.20 kg,ko,2.09,10.45,,2.09,2.09,3850322003527,PIĆE
BOMBON BRONHI 200g KARAMELA KRAŠ,04191753,BRONHI,0.20 kg,ko,2.19,10.95,,2.19,2.19,3850102516803,HRANA
ŽV GUMA AIRWAVES WRIG MEN&EUCAL 14g,04200043,WRIGLEY,0.01 kg,ko,0.99,70.71,,0.99,0.99,50173167,HRANA
NEKTAR VINDI BRESKVA KAŠ 1L,03142185,VINDI,1.00 l,ko,1.75,1.75,,1.75,1.75,3850108079524,PIĆE
GAZ PIĆE PIPI NARANČA 2L,03160038,PIPI,2.00 l,ko,2.25,1.13,,1.89,2.25,3870183400013,PIĆE
MIN VODA RADENSKA 1L GAZ POV AMB,03180100,RADENSKA,1.00 l,ko,0.75,0.75,,0.75,0.75,3830000620970,PIĆE
RIŽA BLOND RISOTTI 1kg GALLO,04060019,RISO GALLO,1.00 kg,ko,,2.99,2.99,3.67,4.59,8001420003666,HRANA
INSTANT JACOBS MONARCH 200g,04074041,JACOBS,0.20 kg,ko,12.99,64.95,,9.99,12.99,8711000513880,HRANA
MIX JACOBS ICE COFFEE 18g,04074056,JACOBS,0.02 kg,ko,0.45,25,,0.45,0.45,8711000530337,HRANA
CIMET KORA 17g VREĆ KOTANYI,04100174,KOTANYI,0.02 kg,ko,2.15,126.47,,1.19,2.15,9001414015643,HRANA
KRAFNE PRINCESS 200g PAVONE,04140074,PAVONE,0.20 kg,ko,4.79,23.95,,3.49,4.79,8006420102005,HRANA
FLIPS BOBI 90g,04149382,BOBI,0.09 kg,ko,0.95,10.56,,0.95,0.95,3858891590042,HRANA
GRIS KNEDLI 60g VREĆ PODRAVKA,04160069,PODRAVKA,0.06 kg,ko,1.49,24.83,,1.49,1.49,3850104048500,HRANA
MUESLI VITALIS ČOK 600g DR OETKER,04172524,VITALIS,0.60 kg,ko,5.89,9.82,,5.89,5.89,4000521661106,HRANA
PUDING VANILIJA 38G 3+1GRAT DR OETK,04180919,DR OETKER,0.11 kg,ko,2.16,18.95,,1.29,2.16,5997381375627,HRANA
SODA BIKARBONA KUT 40g PODRAVKA,04184016,DOLCELA,0.04 kg,ko,0.69,17.25,,0.69,0.69,3850104074035,HRANA
ČOKOL DORINA RIŽA 75g NL,04211159,DORINA,0.08 kg,ko,,17.2,1.29,1.35,1.89,3850102123681,HRANA
ČOKOL VOLIM TE VIŠ JAG MAL 100g,04215639,VOLIM TE,0.10 kg,ko,1.15,11.5,,0.79,1.15,3858881065239,HRANA
DESERT M&M CHOCO 45g,04220012,MARS,0.05 kg,ko,1.09,24.22,,1.09,1.09,5900951140303,HRANA
DESERT KINDER MAXI T6X20 126g,04221439,FERRERO,0.13 kg,ko,2.59,20.56,,2.59,2.59,80310167,HRANA
TIJESTO EX FIDELINI 400g PARADISO,04350549,PARADISO,0.40 kg,ko,2.29,5.73,,2.29,2.29,3859889154604,HRANA
TJESTO  RIBANA KAŠA JAJ 500g ZLATO POLJE,04350635,ZLATO POLJE,0.50 kg,ko,2.69,5.38,,1.59,1.59,3838700016567,HRANA
CELOFAN ZIMNICA+GUMICE,05612531,,1.00 ko,ko,0.46,0.46,,0.46,0.46,3859889869034,PROIZVODI ZA KUĆANSTVO
ZP SENSOD FLUORID 75ML  0350,06511219,SENSODYNE,0.08 l,ko,,62.13,4.66,5.49,5.49,3800132250550,KOZMETIKA
KUPKA K PLUS OLEA ALOE/JOG 750ml,06524211,OLEA,0.75 l,ko,1.89,2.52,,1.89,1.89,3850334568380,KOZMETIKA
KUPKA K PLUS OLEA ROSE/JOG 750ML,06524212,OLEA,0.75 l,ko,1.89,2.52,,1.89,1.89,3850334568359,KOZMETIKA
ŠAMPON SCHAUMA MULTI SHINE 400ml,06525353,SCHAUMA,0.40 l,ko,,7.48,2.99,2.99,4.19,3838824086736,KOZMETIKA
REGENER GLISS KUR 200 REP OIL NUTR,06546645,GLISS,0.20 l,ko,,22.45,4.49,4.49,7.09,9000100398701,KOZMETIKA
LOSION AXE AS 100ML AFR 5938,06560098,AXE,0.10 l,ko,,67.3,6.73,8.99,8.99,8720181343445,KOZMETIKA
BRIJAČ JEDNOK Ž GILL SIM VEN2 4+2,06562139,VENUS,6.00 ko,ko,,0.66,3.99,3.99,4.99,7702018069316,KOZMETIKA
KREMA NIVEA VIS 50ml DN NOR,06591076,NIVEA,0.05 l,ko,,131.2,6.56,9.39,9.39,9005800227092,KOZMETIKA
VOSAK ČUP HLAD DEP 270  5081,06594891,ČUPKO,1.00 ko,ko,,2.99,2.99,3.79,3.79,3859888495081,KOZMETIKA
ŠAMPON BECUTAN DJ 200ML 6410,06600613,BECUTAN,0.20 l,ko,,12.95,2.59,3.25,3.25,5310001166410,KOZMETIKA
MESNI DORUČAK 2X150G GAVRILOVIĆ,90032132,GAVRILOVIĆ,0.30 kg,ko,3.79,12.63,,3.79,3.79,3859892502744,HRANA
ŠARAN SVJ OĆIŠĆENI REZANI,90032331,PP ORAHOVICA,1.00 kg,kg,,8.19,8.19,4.91,8.19,3858889831843,HRANA
DŽEM SMOKVA NARANČA DIDA BOŽA 700g,90042593,DIDA BOŽA,0.70 kg,ko,5.71,8.16,,3.99,5.71,3859891515769,HRANA
MJEŠ ZAČ PILETINA 4 SIRA 32g MAGGI,90048448,MAGGI,0.03 kg,ko,1.49,46.56,,1.49,1.49,7613287119032,HRANA
ČAJ EARL GREY KART.KUT.100g RINFUZA,90051683,AHMAD,0.10 kg,ko,3.45,34.5,,3.45,3.45,054881008594,HRANA
SIR SVJEŽI KRAVLJ SKUTA 250g AGRLAGU,90061451,ŠPIN,0.25 kg,ko,3.32,13.28,,3.32,3.32,3858881190764,HRANA
PAH LINO PILLOWS TAMNI PODR VR 500g,90069525,LINO,0.50 kg,ko,4.99,9.98,,3.69,4.99,3850104263538,HRANA
KOKOT II SVJ LIBURNIJA,90078313,,1.00 kg,kg,4.79,4.79,,2.87,4.79,,HRANA
KITEKAT SM GOVEDI POVRĆE 300G,90094908,KITEKAT,0.30 kg,ko,2.09,6.97,,2.09,2.09,5900951248474,PROIZVODI ZA KUĆANSTVO
HOBOTNICA I RZ LIBURNIJA,90097421,,1.00 kg,kg,18.89,18.89,,11.33,18.89,,HRANA
SLAD SNICKERS X-TRA 66G,90116160,MARS,0.07 kg,ko,1.99,30.15,,1.5,1.99,5000159460880,HRANA
ZAČIN MEDITERAN 100g VEGETA NATUR,90147478,VEGETA NATUR,0.10 kg,ko,1.49,14.9,,1.49,1.49,3850104273483,HRANA
ŠEĆER KOKOS EKO 200g ENCIAN,90149167,ENCIAN,0.20 kg,ko,4.29,21.45,,4.29,4.29,3858890100723,HRANA
PAŠTETA ČAJNA K PLUS 50g AL,90153725,K PLUS,0.05 kg,ko,0.5,10,,0.5,0.5,3850334529886,HRANA
SIR SVJEŽI RICOTTA 250G GALBANI,90167637,GALBANI,0.25 kg,ko,2.19,8.76,,2.19,2.19,8000430194012,HRANA
METLA SOBNA VILEDA 3-ACTION DRŠKA,90168972,VILEDA,1.00 ko,ko,18.99,18.99,,12.99,18.99,4023103173286,PROIZVODI ZA KUĆANSTVO
ZUBATAC MAU,90170772,,1.00 kg,kg,14.49,14.49,,8.69,14.49,93856024301681,HRANA
AFTERSHAVE FA MEN DARK PASSION 100ML,90185264,FA,0.10 l,ko,6.99,69.9,,6.99,6.99,9000100936903,KOZMETIKA
KURKUMA MLJEVENA 35G KOTANYI,90185494,KOTANYI,0.04 kg,ko,1.29,36.86,,1.19,1.29,9001414104316,HRANA
ZAČIN ZA SVINJETINU 30g VEGETA NATUR,90185730,VEGETA NATUR,0.03 kg,ko,1.19,39.67,,0.79,1.19,3850104280900,HRANA
SENF SA MEDOM 200ML MAILLE,90194113,MAILLE,0.20 l,ko,4.89,24.45,,4.89,4.89,3036810204014,HRANA
KAVA MLJEV. ZA MOKU 250G ILLY,90202740,ILLY,0.25 kg,ko,9.99,39.96,,9.99,9.99,8003753915050,HRANA
ČAJ KAMILICA 20X1g NATURAVITA,90212952,NATURAVITA,0.02 kg,ko,1.55,77.5,,1.55,1.55,3858884090528,HRANA
ČAJ TEEKANNE FIT&SLIM 32g,90233231,TEEKANNE,0.03 kg,ko,2.59,80.94,,2.59,2.59,5901086046775,HRANA
REG GLISS EXPRESS REPAIR SUPR LENGTH 200ml,90310641,GLISS,0.20 l,ko,,22.45,4.49,4.49,7.09,9000101201376,KOZMETIKA
SV KRAČICA SVJEŽA,90316097,PIK VRBOVEC,1.00 kg,kg,4.15,4.15,,2.9,4.15,3850139523485,HRANA
HRANA PSI VON BARF START 125 20X125g,90320213,VON BARF,2.50 kg,ko,23.49,9.4,,18.39,23.49,3859893426063,PROIZVODI ZA KUĆANSTVO
TUBA VOĆ HIPPIS BIO JAB/KRU/BOR/CR RIB/AR 100g,90320509,HIPP,0.10 kg,ko,1.35,13.5,,1.05,1.35,4062300319882,HRANA
KLICE MIX 6 KOM,90346437,,1.00 ko,ko,13.14,13.14,,13.14,13.14,3856028677864,HRANA
PUDING ČOKOLADA 3x41g RUF,90360130,RUF,0.12 kg,ko,1.33,10.81,,1.33,1.33,40352046,HRANA
ZP SENS SENSIT&GUM WHITE 75ml,90361403,SENSODYNE,0.08 l,ko,,79.07,5.93,6.99,6.99,5054563154392,KOZMETIKA
MLIJEKO ČOK OKUS BIJ ČOK 0.5L DUKAT,90363178,DUKAT,0.50 l,ko,1.69,3.38,,1.39,1.39,3850354014652,HRANA
VL MAR VIOLETA BADEM 4-PACK 4X56,90364561,VIOLETA,4.00 ko,ko,5.29,1.32,,5.29,5.29,3870128008182,TOALETNE POTREPŠTINE
ULJE MASLIN EX DJ TRAD 0.25L ORGULA,90395643,ORGULA,0.25 l,ko,4.49,17.96,,4.49,4.49,3859890446026,HRANA
TIJESTO KRPICE SREDNJE 400g MARODI,90396556,MARODI,0.40 kg,ko,1.89,4.73,,1.89,1.89,3859888666047,HRANA
ŠTAPIĆI HRUSTY  45g,90399830,HRUSTY,0.05 kg,ko,0.29,6.44,,0.29,0.29,3850334154415,HRANA
TIJESTO FARFALLE N.61  500g  AGNESI,90403771,AGNESI,0.50 kg,ko,1,2,,1,1,8001200045831,HRANA
ŠKARPINA II ŽUVELA,90406311,ŽUVELA,1.00 kg,kg,11.49,11.49,,6.89,11.49,,HRANA
TORTELLINI S VRHNJEM NOVARESE 270g,90408605,PASTIFICICO NOVARESE,0.27 kg,ko,2.39,8.85,,2.39,2.39,8006827600012,HRANA
KAVA LUNGO CLASS JM NS 30/1 MULTI 168g,90409312,JULIUS MEINL,0.17 kg,ko,14.29,85.06,,14.29,14.29,9000403972530,HRANA
PAPAR CRNI SPICE CHEF 45G MLINAC,90409633,SPICE CHEF,0.05 kg,ko,1.99,44.22,,1.99,1.99,3850334133700,HRANA
ROMB 3000 – 4000g MEDUZA,90410323,MEDUZA,1.00 kg,kg,16.89,16.89,,10.13,16.89,,HRANA
MAKARUNI SVJEŽI 250g AURELIA,90411580,AURELIA,0.25 kg,ko,2.19,8.76,,2.12,2.19,3859893533402,HRANA
SENDVIČ MINUTE PRŠUT TROKUT 170g,90412502,MINUTE,0.17 kg,ko,2.49,14.64,,2.49,2.49,3850334232298,HRANA
SIR POLUT BILOGORSKI ZDENKA 400g,90432969,ZDENKA,0.40 kg,ko,6.49,16.23,,6.49,6.49,3858888597962,HRANA
LIKER VIŠNJA 0.75L HARMUND,90452942,HARMUND,0.75 l,ko,18.99,25.32,,16.69,18.99,3859893459078,PIĆE
ZP ELMEX CARIES PROFES 75ml,90484234,ELMEX,0.08 l,ko,,63.87,4.79,4.49,5.99,8718951279551,KOZMETIKA
ŠTAPIĆI LO&LA BABY 60/1 PAP,90486315,LOLA,60.02 ko,ko,1.49,0.02,,1.05,1.49,3858890795240,TOALETNE POTREPŠTINE
KULENOVA SEKA 100g NAR BELJE,90487382,BELJE,0.10 kg,ko,2.99,29.9,,2.99,2.99,3850139210149,HRANA
BRAŠNO PŠEN BUR 1kg ČAK MLIN,90568218,ČAK MLINOVI,1.00 kg,ko,1.59,1.59,,1.19,1.59,3858884175768,HRANA
ČAJ CLASSIC ORGANIC 37.4g YOGI TEA,90568293,YOGI TEA,0.04 kg,ko,3.69,98.66,,3.69,3.69,4012824400054,HRANA
SALATA VOĆNA ANANAS MINUTE 265g,90570215,MINUTE,0.27 kg,ko,2.99,11.28,,2.99,2.99,3850334524430,HRANA
VODICA MICEL GARNIER VIT C 400ml,90598626,GARNIER,0.40 l,ko,,14.48,5.79,7.59,7.79,3600542467650,KOZMETIKA
ULJE MASL EX DJEV 0.5L K PLUS,90599799,K PLUS,0.50 l,ko,5.99,11.98,,5.99,5.99,3850334010971,HRANA
ALTROKE BURGER 100% JUNETINA I SLANINA 195G VP ,90633033,ALTROKE,0.20 kg,ko,2.93,15.03,,2.05,2.93,3858894290543,HRANA
PEČENICA DALM SUHA NAR K PLUS 250g,90648013,K PLUS,0.25 kg,ko,5.69,22.76,,5.69,5.69,3850334019073,HRANA
SOL KAMENA VREĆ 1 kg SLOVA,90648406,SLOVA,1.00 kg,ko,0.49,0.49,,0.49,0.49,3850334011305,HRANA
JUNEĆI VRAT S KOSTI LOVRIĆ,90648691,LOVRIĆ,1.00 kg,kg,6.99,6.99,,6.99,6.99,,HRANA
DET JAR ALL IN ONE LEMON 85 TAB ,90662855,JAR ADW,85.03 ko,ko,36.79,0.43,,18.38,36.79,8006540750063,SREDSTVA ZA ČIŠĆENJE
VINO MALVASIA NERA VALERINO 0.75L,90669341,VELARINO,0.75 l,ko,9.35,12.47,,9.35,9.35,8008863057232,PIĆE
KAPSULE ILLY ETHIOPIA 120.6g 18/1 ,90669630,ILLY,0.12 kg,ko,11.59,96.58,,11.59,11.59,8003753142654,HRANA
ZUZEX STAKLO EKO 500ml,90673089,SAFEATHOME,0.50 l,ko,2.89,5.78,,2.89,2.89,3859892818081,SREDSTVA ZA ČIŠĆENJE
NAPITAK OSHEE ISOTONIC MULTI 0.75L,90673615,OSHEE,0.75 l,ko,1.69,2.25,,1.69,1.69,5908260251963,PIĆE
MED CVJETNI HR 450g MEDO FLOR,90674876,MEDO FLOR,0.45 kg,ko,4.79,10.64,,4.79,4.79,3859892827847,HRANA
VINO AROM MIA SANGRIA WH FRIZ 0.75 L,90675106,FREIXENET,0.75 l,ko,5,6.67,,5,5,8410384005249,PIĆE
BISKVIT SUNNY PREL KAKAO PUNJENJE 240g 8/1,90702777,SUNNY,0.24 kg,ko,1.59,6.63,,1.59,1.59,3850334044006,HRANA
SIRUP K PLUS LIMUN BAZGA 1L,90703465,K PLUS,1.00 l,ko,2.55,2.55,,2.55,2.55,3850334044334,PIĆE
SLAD GRČKI JOGURT KARAMELA 500ml,90703958,KRI KRI,0.50 l,ko,3.99,7.98,,3.99,3.99,5202234514109,HRANA
PRŠUT CRUDO 100g NAR PAOLO,90713103,ROVAGNATI,0.10 kg,ko,3.79,37.9,,3.03,3.79,8007141501603,HRANA
KEKS MLJEVENI 500g SWEET CHEF,90404495,SWEET CHEF,0.50 kg,ko,1.99,3.98,,1.49,1.49,3850334131850,HRANA
ČOKOLADA TOBLERONE WHITE 100g,90404713,TOBLERONE,0.10 kg,ko,,16.9,1.69,1.69,3.09,7614500010310,HRANA
ČOKOL MILKA OREO BIJELA 100g,90404734,MILKA,0.10 kg,ko,2.49,24.9,,1.39,2.49,7622210544179,HRANA
TRAVA MORSKA CAKLENJAČA MEDUZA,90409862,MEDUZA,1.00 kg,kg,16.89,16.89,,10.13,16.89,,HRANA
KEKS ČOK PUNJ KREMOM OD LJEŠNJAKA 200g,90412617,RISO SCOTTI,0.20 kg,ko,2.92,14.6,,2.92,2.92,8001860199585,HRANA
ČAJ BRONHITKO 50g PIRAMID PAMPA-TEA,90423272,PAMPA TEA,0.05 kg,ko,10.39,207.8,,10.39,10.39,3859891239382,HRANA
DESERT KIDSWORLD MILK SNACK 28g,90424624,KIDSWORLD,0.03 kg,ko,0.46,16.43,,0.46,0.46,8595588201083,HRANA
MLIJEKO TIJ NIVEA RICH NOUR 625ml,90483781,NIVEA,0.63 l,ko,,10.56,6.6,7.89,13.19,4005808779543,KOZMETIKA
WHISKAS TEMPTAT LOSOS 60g,90733600,WHISKAS,0.06 kg,ko,1.89,31.5,,1.55,1.89,5998749146736,PROIZVODI ZA KUĆANSTVO
OMEKŠIVAČ CHICCO SWEET TALCUM 750ml,90733803,CHICCO,0.75 l,ko,4.99,6.65,,4.99,4.99,8058664103126,SREDSTVA ZA ČIŠĆENJE
PRIPRAVAK ZA ŠLAG SWEET CHEF 500g,90734702,SWEET CHEF,0.50 kg,ko,,2.58,1.29,1.29,1.72,3850334010728,HRANA
CHEESEBURGER GOVED 250g ABBELEN,90734806,ABBELEN,0.25 kg,ko,2.89,11.56,,2.89,2.89,4132500003208,HRANA
ULJE MASLINOVO JUN EX DJ 500ml ORGULA,90734824,ORGULA,0.50 l,ko,7.99,15.98,,7.99,7.99,3859893678202,HRANA
ŠAMPON DAISY KAMILICA 1L,90735065,DAISY,1.00 l,ko,1.19,1.19,,1.19,1.19,3850334073297,KOZMETIKA
KEKS CHIA LIMUN 50g KOOKIE CAT,90739983,KOOKIE CAT,0.05 kg,ko,1.99,39.8,,1.59,1.99,3800232730525,HRANA
DET PERSIL UNIVERSAL 40TAB,90744999,PERSIL,40.00 ko,ko,23.99,0.6,,23.99,23.99,9000101801255,SREDSTVA ZA ČIŠĆENJE
DET PERWOLL BLOSSOM 3L=60PR,90745025,PERWOLL,3.00 l,ko,,3.83,11.49,11.49,11.49,9000101809619,SREDSTVA ZA ČIŠĆENJE
OCAT BALZAMSKI 3 GR SPICE CHEF 0.25L,90749789,SPICE CHEF,0.25 l,ko,1.99,7.96,,1.99,1.99,3850334072290,HRANA
NAMAZ FINESSE DUO LJEŠNJAK MLIJEKO 750 g,90749840,FINESSE,0.75 kg,ko,4.19,5.59,,4.19,4.19,3838900834657,HRANA
LUK PRAH 70g SOTINAC,90750975,OPG SOTINAC,0.07 kg,ko,1.29,18.43,,1.29,1.29,3859893718298,HRANA
SARDINA SALATA ULJE ADRIA MARE 100 g,90754848,ADRIA MARE,0.10 kg,ko,1.09,10.9,,1.09,1.09,3850334063397,HRANA
PRALINE FAVOURITES MILKA MIX 95 g,90754895,MILKA,0.10 kg,ko,3.99,42,,2.99,3.99,7622201390341,HRANA
VINO MALVASIA RUBICONE 1L,90765370,MALVASIA RUBICONE,1.00 l,ko,5.05,5.05,,5.05,5.05,3859893101366,PIĆE
DN UL ALWAYS NORMAL BEZ MIR 80/1,90769912,ALWAYS P&G,80.00 ko,ko,3.69,0.05,,2.95,2.95,8001090131294,TOALETNE POTREPŠTINE
PISTACIJA PRŽENA SLANA 60 g MOGYI,90771045,MOGYI,0.06 kg,ko,2.85,47.5,,2.14,2.85,5997347542773,HRANA
ŠAMPON H&S PROEXPERT7 ITCH 250 ml,90771157,HEAD&SHOULDE,0.25 l,ko,4,16,,4,4,8700216156844,KOZMETIKA
ŠAMPON H&S M OLD SPICE 330 ml,90771195,HEAD&SHOULDE,0.33 l,ko,6.69,20.27,,3.29,6.69,8700216305235,KOZMETIKA
REGEN PANTENE MIRAC REPAIR 160 ml,90771242,PANTENE,0.16 l,ko,4,25,,4,4,8700216191708,KOZMETIKA
DEO REXONA W INVISIBLE B&W 150 ml,90774991,REXONA,0.15 l,ko,5.29,35.27,,3.89,5.29,8720181450419,KOZMETIKA
MG MM GOV GRAŠAK MRKVA 85 g VR,90775148,MIGLIOR,0.09 kg,ko,0.55,6.47,,0.55,0.55,8007520027359,PROIZVODI ZA KUĆANSTVO
MUESLI GRANOLA RISE&SMILE NUTS 300 g,90775606,RISE&SMILE,0.30 kg,ko,1.89,6.3,,1.59,1.89,3850334109477,HRANA
LIGNJA 100/300 FIORITAL,90775787,FIORITAL,1.00 kg,kg,16.49,16.49,,9.89,16.49,,HRANA
KREKER RIŽA TAMNA ČOK BIO ZONE 100 g,90779991,BIO ZONE,0.10 kg,ko,1.45,14.5,,1.45,1.45,3838900820308,HRANA
ULJE OLIVAL SPF30 200 ml,90785090,OLIVAL,0.20 l,ko,13.99,69.95,,13.99,13.99,3858892695005,KOZMETIKA
OM COCCOLINO KONC SENSITIVE 1.7 L,90785304,COCCOLINO,1.70 l,ko,6.99,4.11,,6.99,6.99,8720181410673,SREDSTVA ZA ČIŠĆENJE
UMAK SWEET CHILLI 250 ml KUHNE,90795057,KUHNE,0.25 l,ko,2.49,9.96,,2.49,2.49,40122724,HRANA
ZP PLIDENTA HERBAL 125 ml + ČETKICA,90795178,PLIDENTA,1.00 ko,ko,2.69,2.69,,2.69,2.69,3856007912078,KOZMETIKA
BOMBONI TIC TAC CITRUS MIX  54g,90800640,FERRERO,0.05 kg,ko,2.15,39.81,,2.15,2.15,8000500402597,HRANA
VODKA FINLANDIA WILDBERRY ROSE 0.7 l,90800779,FINLANDIA,0.70 l,ko,10,14.29,,10,10,5099873020081,PIĆE
PIVO LP DARK SIDE PORTER 0.5 L LIM,90809852,LEPI DEČKI,0.50 l,ko,2.35,4.7,,2.35,2.35,3859893292880,PIĆE
KRUH BIJELI REZANI PAK 580 g  K PLUS,90810331,K PLUS,0.58 kg,ko,1.55,2.67,,1.55,1.55,3850334420800,HRANA
UŠTIPAK ŠUNKA SIR 800 g MINUTE,90810833,MINUTE,0.80 kg,ko,,3.11,2.49,3.49,3.49,3850334429889,HRANA
ŽU ŽU 1 kg MINUTE,90810841,MINUTE,1.00 kg,ko,2.99,2.99,,2.99,2.99,3850334429902,HRANA
SIR KUHANI BUČ KOŠTI cca 300 g VERON,90824901,VERONIKA,1.00 kg,kg,12.49,12.49,,12.49,12.49,,HRANA
ZAM KAVIJ JESETRE SKUŠ 50 g EUROCAVIAR,90825324,EUROCAVIAR,0.05 kg,ko,15.99,319.8,,13.49,15.99,8410649006851,HRANA
SENDVIČ TUNA MASLINE 140 g EUROCHEF,90825716,EUROCHEF,0.14 kg,ko,2.29,16.35,,2.29,2.29,8033524203017,HRANA
DESERT DOBRA KAŠA 2GO ČOKO 45g,90826112,DOBRA,0.05 kg,ko,0.89,19.78,,0.89,0.89,8595054908829,HRANA
SARDINA U SUNC ULJU 100/70g MARDEŠIĆ,90830117,MARDEŠIĆ,0.07 kg,ko,1.79,25.57,,1.79,1.79,3859891129171,HRANA
KOLAČ MIX BERRY TART 160 g SPEC MOM,90830417,SPECIAL MOMENTS,0.16 kg,ko,2.99,18.69,,2.39,2.99,3850334430984,HRANA
PROTEIN  ZOE WHEY BELGIAN CHOCO 454 g,90839911,ZOE,0.45 kg,ko,24.99,55.04,,24.99,24.99,3856026707228,HRANA
PRAH ZOE BOSS GREENS LEMON LIME 250 g,90839920,ZOE,0.25 kg,ko,34.99,139.96,,34.99,34.99,3856026709840,HRANA
COLLAGEN ZOE LIQUID MARINE 0.5 L,90839951,ZOE,0.50 l,ko,29.99,59.98,,29.99,29.99,3856026711003,HRANA
MAHUNARKE ŽITARICE MIX VEDRI 500 g,90850498,VEDRINI,0.50 kg,ko,1.99,3.98,,1.99,1.99,3859890630371,HRANA
KREMA MELEM GLOSSY CANDY GLAZ 10 ml,90850551,MELEM,0.01 l,ko,,479,4.79,4.71,5.89,3856007911910,KOZMETIKA
SPREJ TAFT LOVELY LONG 150 ml,90850652,TAFT,0.15 l,ko,,31.93,4.79,4.79,5.99,9000101735710,KOZMETIKA
GRAH SMEĐI GARDEN GOOD 3X210/140 g,90854727,GARDEN GOOD,0.42 kg,ko,1.99,4.74,,1.99,1.99,3838900842867,HRANA
MEĐ.PILE PILEĆI MIX MINI 500 g,90864975,MEĐIMURSKO PILE,0.50 kg,ko,2.49,4.98,,1.99,2.49,3850220428507,HRANA
ANANAS BY AIR,90869855,,1.80 kg,ko,11.99,6.66,,11.99,11.99,3856028689812,HRANA
KRPA UNIV MIKROVL FINO 4/1,90869869,FINO,4.00 ko,ko,6.29,1.57,,6.29,6.29,5201314181293,PROIZVODI ZA KUĆANSTVO
LIKER LAVANDA & LIMUN INCANTO 0.5 L,90874696,INCANTO,0.50 l,ko,14.99,29.98,,14.99,14.99,3858891172460,PIĆE
MIN VODA MIVELA BLAGO GAZ 1 L PET,90886978,MIVELA,1.00 l,ko,1.69,1.69,,1.69,1.69,8600599002908,PIĆE
KREMA GENERA SPREJ SPF 30 200 ml,90887234,GENERA,0.20 l,ko,8.49,42.45,,8.49,8.49,8003693403785,KOZMETIKA
PLOČICA PROT KAR ČOK SOFTI 50 g POLL,90895220,POLLEO,0.05 kg,ko,2.99,59.8,,2.99,2.99,3856026811659,HRANA
BAR MIX 300 g NATURA PLUS,90895292,NATURA,0.30 kg,ko,5.49,18.3,,5.49,5.49,3858893922568,HRANA
MAK ZRNO 200g ŠAFRAM,01310204,ŠAFRAM,0.20 kg,ko,2.12,10.6,,2.12,2.12,3859888163638,HRANA
NAPITAK POWERADE GOLDEN MANGO 0.5L,90784928,POWERADE,0.50 l,ko,1.65,3.3,,1.45,1.45,5449000320988,PIĆE
PALAČINKE PROT UNFLAV PROSERIES 65 g,90789669,PROSERIES,0.07 kg,ko,1.49,22.92,,1.49,1.49,3856026807652,HRANA
LILLET ROSE 0.7 l,90794977,LILLET,0.70 l,ko,21.05,30.07,,21.05,21.05,3057230000277,PIĆE
LISTOVI ZA BAKLAVU 500 g CLARUM,90800749,CLARUM,0.50 kg,ko,1.99,3.98,,1.99,1.99,3858891274058,HRANA
PIVO LP ČAKOVEČKO PILSNER 0.5 L LIM,90809795,LEPI DEČKI,0.50 l,ko,2.35,4.7,,2.35,2.35,3859893292873,PIĆE
TUBA ORG GERBER 4X80 g,90810118,GERBER,0.32 kg,ko,3.99,12.47,,3.99,3.99,8445291467309,HRANA
UMAK RAJČICA LJUTI 300g BAKINA TAJNA,90819812,BAKINA TAJNA,0.30 kg,ko,2.99,9.97,,2.99,2.99,8606018022052,HRANA
ASHWGANDA PRAH BIO 200 g NUTRIGOLD,90825140,NUTRIGOLD,0.20 kg,ko,7.99,39.95,,7.99,7.99,3858891970554,HRANA
ČIPS SPECIAL MOMENTS TARTUFI 100g,90825464,SPECIAL MOMENTS,0.10 kg,ko,1.19,11.9,,0.83,1.19,3850334429117,HRANA
NAPOLITANKA ČOKO/RUM 360G KOESTLIN,90826547,KOESTLIN,0.36 kg,ko,3.09,8.58,,1.79,1.79,3856014106767,HRANA
PAŠTETA JETR BRUSSEL 125 g SPEC MOMENTS,90829885,SPECIAL MOMENTS,0.13 kg,ko,1.99,15.92,,1.69,1.99,3850334431844,HRANA
SALPA PELAGOS,90829981,PELAGOS,1.00 kg,kg,4.99,4.99,,2.99,4.99,,HRANA
ŠAMPON H&S CLASSIC CLEAN 95 ml,90850337,HEAD&SHOULDE,0.10 l,ko,2.39,25.16,,2.39,2.39,8700216164238,KOZMETIKA
GROŽĐICA SUHA FP EC99 300 g,90850354,PERFECT DAY,0.30 kg,ko,1.99,6.63,,1.49,1.99,3872084016041,HRANA
SIR MEKI APETINA KOCKICE 200 g/410 g,90850722,ARLA,0.20 kg,ko,3.99,19.95,,3.99,3.99,5711953182648,HRANA
ČAJ DIVLJA TREŠNJA 40 g AGRISTAR,90874738,AGRISTAR,0.04 kg,ko,3.19,79.75,,3.19,3.19,3858886507031,HRANA
LIKER LIMONCE APERITIVO 0.7 L ,90874807,LIMONCE,0.70 l,ko,16.99,24.27,,16.99,16.99,8000440627401,PIĆE
DET PERSIL GEL COLOR 2.97L=66PR,90875470,PERSIL,2.97 l,ko,23.99,8.08,,23.99,23.99,9000101599091,SREDSTVA ZA ČIŠĆENJE
KULTURA KOMBUCHA BOBIČA VOĆE 330 ml,90885455,KULTURA,0.33 l,ko,2.89,8.76,,2.89,2.89,3859893720222,PIĆE
GEL TUŠ OS EPIC LEGEND 400 ml,90885678,OLD SPICE,0.40 l,ko,,9.35,3.74,4.99,4.99,8700216611046,KOZMETIKA
OM LENOR FA FRESH WIND 700 ml,90886145,LENOR,1.00 ko,ko,7.39,7.39,,7.39,7.39,8700216722940,SREDSTVA ZA ČIŠĆENJE
OM LENOR CAPRI 987 ml,90886193,LENOR,1.00 l,ko,,3.49,3.49,4.79,6.39,8700216724425,SREDSTVA ZA ČIŠĆENJE
DET ARIEL MOUNTAIN SPRING 30TAB,90886250,ARIEL,30.00 ko,ko,17.99,0.6,,11.49,17.99,8700216765480,SREDSTVA ZA ČIŠĆENJE
DET DASH LAVANDA 1.8 L=40PR,90886335,DASH,1.80 l,ko,19.99,11.11,,19.99,19.99,8700216827614,SREDSTVA ZA ČIŠĆENJE
ČIPS DORITOS NACHO SIR 160 g,90887002,DORITOS,0.16 kg,ko,2.75,17.19,,2.75,2.75,8606033741334,HRANA
DEKOR SRCA 7 g DR OETKER,90890006,DR OETKER,0.01 kg,ko,4.29,612.86,,4.29,4.29,4000521038021,HRANA
VALJUŠCI OD KRUMPIRA 1 kg ZP,90890453,ZLATO POLJE,1.00 kg,ko,4.99,4.99,,4.99,4.99,3838700369328,HRANA
ČOKOLADA MILKA NOISETTE 250 g,90894675,MILKA,0.25 kg,ko,6.79,27.16,,3.99,3.99,7622202258312,HRANA
OM ORNEL ALLURE 3 L,90900320,ORNEL,3.00 l,ko,3.99,1.33,,3.99,3.99,3850105190222,SREDSTVA ZA ČIŠĆENJE
PIRE VOĆ MUCH BERRY MIX 4X200 g NUTR,90904784,NUTRINO LAB,0.80 kg,ko,5.96,7.45,,5.96,5.96,8606019656218,HRANA
KIWI 1 kg,01410026,,1.00 kg,ko,2.99,2.99,,2.49,2.49,3838900270394,HRANA
TORTILLA 4X25CM 245g LA FIESTA,01490633,LA FIESTA,0.25 kg,ko,2.29,9.35,,2.29,2.29,5412514935016,HRANA
SENF BLAGI TUBA 200g THOMY,01530002,THOMY,0.20 kg,ko,,8.45,1.69,2.29,2.29,7613287084163,HRANA
RAJČICA SJECKANA 400g PODRAVKA,01570303,PODRAVKA,0.40 kg,ko,1.99,4.98,,1.99,1.99,3850104238802,HRANA
CIKLA 380g PODRAVKA,01590098,PODRAVKA,0.38 kg,ko,2.49,6.55,,1.99,2.49,3850104050718,HRANA
KREKER VK ZA MINI KUNIĆE S MEDOM,01642109,VITAKRAFT,0.11 kg,ko,2.55,22.77,,2.55,2.55,4008239250186,PROIZVODI ZA KUĆANSTVO
ŠUNKA U OVITKU GAVRILOVIĆ,02034142,GAVRILOVIĆ,1.00 kg,kg,13.29,13.29,,8.49,13.29,3858890206685,HRANA
MORTADELA K PLUS VAC,02036476,K PLUS,1.00 kg,kg,7.99,7.99,,6.49,7.99,3850139285468,HRANA
FILE TUNA FIORITAL,02195387,,1.00 kg,kg,27.89,27.89,,16.72,27.89,93856024302701,HRANA
FILE GRGEČA 300/500,02197626,,1.00 kg,kg,17.99,17.99,,9.71,16.19,,HRANA
PIŠMOLJ I SVJ MEDUZA,02197653,,1.00 kg,kg,5.99,5.99,,3.59,5.99,,HRANA
REP GRDDBINE 2/3 SVJ UV MEDUZA,02198769,MEDUZA,1.00 kg,kg,23.99,23.99,,14.38,23.99,,HRANA
PILEĆI RASJ ZA POH TOP KRILA CCA 1100g,02434348,CEKIN,1.00 kg,kg,7.39,7.39,,5.59,5.31,3850159110641,HRANA
KAŠICA HIPP KRUŠKE VILIJAM 190g,03140022,HIPP,0.19 kg,ko,1.69,8.89,,1.69,1.69,9062300131670,HRANA
KAŠICA HIPP PIL POVR TJEST+1g 220g,03140037,HIPP,0.22 kg,ko,2.09,9.5,,2.09,2.09,9062300103448,HRANA
SOK BIOTTA CIKLA 500ML PRETTI,03150006,BIOTTA,0.50 l,ko,3.99,7.98,,3.99,3.99,7618500940295,PIĆE
VODA MINERALNA JANA 1.5L,03180030,JANA,1.50 l,ko,0.95,0.63,,0.95,0.95,3858884600055,PIĆE
ULJE MASLINOVO EX DJEV 0.75L MARIN,03210180,PZ MARINA,0.75 l,ko,16.99,22.65,,16.99,16.99,3859888295025,HRANA
TIJESTO PENINE 46 500g ZARA,04050325,PASTA ZARA,0.50 kg,ko,1.59,3.18,,0.89,1.59,8004350130464,HRANA
TERANINO S TARTUF 200ml ZIGANTE,90725959,ZIGANTE,0.20 l,ko,18.09,90.45,,18.09,18.09,3858891981987,HRANA
TUNJ FIL U MASL ULJU EVA 100g/70g,90732357,EVA,0.07 kg,ko,3.99,57,,3.99,3.99,3856020263126,HRANA
ČOKOLADA TONYS MILK  50g,90732639,TONYS CHOCOLONELY,0.05 kg,ko,1.89,37.8,,1.89,1.89,8717677337514,HRANA
DET PERWOLL BLOSSOM 1L=20PR,90745039,PERWOLL,1.00 l,ko,4,4,,4,9.99,9000101810356,SREDSTVA ZA ČIŠĆENJE
PIĆE NEG.ALOE VERA NATURAL ALOE 0.5 L ,90745040,TROPICAL,0.50 l,ko,2.55,5.1,,2.55,2.55,8712857004606,PIĆE
KORA ZA ROLADU SVIJ 380g CASA GRANDE,90750505,CASA GRANDE,0.38 kg,ko,5.99,15.76,,4.99,5.99,8057592822710,HRANA
VINO MALVAZIJA MENEGHETTI 0.75L,90755059,MENEGHETTI,0.75 l,ko,19.05,25.4,,19.05,19.05,3858889488368,PIĆE
JOGURT NA BAZI KOK VOĆ MIX 150g PL PARAD,90765101,PLANT PARADISE,0.15 kg,ko,0.99,6.6,,0.99,0.99,8595588203162,HRANA
UMAK EXTRA HOT CHILI 361g MAGGI,90769823,MAGGI,0.36 kg,ko,,8.28,2.99,3.99,3.99,8445291218260,HRANA
DRESSING BALSAMICO 230 ml DEVELEY,90770157,DEVELEY,1.00 ko,ko,2.49,2.49,,1.74,2.49,4006824003698,HRANA
MASKA LICE NIVEA SKIN DETOX,90775421,NIVEA,1.00 ko,ko,,2.44,2.44,3.49,3.49,9005800374130,KOZMETIKA
KEKS PLAZMA SRCA LJEŠNJAK 100 g,90864880,BAMBI,0.10 kg,ko,1.79,17.9,,1.79,1.79,8600043036794,HRANA
HIG UL ALWAYS PLAT LONG 26/1,90879964,ALWAYS P&G,26.00 ko,ko,5.45,0.21,,5.45,5.45,8001841913841,TOALETNE POTREPŠTINE
KREMA MIXA HIDR MRLJE 400 ml,90885139,MIXA,0.40 l,ko,9.49,23.73,,9.49,9.49,3600551164588,KOZMETIKA
DESERT PLAZMA STIKSI KIK/KAR 30 g,90887176,BAMBI,0.03 kg,ko,0.79,26.33,,0.79,0.79,8600043038934,HRANA
ULJE BIOBAZA ORAH 200 ml,90887248,BIOBAZA,0.20 l,ko,,59.9,11.98,15.99,15.99,3856020909802,KOZMETIKA
FLUID BIOB NAKON SUN 150 ml,90887250,BIOBAZA,0.15 l,ko,,39.87,5.98,7.99,7.99,3856020905460,KOZMETIKA
BOMBON MAMBA FRUIT SURFER 140 g,90889834,MAMBA,0.14 kg,ko,1.79,12.79,,1.79,1.79,4014400933420,HRANA
SOL HIMAL KRUP JODIR 1 kg NUTRIGOLD,90890341,NUTRIGOLD,1.00 kg,ko,2.19,2.19,,2.19,2.19,3858891970486,HRANA
ČOKOLADNE BANANE 17/1 289 g EVROPA,90895080,LEVENTIĆ,0.29 kg,ko,2.79,9.65,,2.79,2.79,5310002154218,HRANA
CLUB MIX 300 g NATURA PLUS,90895287,NATURA,0.30 kg,ko,5.49,18.3,,5.49,5.49,3858893922544,HRANA
FROSCH KAMENAC MALINA 1 l,90895368,FROSCH,1.00 l,ko,3.05,3.05,,3.05,3.05,4009175953803,SREDSTVA ZA ČIŠĆENJE
WC FROSCH GEL LAVANDA 750 ml,90895369,FROSCH,0.75 l,ko,2.65,3.53,,2.65,2.65,4009175115966,SREDSTVA ZA ČIŠĆENJE
HRANA VK MENU VITAL ZAMOR 500G,01640717,VITAKRAFT,0.50 kg,ko,3.79,7.58,,3.79,3.79,4008239181206,PROIZVODI ZA KUĆANSTVO
VINO PELJEŠAC CRNO KK 1L PZ PUTNI,03010302,PUTNIKOVIĆ,1.00 l,ko,4.89,4.89,,4.89,4.89,3859889291019,PIĆE
GUMICE 50G HERES,05570757,,1.00 ko,ko,0.93,0.93,,0.93,0.93,3859889869010,PROIZVODI ZA KUĆANSTVO
DN UL LIBRESSE LIGHT SLIM 32/1,06503336,LIBRESSE,32.00 ko,ko,1.95,0.06,,1.95,1.95,7322541195209,TOALETNE POTREPŠTINE
LIP BALM K PLUS OLEA SOFT 4.5g,06584117,OLEA,0.01 kg,ko,0.99,220,,0.99,0.99,3850334036384,KOZMETIKA
CILLIT BRIL DUO 500ML   1037,08030070,CILLIT,0.50 l,ko,4.59,9.18,,4.59,4.59,5997321761992,SREDSTVA ZA ČIŠĆENJE
JOGURT NATUR GRČKI DUKATOS 150g,90051414,DUKATOS,0.15 kg,ko,0.99,6.6,,0.89,0.99,3850354009726,HRANA
PRELJEV KAKAO DESS.CHEF 270g KANDIT,90060149,KANDIT,0.27 kg,ko,3.99,14.78,,3.99,3.99,3858881049093,HRANA
KRUPICA PŠENIČNA GRIS 400g LINO,90092071,LINO,0.40 kg,ko,1.39,3.48,,1.39,1.39,3850104268540,HRANA
KITEKAT SM PILETI POVRĆE 300g,90094912,KITEKAT,0.30 kg,ko,2.09,6.97,,2.09,2.09,5900951248481,PROIZVODI ZA KUĆANSTVO
PECIVO FRI FRI 4X55g KLARA,90123778,KLARA,0.22 kg,ko,2.59,11.77,,2.59,2.59,3858881320833,HRANA
PAŠTETA KOKOŠJA JUNIOR ARGETA 45g,90129874,ARGETA,0.05 kg,ko,0.89,19.78,,0.89,0.89,38381447,HRANA
KEKS BREAKFAST CERELAS/WILDBERRIES 160g,90167473,BREAKFAST,0.16 kg,ko,,9.31,1.49,1.49,1.89,3856014117824,HRANA
OSLIĆ PARANGAL RZ LIB,90181332,,1.00 kg,kg,10.59,10.59,,6.35,10.59,,HRANA
AFTERSHAVE FA MEN SPORT DP 100ML,90185266,FA,0.10 l,ko,6.99,69.9,,6.99,6.99,9000100966214,KOZMETIKA
SIRUTKA MANGO MARELICA 500G VERONIKA,90202135,VERONIKA,0.50 kg,ko,1.09,2.18,,1.09,1.09,3859889622301,HRANA
SOJA UMAK S MANJE SOLI DISP 150ML KIKKOMAN,90215583,KIKKOMAN,0.15 l,ko,,25.93,3.89,5.99,5.99,8715035130104,HRANA
NAPITAK SOJA 1L BIO ZONE,90225732,BIO ZONE,1.00 l,ko,1.39,1.39,,0.99,1.39,3850334577825,HRANA
VAFL LOACKER KAKAO MLIJEKO 175G,90236049,LOACKER,0.18 kg,ko,2.19,12.51,,1.59,2.19,8000380180721,HRANA
PIMENTO GINGEMBRE 0.25L,90243901,PIMENTO,0.25 l,ko,2.65,10.6,,2.65,2.65,3244851000421,PIĆE
BRISAČ POD MIKROF RES ZAMJ KRP DAX,90276228,DAX,1.00 ko,ko,3.32,3.32,,3.32,3.32,3850334599407,PROIZVODI ZA KUĆANSTVO
ZAČIN MUŠKATNI ORAH  S RIB VR 15g VEG. MAESTRO,90282036,VEGETA MAESTRO,0.02 kg,ko,1.89,126,,1.89,1.89,3850104294471,HRANA
KAVA MUST CAPPUCCINO DG 16/1 160g,90288222,MUST,0.16 kg,ko,5.29,33.06,,5.29,5.29,8056370761357,HRANA
KRPA PROZORI DAX 2/1,90289990,DAX,2.00 ko,ko,2.52,1.26,,1.76,2.52,3850334608116,PROIZVODI ZA KUĆANSTVO
KONAC ZA ZUBE DENTORAL MINT WAX 100m	,90290490,DENTORAL,100.00 m,ko,,0.01,1.15,1.49,1.49,3850334610256,KOZMETIKA
GAZ PIĆE PEPSI BEZ ŠEĆERA 0.33 l LIM,90290779,PEPSI,0.33 l,ko,0.99,3,,0.85,0.85,3830065020388,PIĆE
TOAST K PLUS AMERICAN 750g,90290981,K PLUS,0.75 kg,ko,2.05,2.73,,1.59,1.59,3850334610874,HRANA
PIK PEČENA ŠUNKA NAR 125g MA,90291848,PIK VRBOVEC,0.13 kg,ko,2.99,23.92,,2.99,2.99,3850139350401,HRANA
TIJESTO PENNE 400g GRANO DORO,90296094,GRANO DORO,0.40 kg,ko,0.8,2,,0.6,0.8,3850334349866,HRANA
MEDICA 0.75L HARMUND,90404172,HARMUND,0.75 l,ko,20.99,27.99,,18.69,20.99,3859893459054,PIĆE
DESERT KNOPPERS NUTBAR 3/1 120g,90405385,KNOPPERS,0.12 kg,ko,2.09,17.42,,2.09,2.09,4014400929058,HRANA
BOMBON NIMM2 GUME SOFT RED FRU 90g,90405391,NIMM2,0.09 kg,ko,1.19,13.22,,1.19,1.19,4014400923599,HRANA
BOMBON WERTHERS SOFT CARAMELS 75g,90405405,WERTHERS,0.08 kg,ko,1.25,16.67,,1.25,1.25,4014400923506,HRANA
MARAMICE SUPER JON UNIV 60 KOM,90406293,SUPER JON,60.02 ko,ko,,0.04,2.19,2.19,2.95,3850111901089,SREDSTVA ZA ČIŠĆENJE
VANILIN ŠEĆER 50g 5X10g SWEET CHEF,90406549,SWEET CHEF,0.05 kg,ko,0.4,8,,0.4,0.4,3850334197696,HRANA
MASKA ELSEVE COL VIV 300ml,90407488,LOREAL ELSEVE,0.30 l,ko,,17.3,5.19,6.49,6.99,3600523607884,KOZMETIKA
SIR TVRDI OVIDUR 1/4 KRIŠKA VINDIJA,90410418,Z BREGOV,1.00 kg,kg,30.49,30.49,,23.99,30.49,3850108052862,HRANA
ČOKOLADA DORINA NAPOLITANKA 100g,90411114,DORINA,0.10 kg,ko,1.99,19.9,,1.45,1.45,3850102519521,HRANA
PIVO ZMAJSKO PILS 0.50L NB,90411209,ZMAJSKA PIVOVARA,0.50 l,ko,2.05,4.1,,2.05,2.05,3859893414220,PIĆE
FUŽI 250g AURELIA,90411573,AURELIA,0.25 kg,ko,2.19,8.76,,2.12,2.19,3859893533365,HRANA
ČOK TAMNA 71% SA LAVAN 85g RAJSKA PTICA,90412500,RAJSKA PTICA,0.09 kg,ko,6.59,77.53,,6.59,6.59,3830042990208,HRANA
BOMBONI TIC TAC FRUITY MIX 18g,90423486,FERRERO,0.02 kg,ko,0.79,43.89,,0.79,0.79,80816652,HRANA
PEL VIOLETA JUNIOR+ 6 GIGA 86/1,90453754,VIOLETA,86.06 ko,ko,19.99,0.23,,19.99,19.99,3870128025561,TOALETNE POTREPŠTINE
MESNI DORUČAK 3X150g XXL GAVRILOVIĆ,90477985,GAVRILOVIĆ,0.45 kg,ko,4.49,9.98,,4.49,4.49,3858892722121,HRANA
KAVA U ZRNU HAUSBRANDT QUAL ROS 500g,90479158,HAUSBRANDT,0.50 kg,ko,11.99,23.98,,11.99,11.99,8006980153356,HRANA
KOBASICA ISTAR BOŠKARIN 200g HISTRIS,90483435,HISTRIS,0.20 kg,ko,7.99,39.95,,7.99,7.99,3859893167898,HRANA
SAPUN TEK DOVE CARING 750ml,90483985,DOVE,0.75 l,ko,5.69,7.59,,4.55,5.69,8720181121777,KOZMETIKA
ČAJ LEDENI ARIZONA NAR 0.45l,90485638,ARIZONA,0.45 l,ko,1.55,3.44,,1.55,1.55,0613008753351,PIĆE
BREF POWER AKTIV GEL PINE 700ml,90486676,BREF,0.70 l,ko,2.99,4.27,,2.99,2.99,9000101501995,SREDSTVA ZA ČIŠĆENJE
SIR MEKI OVČJI 400g DIVAN GARDEN,90486891,DIVAN GARDEN,0.40 kg,ko,7.96,19.9,,7.96,7.96,3859893493560,HRANA
SIR MEKI FETA SALAKIS DOP 150g PRESIDENT,90487280,PRESIDENT,0.15 kg,ko,4.19,27.93,,4.19,4.19,3850355006779,HRANA
SMOOTHIE DI SUN F10 150ml,90488131,DI,0.15 l,ko,10,66.67,,2,10,3850105173195,KOZMETIKA
LJEŠNJAK GARD GOOD PEČ JEZGRA 180g,90493322,GARDEN GOOD,0.18 kg,ko,,17.17,3.09,4.39,4.39,3838900958445,HRANA
MUESLI GRA BOOM BOX Š VOĆ/KOK/BAD 300g,90493480,BOOM BOX,0.30 kg,ko,3.99,13.3,,3.99,3.99,3858890477313,HRANA
POLUTV TRAPIST KOLANJAC 300g MIH,90494014,SIRANA MIH,0.30 kg,ko,6.99,23.3,,6.99,6.99,3859891700615,HRANA
MIX BARCAFFE CLASSIC 3U1 VR 20g,90494601,BARCAFFE,0.02 kg,ko,0.29,14.5,,0.29,0.29,3838471038751,HRANA
LIKER OD VIŠNJE 500ml KAPRONCA,90498844,AL KAPRONE,0.50 l,ko,9.39,18.78,,9.39,9.39,3859892356101,PIĆE
IMMUNITY C+D+ZN 15 KAPS MULTIVITA,90498369,MULTIVITA,1.00 ko,ko,4.59,4.59,,4.59,4.59,3858881248748,HRANA
MLIJEKO SVJEŽE 3.2% 1.5L BOCA DUKAT,90514041,DUKAT,1.50 l,ko,2.09,1.39,,2.09,2.09,3850354016090,HRANA
JOGURT B'AKTIV VOĆE-POVRĆE 330g,90514065,B'AKTIV,0.33 kg,ko,1.65,5,,1.29,1.29,3850354015857,HRANA
SWIFFER DUST NASTAVCI ZA PRAŠINU 5/1,90569069,SWIFFER,5.00 ko,ko,5.69,1.14,,5.69,5.69,8006540307991,SREDSTVA ZA ČIŠĆENJE
JOGURT BEZ LAKTOZE TTOP 2.8% M.M. 1kg,90570041,VINDIJA,1.00 kg,ko,2.29,2.29,,2.29,2.29,3850108035995,HRANA
SALATA VOĆNA MIJEŠANA MINUTE 265g,90570207,MINUTE,0.27 kg,ko,2.99,11.28,,2.99,2.99,3850334524423,HRANA
SAPUN LAHOR SENSITIVE 80g,90571758,LAHOR,0.08 kg,ko,0.89,11.13,,0.89,0.89,3850105176950,KOZMETIKA
GEL TUŠ L'ANGEL KONOPLJA 500ml,90572266,L ANGELICA,0.50 l,ko,3.25,6.5,,1.99,3.25,8017331076996,KOZMETIKA
MEDALJONI OD PIL/PUR MESA 320g,90572423,AIA,0.32 kg,ko,2.99,9.34,,2.99,2.99,8008110032845,HRANA
DŽEM ŠIPAK 360g PODRAVKA,90572865,PODRAVKA,0.36 kg,ko,2.29,6.36,,2.29,2.29,3856020252212,HRANA
BRUSCHETTE MIJEŠANO POVRĆE 140 g MAR,90578352,MARETTI,0.14 kg,ko,1.59,11.36,,1.59,1.59,3800205877929,HRANA
PAHULJICE LUMPI COCOA BALLS 250g,90593661,LUMPI,0.25 kg,ko,1.06,4.24,,1.06,1.06,3850334009296,HRANA
MASKA ELSEVE HYALURON 300ml,90598168,LOREAL ELSEVE,0.30 l,ko,,17.43,5.23,6.99,6.99,3600524033552,KOZMETIKA
TAPIOKA SNACK SIR 570g,90598706,MOJE MALO ZLATO,0.57 kg,ko,7.29,12.76,,7.29,7.29,3859893064326,HRANA
MEDALJONI PILEĆI SA SIROM CEKIN 660g,90599115,CEKIN,0.66 kg,ko,7.69,11.65,,6.49,7.69,3850159141379,HRANA
ZAČIN SOL MORSKA ML 100g VEGETA MAESTRO,90599300,VEGETA MAESTRO,0.10 kg,ko,2.29,22.9,,2.29,2.29,3856020222314,HRANA
ECOVER UNIV LIMUN&ĐUMBIR 500ml,90600534,ECOVER,0.50 l,ko,5.29,10.58,,3.99,4.99,5000204255454,SREDSTVA ZA ČIŠĆENJE
OSLIĆ BEZ GLAVE 800g HUBSI LEDO,90607794,LEDO,0.80 kg,ko,7.49,9.36,,5.61,7.49,3850116048680,HRANA
SPREJ NIV SUN PR&DRY TOU F20 200ml,90607864,NIVEA,0.20 l,ko,15,75,,3,15,4005900695796,KOZMETIKA
ARF STAKLO LAV SMILJE 650ML,90648080,ARF,0.65 l,ko,1.79,2.75,,1.49,1.49,3850105181138,SREDSTVA ZA ČIŠĆENJE
VINO CABERNET SAUVIGNON SELEC. 0.75L,90649247,VIZBA VALANDOVO,0.75 l,ko,5.35,7.13,,5.35,5.35,5310122001683,PIĆE
PRAŠK. NAPITAK MOJ DAN NARANČA 1000g,90662927,MOJ DAN,1.00 kg,ko,4.25,4.25,,4.25,4.25,8605028604579,PIĆE
TOMI MM TELETINA/PURETINA 100g,90608019,TOMI,0.10 kg,ko,0.89,8.9,,0.89,0.89,4003024465165,PROIZVODI ZA KUĆANSTVO
MARAMICE VL BLISTA UNIV 2+1 PROMO,90668404,BLISTA,1.00 ko,ko,2.09,2.09,,2.09,2.09,3859890063551,SREDSTVA ZA ČIŠĆENJE
ČOK DORINA KEKS 220g FLOW PACK,90514632,DORINA,0.22 kg,ko,4.49,20.41,,3.49,4.49,3850102516285,HRANA
ČOK ZA KUHANJE BIJELA 200g DORINA,90553346,DORINA,0.20 kg,ko,4.45,22.25,,4.45,4.45,3850102008643,HRANA
BOMBON BARKLEYS GINGER&ORANGE 50g,90569341,BARKLEYS,0.05 kg,ko,2.39,47.8,,2.12,2.12,8717438743318,HRANA
ČOKOLADA KOLUMBO 100g KRAŠ,90569594,KRAŠ,0.10 kg,ko,2.75,27.5,,2.75,2.75,3850102521845,HRANA
KAŠA ZOB BOOM BOX MALINA/VANIL 60g,90570801,BOOM BOX,0.06 kg,ko,0.99,16.5,,0.99,0.99,3858890478136,HRANA
LECHAT EX. MM STERIL ZEC 100g,90572773,LECHAT EXCELLENCE,0.10 kg,ko,0.99,9.9,,0.69,0.99,8009470061773,PROIZVODI ZA KUĆANSTVO
BUĐOLA DAMATINSKA NAR 80g VOŠTANE,90599044,VOŠTANE,0.08 kg,ko,3.15,39.38,,3.15,3.15,3858889493256,HRANA
ZP COLGATE TOTAL JUNIOR 50ml,90599457,COLGATE,0.05 l,ko,,37.8,1.89,2.69,2.69,8718951433120,KOZMETIKA
DET JAR FOREST FRUITS 650ml,90603021,JAR HDW,0.65 l,ko,3.99,6.14,,3.99,3.99,8006540355466,SREDSTVA ZA ČIŠĆENJE
DET MERI MERINO BLACK 4.5L,90633070,MERI MERINO,4.50 l,ko,5.69,1.26,,5.69,5.69,3850111105739,SREDSTVA ZA ČIŠĆENJE
DET FAKS GEL WHITE&COL 1.8L=36 PRANJA,90668033,FAKS,1.80 ko,ko,13.49,7.49,,9.44,13.49,3850105177964,SREDSTVA ZA ČIŠĆENJE
STICK OLD SPICE CAPTAIN 85ml,90669770,OLD SPICE,0.09 l,ko,7.49,88.08,,7.49,7.49,8700216879866,KOZMETIKA
CEDEVITA NARANČA XXL 1000g,90675687,CEDEVITA,1.00 kg,ko,6.39,6.39,,6.39,6.39,3850322016145,PIĆE
BOMBON CEDEVITA NARANČA XXL 60g,90697804,CEDEVITA,0.06 kg,ko,1.69,28.17,,1.69,1.69,3850322016428,HRANA
DEO REXONA W ALOE VERA 200ml,90702721,REXONA,0.20 l,ko,6.49,32.45,,6.49,6.49,8720181334726,KOZMETIKA
KETCHUP PIZZA 500g PODRAVKA,90703040,PODRAVKA,0.50 kg,ko,,2.98,1.49,1.49,2.09,3850104268939,HRANA
VINO CABERNET SAUVIGNON DIKA 0.75L,90703347,DIKA,0.75 l,ko,6.75,9,,6.75,6.75,3859893924347,PIĆE
TP PALOMA EXC XXL 20/1 3SL,90703401,PALOMA,20.00 ko,ko,4.49,0.22,,4.49,4.49,3838952034005,TOALETNE POTREPŠTINE
MISO PASTA 300g SAITAKU,90703743,SAITAKU,0.30 kg,ko,9.84,32.8,,9.84,9.84,5060194791820,HRANA
AJAX MULTIPURPOSE TRIGGER 750ml,90706007,AJAX,0.75 l,ko,3.99,5.32,,3.99,3.99,8718951277410,SREDSTVA ZA ČIŠĆENJE
KAVOVINA CIKORIJA VR 250g FRANCK ,90707118,FRANCK,0.25 kg,ko,2.49,9.96,,2.49,2.49,3850291054087,HRANA
MARGO LIGHT 225g,90707977,MARGO,0.23 kg,ko,1.19,5.29,,1.19,1.19,3856015325389,HRANA
HREN 260g STAKLO ZVIJEZDA,90713493,ZVIJEZDA,0.26 kg,ko,2.15,8.27,,1.59,2.15,3856015328472,HRANA
ZP COLGATE MAX WH ULT MULTI 50ml,90730348,COLGATE,0.05 l,ko,5.79,115.8,,4.05,5.79,8718951563544,KOZMETIKA
JEZIK SVINJSKI DIMLJ ANDRO cca 600g,90731812,ANDRO,1.00 kg,kg,9.99,9.99,,9.99,9.99,,HRANA
TJEST TAGLIAT ŠPINAT 400g PEREC,90750965,OPG PEREC,0.40 kg,ko,2.79,6.98,,2.79,2.79,3859894123039,HRANA
PUDING PROT LJEŠ 200g STAY STRONG,90764694,STAY STRONG,0.20 kg,ko,1.49,7.45,,1.49,1.49,3850354018612,HRANA
ČIPS CHIO FEFERONI 130 g,90764971,CHIO,0.13 kg,ko,2.19,16.85,,1.79,2.19,3856021306723,HRANA
ČOKOLADA RITTER TAMNA BADEM I NARAN 100 g,90769967,RITTER SPORT,0.10 kg,ko,1.79,17.9,,1.79,1.79,4000417212009,HRANA
INDIJSKI ORAH PRŽENI SLANI 300 g EUROCOMPANY,90770039,EUROCOMPANY,0.30 kg,ko,7.99,26.63,,7.99,7.99,3872084014375,HRANA
GEL TUŠ L'ANGELICA HYDRA SKIN 500 ml,90774661,L ANGELICA,0.50 l,ko,3.25,6.5,,1.99,3.25,8017331096680,KOZMETIKA
HYDROGEN CREAM ANNYER 9% 120 ml,90775330,ANNYER,0.12 l,ko,2.99,24.92,,2.99,2.99,3850177008111,KOZMETIKA
DEO STICK AXE JUNGLE FRESH 50 ml,90775340,AXE,0.05 l,ko,,68.2,3.41,4.55,4.55,8720181437373,KOZMETIKA
DET VESH WHITE 42/1,90784981,VESH,42.02 ko,ko,,0.24,9.99,9.99,17.89,3870128037298,SREDSTVA ZA ČIŠĆENJE
SOMAT EXCELLENCE 4IN1 30TAB,90785194,SOMAT,30.00 ko,ko,17.99,0.6,,17.99,17.99,9000101808292,SREDSTVA ZA ČIŠĆENJE
SOMAT ALL IN ONE EXTRA 85TAB,90785394,SOMAT,85.03 ko,ko,,0.17,14.49,14.49,14.49,9000101809961,SREDSTVA ZA ČIŠĆENJE
ZUBATAC 3000-5000,90794725,ŽUVELA,1.00 kg,kg,49.99,49.99,,29.97,49.99,,HRANA
ČOKOLADA RITTER CRUNCHY DUO 218g,90809844,RITTER SPORT,0.22 kg,ko,5.49,25.18,,5.49,5.49,4000417663016,HRANA
ČAJ KAMILICA CVIJET 50g AGRISTAR,90824928,AGRISTAR,0.05 kg,ko,2.89,57.8,,2.89,2.89,3858886500971,HRANA
ZOB PLOČICA JAGODA 100g FLAP JACK,90829868,FLAP JACK,0.10 kg,ko,1.59,15.9,,1.59,1.59,5999884751304,HRANA
DEO PLAYBOY W GODDESS COMPL 150 ml,90850946,PLAYBOY,0.15 l,ko,3.99,26.6,,3.99,3.99,5050456007493,KOZMETIKA
PIVO PAN RAD LIMUN 4PACK 0.5 L LIM,90884952,PAN,2.00 l,ko,5.65,2.83,,5.61,5.61,3858887585717,PIĆE
DET ARIEL OXI 3.74 kg=68PR,90886398,ARIEL,3.74 kg,ko,32.99,8.82,,32.99,32.99,8700216733502,SREDSTVA ZA ČIŠĆENJE
LEDENI ČAJ MAL BOR XIXO 0.25 L,90887087,XIXO,0.25 l,ko,0.69,2.76,,0.69,0.69,5999860497547,PIĆE
MASLINE ZELENE 235/130 g SERPIS,90889767,SERPIS,0.13 kg,ko,1.79,13.77,,1.79,1.79,8410344700146,HRANA
VODA DONATURAL LIMUNSKA TRAVA 0.5 L,90889791,DONATURAL,0.50 l,ko,1.69,3.38,,1.69,1.69,3838471056335,PIĆE
ČIPS LAY'S  MAXX SIR/LUK 120g,90720097,PEPSICO,0.12 kg,ko,2.19,18.25,,1.89,1.89,5900259127754,HRANA
DAX GUMENE RUKAVICE M 2/1,90725626,DAX,2.00 ko,ko,1.29,0.65,,1.29,1.29,3850334036575,PROIZVODI ZA KUĆANSTVO
SET ORAL B EL ČET SPIDERM+PUT ETUI,90729755,ORAL B,1.00 ko,ko,30,30,,30,30,8006540773567,KOZMETIKA
LECHAT EX. MM ADULT GOV LOSOS 4X100g,90732316,LECHAT EXCELLENCE,0.40 kg,ko,3.29,8.23,,2.3,3.29,8009470008044,PROIZVODI ZA KUĆANSTVO
TUNJ FILETI NATURALE ST 170g/119g CALLIPO,90733297,CALLIPO,0.12 kg,ko,5,42.02,,5,5,80747888,HRANA
INSTANT NESCAFE CLASSIC VR REFILL 150G,90733636,NESCAFE,0.15 kg,ko,7.49,49.93,,7.19,7.19,8445290829818,HRANA
ČOKOL MILKA CIJ LJEŠNJ 100g,04210038,MILKA,0.10 kg,ko,2.49,24.9,,2.49,2.49,3800005103075,HRANA
ČOKOL DORINA S KEKSOM 80g,04210630,DORINA,0.08 kg,ko,,16.13,1.29,1.35,1.89,3850102117970,HRANA
PODLOGA PIZZA BEZ GL 2X150g SCHAR,04280000,DR SCHAR,0.30 kg,ko,,16.73,5.02,6.29,6.29,8008698002025,HRANA
SPUŽV GLITZI MEDIUM 3/1 1234,05350106,VILEDA,3.00 ko,ko,3.99,1.33,,2.39,3.99,3838447000799,PROIZVODI ZA KUĆANSTVO
LOSION INT NIVEA SENS 250ML,06511340,NIVEA,0.25 l,ko,6.29,25.16,,6.29,6.29,9005800354538,KOZMETIKA
KUPKA PALM OS MILK&HON 500ml 2528,06520364,PALMOLIVE,0.50 l,ko,4.89,9.78,,4.89,4.89,8714789733159,KOZMETIKA
ZP SIGNAL WHITE NOW 75ML,06530225,SIGNAL,0.08 l,ko,4.25,56.67,,2.97,2.97,8717644461068,KOZMETIKA
BOJA COLOR NAT 7  NAT BLOND,06542046,GARNIER COL NATURALS,1.00 ko,ko,,3.69,3.69,4.99,4.99,3600540335647,KOZMETIKA
SAKUPLJAČ VLAGE BISON REF LAVAN 450g,08030788,BISON,0.45 kg,ko,4.99,11.09,,4.99,4.99,8710439278988,SREDSTVA ZA ČIŠĆENJE
GEL DAX PODOVI ZELENI 1L,08036019,DAX,1.00 l,ko,1.59,1.59,,1.59,1.59,3850334397935,SREDSTVA ZA ČIŠĆENJE
JUHA OKUSA POVRĆA 5 KOM INDOMIE 375,90033864,INDOMIE,0.38 kg,ko,,5.31,1.99,2.29,2.65,0089686170269,HRANA
TIJESTO SVRDLA JAJ 400g KOLEDA,90060210,KOLEDA,0.40 kg,ko,2.25,5.63,,1.59,2.25,3859888433274,HRANA
TAMPONI TAMPAX COMPAK REGULAR 16,90063479,TAMPAX,16.00 ko,ko,3.71,0.23,,3.71,3.71,4015400219538,TOALETNE POTREPŠTINE
GAZ PIĆE FANTA NARANČA 2X2L SUPER PONUDA,90067299,FANTA,4.00 l,ko,4.45,1.11,,4.45,4.45,5449000322326,PIĆE
TEMELJAC KOKOŠJI 112g PODRAVKA,90082438,PODRAVKA,0.11 kg,ko,2.59,23.12,,1.99,2.59,3850104266669,HRANA
ŠEĆER ŽELIRNI STEVIA 350g DR OETKER,90088432,DR OETKER,0.35 kg,ko,3.89,11.09,,3.89,3.89,4000521011314,HRANA
ŠEĆER RUM DOLCELA 10g 3PAK    ,90114757,DOLCELA,0.01 kg,ko,0.89,89,,0.69,0.69,3850104272097,HRANA
MIXA KREMA ZA RUKE SUHA KOŽA 100ML,90115138,MIXA,1.00 ko,ko,3.99,3.99,,3.99,3.99,3600550932690,KOZMETIKA
ŠTRUDLA OD VIŠNJE PAK 240g,90123638,,0.24 kg,ko,3.19,13.3,,3.19,3.19,3859891673018,HRANA
KITTY SM STERILE 2kg,90138606,KITTY,2.00 kg,ko,3.99,2,,3.99,3.99,3850334011626,PROIZVODI ZA KUĆANSTVO
ODSTR KAMENCA KUĆ AP DR BECK 250ml,90146217,BECKMANN,0.25 l,ko,3.49,13.96,,2.44,3.49,4008455046310,SREDSTVA ZA ČIŠĆENJE
PAŠTETA TUNA CLASS EVA 95G LIM,90158458,EVA,0.10 kg,ko,1.85,19.47,,1.29,1.85,3850104274978,HRANA
NESTLE CORNFLAKES 250G BAG,90174336,NESTLE ŽITAR,0.25 kg,ko,2.49,9.96,,2.49,2.49,5900020025432,HRANA
PIVO BLUE MOON  0.33L  NB,90184033,BLUE MOON,0.33 l,ko,2.29,6.94,,2.29,2.29,5010038454831,PIĆE
PAPAR I SOL MLINAC 65G KOTANYI,90185535,KOTANYI,0.07 kg,ko,3.98,61.23,,3.98,3.98,9001414541753,HRANA
JUHA KREM RAJČICA S MOZZAR 80g PODRAVKA,90185623,PODRAVKA,0.08 kg,ko,1.39,17.38,,1.39,1.39,3850104278198,HRANA
MASLINE ZELENE OTKOŠT 650g/320g PODR,90187764,PODRAVKA,0.32 kg,ko,4.69,14.66,,3.49,4.69,3850104279300,HRANA
PAP RUPČIĆI NATUR 4SL 30/1,90190388,NATUR,29.99 ko,ko,3.32,0.11,,2.49,2.49,3838900965634,TOALETNE POTREPŠTINE
METALNA DRŠKA PLASTIFICIRANA 120cm DAX,90276268,DAX,1.00 ko,ko,0.93,0.93,,0.93,0.93,3850334599797,PROIZVODI ZA KUĆANSTVO
TUBA VOĆNA HIPP KRUŠ JAB MANG MARAK 100g,90290040,HIPP,0.10 kg,ko,1.35,13.5,,1.05,1.35,4062300278585,HRANA
DESERT MILKA OREO 37g,90290579,MILKA,0.04 kg,ko,1.09,29.46,,1.09,1.09,7622210721785,HRANA
ČAJ BOROVNICA PODRAVKA 50g,90299639,PODRAVKA,0.05 kg,ko,2.06,41.2,,2.06,2.06,3856020204884,HRANA
DESERT NESTLE FITN COOKIE CRE 23.5g,90303764,NESTLE ŽITAR,0.02 kg,ko,0.85,36.17,,0.83,0.83,5900020024978,HRANA
ŠARAN SVJEŽI LED KONZUM,90307019,,1.00 kg,kg,,4.99,4.99,2.99,7.39,,HRANA
DN UL NATURELLA NORMAL 52/1,90308107,NATURELLA,52.00 ko,ko,2.59,0.05,,2.59,2.59,8001090603845,TOALETNE POTREPŠTINE
VINO MALVAZIJA 0.187L VINA LAGUNA,90311423,LAGUNA,0.19 l,ko,2.29,12.25,,2.29,2.29,3858881190092,PIĆE
MAESTRO MAHUN ŽITARICE EC MIX 500g,90312143,EUROCOMPANY,0.50 kg,ko,2.19,4.38,,2.19,2.19,3872084000934,HRANA
SENDVIČ ŠUNKA SIR PAK 215g MLINAR,90325417,MLINAR,0.22 kg,ko,3.49,16.23,,3.49,3.49,3858881126442,HRANA
PAHULJICE ZOBENE KRUPNE 500g BRUEGGEN,90339542,BRUEGGEN,0.50 kg,ko,1.39,2.78,,1.39,1.39,4008713011289,HRANA
KRUH RAŽENA RUSTIKA 500g KLARA,90340618,KLARA,0.50 kg,ko,1.99,3.98,,1.99,1.99,3856016904651,HRANA
KREMA NIVEA PROT BORA 65+ NOĆ 50ml,90341092,NIVEA,0.05 l,ko,,143.8,7.19,10.29,10.29,9005800311265,KOZMETIKA
BAR PROSERIES XTREME 60% PROTEIN 75g CHOCOLATE,90348942,POLLEO,0.08 kg,ko,2.99,39.87,,2.99,2.99,3859893008764,HRANA
KEKS OREO BROWNIE 154g,90354253,OREO,0.15 kg,ko,1.5,9.74,,1.5,1.5,7622210976932,HRANA
HOBOTNICA SVJ UV MEDUZA,90356686,MEDUZA,1.00 kg,kg,21.99,21.99,,13.19,21.99,,HRANA
DOMESTOS TB PINE 1250ml,90360825,DOMESTOS,1.25 l,ko,4.05,3.24,,4.05,4.05,8712561293082,SREDSTVA ZA ČIŠĆENJE
KONJAK MARTELL 0.7L VS SA ČAŠAMA,90362482,MARTELL,0.70 l,ko,35.05,50.07,,35.05,35.05,3219820003581,PIĆE
ČAJ ENGLISH BREAKFAST AHMAD 20X2g,90362732,AHMAD,0.04 kg,ko,3.45,86.25,,3.45,3.45,0054881005555,HRANA
ORAH JEZGRA GARDEN GOOD 150g,90363758,GARDEN GOOD,0.15 kg,ko,,9.27,1.39,1.79,1.79,3838900958544,HRANA
KINDER JOY T2X10 40g,90364384,FERRERO,0.40 kg,ko,2.79,6.98,,2.79,2.79,8000500313299,HRANA
KOLAČ OBLATNE S KREMOM 270g,90365068,GRANNY VIKKY,0.27 kg,ko,3.19,11.81,,3.19,3.19,3859889660204,HRANA
PEL LUMPI JUNIOR 5 44/1,90370154,LUMPI,44.01 ko,ko,7.17,0.16,,7.17,7.17,3850334153548,TOALETNE POTREPŠTINE
OCAT ALKOHOLNI 1 L MUSTAČ,90370551,MUSTAČ,1.00 l,ko,1.19,1.19,,1.19,1.19,3859892999018,HRANA
MLINCI 250G GOTES,90256091,,0.25 kg,ko,1.23,4.92,,1.23,1.23,3859888335349,HRANA
SMUĐ SVJEŽI KUPA,90256379,,1.00 kg,kg,9.99,9.99,,5.99,9.99,,HRANA
GEL TUŠ AFR ULJNI GROŽĐE 250ml,90261392,AFRODITA,0.25 l,ko,2.99,11.96,,2.99,2.99,3831070652199,KOZMETIKA
KAVA ZLATNA DŽEZVA 500G,90275914,ZLATNA DŽEZVA,0.50 kg,ko,8.99,17.98,,7.49,8.99,3870007014235,HRANA
ODRESCI PILEĆEG FILEA 400g,90279396,PERUTNINA PT,0.40 kg,ko,5.97,14.93,,4.89,5.97,3850220117210,HRANA
ZAČIN VLASAC SJECK VR 3g VEGETA MAESTRO,90282017,VEGETA MAESTRO,0.00 kg,ko,0.89,296.67,,0.49,0.89,3850104294525,HRANA
ZAČIN LOVOR LIST 5g VEGETA MAESTRO,90282019,VEGETA MAESTRO,0.01 kg,ko,0.89,178,,0.49,0.89,3850104294457,HRANA
SIR TVRDI PAŠKI 200G,90283219,PAŠKI SIR,0.20 kg,ko,9.99,49.95,,9.99,9.99,3859892884291,HRANA
DESERT LINO KEKS 200g,90290016,LINO,0.20 kg,ko,2.29,11.45,,2.29,2.29,3850104294143,HRANA
KREMA ZA RUKE NIV REF CARE ALOE VERA 75ml,90299019,NIVEA,0.08 l,ko,,27.87,2.09,2.99,2.99,9005800291871,KOZMETIKA
UMAK PESTO ROSSO  PONTI 135g,90307312,PONTI,0.14 kg,ko,3.29,24.37,,2.29,3.29,8001010024330,HRANA
JUN POTRBUŠINA MARTINJAK MHF,90308798,,1.00 kg,kg,10.09,10.09,,10.09,10.09,3859893702433,HRANA
VINO LECTUS PLAVAC KV 0.75L,90298558,LECTUS,0.75 l,ko,11.99,15.99,,11.99,11.99,3859893101342,PIĆE
ČAJ PLANINSKI 44g PODRAVKA,90308247,PODRAVKA,0.04 kg,ko,2.15,48.86,,2.15,2.15,3856020205270,HRANA
WINTERA K PLUS 300g MA,90308638,K PLUS,0.30 kg,ko,4.39,14.63,,4.39,4.39,3850334610317,HRANA
VINO VRANAC 3L BAG IN BOX VINEA,90311374,VIZBA VALANDOVO,3.00 l,ko,11.49,3.83,,11.49,11.49,5310122000020,PIĆE
JUHA TOSCANA 620g,90316218,DIMMIDISI,0.62 kg,ko,2.79,4.5,,2.79,2.79,8014190017122,HRANA
VOĆNE KUGL SMOKVA. ORAH. CHIA 144g,90320104,FIT&FIT,0.14 kg,ko,3.99,27.71,,3.99,3.99,828093003810,HRANA
LIKER MOZART STRAWB CHOC CREAM 0.5L,90324186,MOZART,0.50 l,ko,18.65,37.3,,18.65,18.65,9013100003490,PIĆE
STEVIA SLATKI LIST 50ml GREEN LAB,90344516,GREEN LAB,0.05 l,ko,3.98,79.6,,3.98,3.98,03858891761145,HRANA
ALU FOLIJA DOMUS 30m,90344370,DOMUS,30.00 m,ko,4.78,0.16,,4.78,4.78,3859893097331,PROIZVODI ZA KUĆANSTVO
SIR POLU CHEDDAR MILD 200g,90354121,PRESIDENT,0.20 kg,ko,4.29,21.45,,4.29,4.29,5017838821610,HRANA
LOSOS SUP 3/4 MEDUZA,90356724,MEDUZA,1.00 kg,kg,16.03,16.03,,9.61,16.03,,HRANA
LOSOS DIVLJI 3/4 MEDUZA,90356732,MEDUZA,1.00 kg,kg,15.59,15.59,,9.35,15.59,,HRANA
GAZ PIĆE SCHWEPPES BITTER LEM  1L,90361237,SCHWEPPES,1.00 l,ko,1.79,1.79,,1.79,1.79,5449000044839,PIĆE
ONE MM SENSITIVE PIL TUNA 4X85g,90361597,ONE,0.34 kg,ko,3.49,10.26,,2.49,3.49,7613036936859,PROIZVODI ZA KUĆANSTVO
GEL TUŠ FA MEN SPORT EN 400ml,90362041,FA,0.40 l,ko,,6.38,2.55,2.55,3.99,9000100781374,KOZMETIKA
WC NET GEL CRYSTAL CITRUS FRESH 750ml,90362426,WC NET,0.75 l,ko,3.45,4.6,,1.59,3.45,8003650014719,SREDSTVA ZA ČIŠĆENJE
SEITAN KEBAB EKO 200g ANNAPURNA,90363598,ANNAPURNA,0.20 kg,ko,3.38,16.9,,3.38,3.38,3859890343035,HRANA
SOK OD LIMETE 200ml LIMMI,90363810,LIMMI,0.20 l,ko,1.45,7.25,,1.45,1.45,8020542112032,HRANA
UMAK EXTRA LJUTI 148ml FRANK’S,90364236,FRANK'S REDHOT,0.15 l,ko,3.89,26.28,,3.89,3.89,0041500888149,HRANA
PROSERIES ZERO SYRUP 425ml HAZELNUT-CHOCO,90364380,POLLEO,0.43 l,ko,5.49,12.92,,5.49,5.49,3858892292433,HRANA
DET LIKVI ULTRA LAVANDA SMILJE 450ml,90365163,LIKVI,0.45 l,ko,1.39,3.09,,1.39,1.39,3850105170583,SREDSTVA ZA ČIŠĆENJE
KEKSI SUHI 800g K PLUS,90366025,K PLUS,0.80 kg,ko,3.71,4.64,,3.71,3.71,3850334203076,HRANA
TUNA SALATA TOSCANA 210/160G OCEAN,90372968,OCEAN,0.16 kg,ko,2.25,14.06,,2.25,2.25,3850334187000,HRANA
KRPA NAVLAKA ZA VILEDA PRO SPRAY MOP,90373482,VILEDA,1.00 ko,ko,9.79,9.79,,4.89,9.79,4023103199217,PROIZVODI ZA KUĆANSTVO
ZP SENS EX WHIT 75ml X2 DUO PACK,90377232,SENSODYNE,0.15 kg,ko,4.99,33.27,,4.99,4.99,5054563078025,KOZMETIKA
ORAH INDIJSKI GARDEN GOOD 180g,90377248,GARDEN GOOD,0.18 kg,ko,,11.06,1.99,2.49,2.49,3838900958537,HRANA
SENF SQUEEZY 226g FRENCH'S,90377689,FRENCH,0.23 kg,ko,3.19,14.12,,3.19,3.19,041500007229,HRANA
BOMBON HARIBO STARMIX 200g,90381364,HARIBO,0.20 kg,ko,2.45,12.25,,2.45,2.45,9002975722025,HRANA
ŠEĆER U PRAHU BOČ 250g SWEET CHEF,90381488,SWEET CHEF,0.25 kg,ko,1.29,5.16,,1.29,1.29,3850334197443,HRANA
DESERT KINDER CHOCO FRESH T2X12 41g,90381916,FERRERO,0.04 kg,ko,1.19,29.02,,1.19,1.19,8000500328545,HRANA
KAVA MUST LUNGO DG 16/1 112g,90386151,MUST,0.11 kg,ko,4,35.71,,4,4,8056370761418,HRANA
BOSILJAK USITNJEN 7G ŠAFRAM,90391193,ŠAFRAM,0.01 kg,ko,0.53,75.71,,0.46,0.46,3859892109332,HRANA
KREKER MED I SENF 70G ELEPHANT,90403892,ELEPHANT,0.07 kg,ko,,10.71,0.75,0.99,0.99,5949040202058,HRANA
ŠIROKI REZANCI SA ŠPINATOM 500g MLIN PUKANIC,90404018,MLIN PUKANIĆ,0.50 kg,ko,2.12,4.24,,2.12,2.12,3859892888329,HRANA
SIRUP OD KADULJE 500ml,90404091,AGROPOSTA,0.50 l,ko,5.69,11.38,,5.69,5.69,3859892734701,PIĆE
RUČNIK PAP ZEWA 3SL 1/1,90404699,ZEWA,1.00 ko,ko,3.95,3.95,,3.95,3.95,7322541192017,PROIZVODI ZA KUĆANSTVO
NAPITAK PROTEIN KOKOS UHT 0.5L VINDIJA,90404980,Z BREGOV,0.50 l,ko,2.49,4.98,,1.99,2.49,3850108023657,HRANA
SKUŠA SALATA S GRAHOM GARDEN 125g DELAMARIS,90406825,DELAMARIS,0.13 kg,ko,2.35,18.8,,2.35,2.35,3838929568564,HRANA
SIRUP FRUTA BOROVNICA 3L PET,90407958,FRUTA,3.00 l,ko,3.49,1.16,,3.49,3.49,3859893686306,PIĆE
PASTRVA SVJ PAK 640g,90408066,KONZUM,0.64 kg,ko,2.59,4.05,,1.55,2.59,,HRANA
PIVO PAULANER LEMON 0.5L,90411202,PAULANER,0.50 l,ko,1.69,3.38,,1.69,1.69,4066600219514,PIĆE
GEL OLIVAL MAGNEZIJ 250ml,90484191,OLIVAL,0.25 l,ko,4.19,16.76,,4.19,4.19,3858892692295,KOZMETIKA
MARAMICE VL ASEPSOL CLASSIC 5/1,90484523,ASEPSOLETA,5.00 ko,ko,0.99,0.2,,0.99,0.99,3856007908323,KOZMETIKA
KREMA MIXA HYAL NORM KOŽA 50ml,90485667,MIXA,0.05 l,ko,8.99,179.8,,8.99,8.99,3600550932836,KOZMETIKA
SLAD TORTERIE LJEŠNJAK 500ml,90487029,TORTERIE MACARON,0.50 l,ko,6.99,13.98,,6.99,6.99,3859893855016,HRANA
PECIVO MAKOVICA 100g KLARA,90493642,KLARA,0.10 kg,ko,0.59,5.9,,0.59,0.59,3856016906303,HRANA
VREĆICA JUMBO KONZUM,90573536,K PLUS,1.00 ko,ko,0.2,0.2,,0.2,0.2,3850334524218,PROIZVODI ZA KUĆANSTVO
ČIPS LAY'S SLANI 200g,90593085,PEPSICO,0.20 kg,ko,2.99,14.95,,2.49,2.99,5900259128706,HRANA
DEO NIVEA Ž PEARL&B BLACK 150ml,90598444,NIVEA,0.15 l,ko,,26.6,3.99,3.99,3.99,9005800356112,KOZMETIKA
NEG PIĆE FRUC NARANČA 1.5L PET,90603073,FRUCTAL,1.50 l,ko,1.75,1.17,,1.32,1.75,3838945501330,PIĆE
ČOKOLADA LJEŠNJAK KANDIT 210g FLOW PACK,90642972,KANDIT,0.21 kg,ko,4.19,19.95,,2.99,4.19,3856024803885,HRANA
ARF STAKLO ECO ACT 650 ML,90648292,ARF,0.65 l,ko,1.99,3.06,,1.49,1.49,3850105181169,SREDSTVA ZA ČIŠĆENJE
DET LIKVI ULTRA FRESH 4L,90663013,LIKVI,4.00 l,ko,5.99,1.5,,0.1,0.1,3850105174802,SREDSTVA ZA ČIŠĆENJE
DEO NIVEA Ž DERMA DRY CONT 150ml,90669207,NIVEA,0.15 l,ko,,30.62,4.59,4.59,4.59,9005800357324,KOZMETIKA
ZP ELMEX SENS COMPL PROTECT 75ML,90669237,ELMEX,0.08 l,ko,,63.87,4.79,4.49,5.99,8718951476974,KOZMETIKA
MINI ROLLS PILETINA SIR 500g LEDO,90669542,LEDO,0.50 kg,ko,4.69,9.38,,4.69,4.69,3850116054063,HRANA
UMAK PESTO GENOVESE CREMOSO 190g STAR,90669845,STAR,0.19 kg,ko,3.29,17.32,,3.29,3.29,80036975,HRANA
UMAK PONZUM S LIMUNOM 150ml KIKKOMAN,90670172,KIKKOMAN,0.15 l,ko,,17.2,2.58,3.98,3.98,8715035520202,HRANA
KEKS NUTELLA BISCUITS T3 41.4g,90670478,FERRERO,0.04 kg,ko,0.85,20.53,,0.85,0.85,8000500359358,HRANA
PILEĆI FILE 500g,90675497,CEKIN,0.50 kg,ko,6.35,12.7,,5.55,6.35,3850159110986,HRANA
PAN RIBLJI ŠTAPIĆ FILET 450g LEDO,90703190,LEDO,0.45 kg,ko,4.99,11.08,,3.99,4.99,3850116066547,HRANA
PJENA ZA KUPANJE FA M SPORT 750ml,90703666,FA,0.75 l,ko,,5.32,3.99,3.99,3.99,5201143728942,KOZMETIKA
ROLL ON BIOBAZA BOTANIKA ROSAR 50ml,90704113,BIOBAZA,0.05 l,ko,,56.8,2.84,3.79,3.79,3856020912352,KOZMETIKA
DET ARIEL COLOR 1.1kg=20PR,90705855,ARIEL,1.10 kg,ko,10.89,9.9,,10.89,10.89,8006540940259,SREDSTVA ZA ČIŠĆENJE
KRPA VILEDA VIŠENAMJ ACTIFIBRE 1/1,90706262,VILEDA,1.00 ko,ko,4.25,4.25,,2.97,4.25,4023103240834,PROIZVODI ZA KUĆANSTVO
WANPY CAT CREAMY TUNA I ŠKAMPI 5x14g,90707548,WANPY,0.07 kg,ko,2.39,34.14,,1.67,2.39,6927749871095,PROIZVODI ZA KUĆANSTVO
DESERT MONTE XXL 400g,90724902,MONTE,0.40 kg,ko,2.29,5.73,,2.29,2.29,4014500516288,HRANA
KOBASICA NOSTALGIČNA 330g PIVAC,90725545,PIVAC,0.33 kg,ko,6.29,19.06,,6.29,6.29,3858884998145,HRANA
KAVA LAVAZZA CREMA GUSTO FORTE ZRN 1kg,90750511,LAVAZZA,1.00 kg,ko,27.99,27.99,,27.99,27.99,8000070038493,HRANA
KAVA RISTRET ESP NS 30/1 171g LAVAZZA,90750517,LAVAZZA,0.17 kg,ko,15.79,92.34,,15.79,15.79,8000070063143,HRANA
KRUH KUKURUZNI 600g PAK K PLUS,90759782,K PLUS,0.60 kg,ko,,2.08,1.25,1.25,1.79,3850334108227,HRANA
VINO CRNI CUVEE CRNA SVINJA 0.75L,90759903,MARKOTA,0.75 l,ko,6.05,8.07,,6.05,6.05,3859893430312,PIĆE
VINO ZINFANDEL WOODBRIDGE 0.75L,90764793,WOODBRIDGE,0.75 l,ko,13.59,18.12,,13.59,13.59,5010186016424,PIĆE
SLAD GELATISSIMO SWEET SOUR 4x70ml,90764944,GELATISSIMO,0.24 l,ko,2.49,10.21,,1.99,2.49,3850334105431,HRANA
GIN HENDRICKS GRAND CABARET 0.7 L,90764962,HENDRICKS,0.70 l,ko,45.05,64.36,,45.05,45.05,5010327705910,PIĆE
DRESSING CEZAR 50ml VREĆ KUHNE,90770077,KUHNE,0.05 l,ko,0.79,15.8,,0.79,0.79,4012200398395,HRANA
CURRY 30 g VEGETA MAESTRO,90770293,VEGETA MAESTRO,0.03 kg,ko,0.79,26.33,,0.79,0.79,3856020270216,HRANA
ŽV GUMA ORBIT PEPERMINT BOČ 64 g,90770788,WRIGLEY,0.06 kg,ko,3.69,57.66,,3.69,3.69,4009900550215,HRANA
PLATA ZAGI 1150 g PLATA DO VRATA,90774877,PLATA DO VRATA,1.15 kg,ko,32.5,28.26,,29.5,29.5,3859894230140,HRANA
HRENOVKE WUDY KLASIK 300 g,90785362,WUDY,0.30 kg,ko,1.15,3.83,,0.99,1.15,8008110040642,HRANA
PROSECCO CUVEE VALDO DOC EDRY 0.75 l,90794979,VALDO,0.75 l,ko,12.05,16.07,,12.05,12.05,8002335620061,PIĆE
COCKT RTD OLD PILOT'S VOD SOD 0.25 L,90800766,OLD PILOT S,0.25 l,ko,3.19,12.76,,3.19,3.19,3859894018359,PIĆE
BOMBON KARAMELA MLJEČ 215g MIESZKO-KROWKA,90809797,MIESZKO-KROWKA,0.22 kg,ko,1.89,8.79,,1.89,1.89,5900353700945,HRANA
VIN0 GRAŠEVINA DVANAJŠČAK 0.75 L,90814923,DVANAJŠČAK,0.75 l,ko,8.59,11.45,,8.59,8.59,3859893380013,PIĆE
BADEM BIO 250 g NUTRIGLOD,90825263,NUTRIGOLD,0.25 kg,ko,4.49,17.96,,3.59,4.49,3858891975658,HRANA
DŽEM EXTRA SPECIAL M SMOKVA PIMENT 230g,90825417,SPECIAL MOMENTS,0.23 kg,ko,2.99,13,,2.49,2.99,3850334430458,HRANA
PELENE GAĆ PAMPERS JP S7 42/1,90874769,PAMPERS,1.00 ko,ko,25.89,25.89,,25.89,25.89,8700216341639,TOALETNE POTREPŠTINE
OM SILAN MAGNOLIA 2X1.364 L,90879928,SILAN,2.73 l,ko,5.99,2.2,,5.99,5.99,9000101597158,SREDSTVA ZA ČIŠĆENJE
SALV PALOMA US SHEEP 33X33 3SL 20/1,90885059,PALOMA,1.00 ko,ko,1.69,1.69,,1.35,2.29,3838952035934,PROIZVODI ZA KUĆANSTVO
GEL TUŠ L'ANG LAV VAN 500 ml,90885490,L ANGELICA,0.50 l,ko,3.25,6.5,,3.25,3.25,8017331102862,KOZMETIKA
GEL TUŠ OS TIGER CLAW 400 ml,90885671,OLD SPICE,0.40 l,ko,,9.35,3.74,4.99,4.99,8006540456484,KOZMETIKA
SLAD KING DESIRE 100 ml ŠTAPIĆ,90885978,LEDO,0.10 l,ko,2.79,27.9,,2.79,2.79,3850116066219,HRANA
BOMBONI GUMENI SOUR WORMS 90 g FINI,90886069,FINI,0.09 kg,ko,1.39,15.44,,1.39,1.39,8410525116711,HRANA
VINO MALVAZIJA PLANTAŽE 0.75 L,90874728,PLANTAŽE,0.75 l,ko,12.49,16.65,,12.49,12.49,3899003002213,PIĆE
COGNAC COURVOISIER VS 0.7 L,90874780,COURVOISIER,0.70 l,ko,41.29,58.99,,41.29,41.29,3049197110076,PIĆE
ORIGANO 42g KOTANYI,90405970,KOTANYI,0.04 kg,ko,4.79,114.05,,4.79,4.79,9001414502600,HRANA
PJENA ZA SAMOTAM AMBRE SOL 200ml,90406388,GARNIER AMBRE SOLAIR,0.20 l,ko,16.49,82.45,,16.49,16.49,3600542298278,KOZMETIKA
MLIJEKO ZAMJ HIPP COMB 12+ 600g,90407590,HIPP,0.60 kg,ko,12.85,21.42,,12.85,12.85,4062300447240,HRANA
ŠAMPON SYOSS KERATIN PER 440ml,90425015,SYOSS,0.44 l,ko,,10.2,4.49,4.49,4.49,9000101277050,KOZMETIKA
PANIRANI PILEĆI MEDALJONI  200g,90438166,CEKIN,0.20 kg,ko,3.35,16.75,,3.35,3.35,3850159141270,HRANA
DIREKT VIT C +CINK 25g 15/1 MULTIVITA,90453581,MULTIVITA,0.03 kg,ko,4.89,195.6,,4.59,4.59,3858881248816,HRANA
NAPIT KOMB ĐUMB LIM EKO 400ML CK,90486928,CAPTAIN KOMBUCHA,0.40 l,ko,2.99,7.48,,2.99,2.99,5600787049213,HRANA
JASTOG ŽIVI JADRANSKI RZ KOMIŽA,90518282,RZ KOMIŽA,1.00 kg,kg,87.79,87.79,,52.64,87.79,,HRANA
ŠAMPON ELSEVE HYALURON 250ml,90598612,LOREAL ELSEVE,0.25 l,ko,,13.4,3.35,3.59,4.49,3600524029500,KOZMETIKA
KEKS LEIBNIZ ZOO KAKAO 100g,90600174,BAHLSEN,0.10 kg,ko,1.75,17.5,,1.75,1.75,4017100106972,HRANA
JEGER DOMAĆI VAC cca 300g KUDELIĆ,90623474,KUDELIĆ,1.00 kg,kg,11.59,11.59,,11.59,11.59,,HRANA
SIR TVRDI LIVANJSKI K PLUS 300g,90632968,K PLUS,0.30 kg,ko,6.29,20.97,,4.99,6.29,3850334011336,HRANA
PAŠTETA SVINJ JET DOD TEL JETRE cca 1kg LANDHOF,90648539,LANDHOF,1.00 kg,kg,15.99,15.99,,15.99,15.99,,HRANA
TEL VRAT SK MARTINJAK DOMAĆI,90669285,MARTINJAK,1.00 kg,kg,10.49,10.49,,10.49,10.49,3859893702488,HRANA
LOPATICA ROLANA S KOŽOM PIVAC,90670383,PIVAC,1.00 kg,kg,7.3,7.3,,4.99,7.3,3858884995373,HRANA
TORTILJA BG 216g OLD EL PASO ,90673477,OLD EL PASO,0.22 kg,ko,,13.84,2.99,3.58,3.58,8410076474001,HRANA
DET SUĐE VIO LAVAN MOR SOL 900ml,90683103,VIO,0.90 l,ko,2.99,3.32,,1.99,2.99,3870128034419,SREDSTVA ZA ČIŠĆENJE
PJENA NIVEA MEN SENS RECOV 200ML,90697879,NIVEA,0.20 l,ko,5.09,25.45,,3.79,5.09,9005800294759,KOZMETIKA
STICK NIVEA M B&W 50ML,90699161,NIVEA,0.05 l,ko,,74,3.7,3.95,5.29,9005800352206,KOZMETIKA
TJEST ZA JUHU BG 500g PASTA D ORO,90707729,PASTA D ORO,0.50 kg,ko,1.99,3.98,,1.99,1.99,5941634004208,HRANA
SOK FRUVITA JABUKA KRUŠKA 0.75L ,90720145,FRUVITA,0.75 l,ko,2.39,3.18,,2.39,2.39,8606030050576,PIĆE
ČOKOLADA TOBLERONE MILK 360g,90731322,TOBLERONE,0.36 kg,ko,12.69,35.25,,12.69,12.69,7622210483454,HRANA
PAPRIČICE MIX PUNJ SIR 290/180g GURMANO,90732564,GURMANO,0.18 kg,ko,4.99,27.72,,4.99,4.99,5319991876767,HRANA
ŠUNKICA PILEĆA KIDS 80g VINDVAC,90732766,CEKIN KIDS,0.08 kg,ko,1.69,21.13,,1.69,1.69,3850159127090,HRANA
NAMAZ KIKIRIKI MASLAC 325 g BONNE MAMAN,90750831,BONNE MAMAN,0.33 kg,ko,5.19,15.97,,5.19,5.19,3608580141082,HRANA
ZP BLANX BLACK VOLCANO 75ml,90759709,BLANX,0.08 l,ko,,39.87,2.99,2.09,4.19,8017331089675,KOZMETIKA
KEKS DOMAĆICA EXTRA CHOC NAR VR 220 g,90800786,DOMAĆICA,0.22 kg,ko,3.19,14.5,,2.49,3.19,3850102009626,HRANA
VINO FAVUGNE PINOT GRIGIO 0.75 L,90814712,TEANUM,0.75 l,ko,7.05,9.4,,7.05,7.05,8032727711008,PIĆE
MUESLI GRAN FUN&FIT NARANČA/ČOKO 250g,90819922,FUN&FIT,0.25 kg,ko,2.99,11.96,,2.99,2.99,8606015858647,HRANA
SARDINA U UMAKU OD RAJČ 100/65g MARDEŠIĆ,90830119,MARDEŠIĆ,0.07 kg,ko,1.79,27.54,,1.79,1.79,3859891129058,HRANA
GOURMET GOLD MM GOVEDINA 85 g,90830124,GOURMET,0.09 kg,ko,0.89,10.47,,0.69,0.89,8445291132849,PROIZVODI ZA KUĆANSTVO
SIR TVRDI PAŠKI 200 g SPECIAL MOMENTS,90834712,SPECIAL MOMENTS,0.20 kg,ko,9.99,49.95,,9.99,9.99,3850334431462,HRANA
OM VIOLETA PARADISE 2X900 ml,90850258,VIOLETA,1.80 l,ko,3.49,1.94,,3.49,3.49,3870128038271,SREDSTVA ZA ČIŠĆENJE
PEČENICA DOMAĆA  AVE 450 g,90859870,AVE,0.45 kg,ko,5.49,12.2,,3.84,5.49,3831020344686,HRANA
PRALINE SPECIAL MOMENTS NOUGAT 150 g,90879805,SPECIAL MOMENTS,0.15 kg,ko,3.99,26.6,,2.79,3.99,3850334436832,HRANA
ŠAMP GLISS LIQUID SILK 400 ml,90885508,GLISS,0.40 l,ko,,11.23,4.49,6.49,6.49,9000100549592,KOZMETIKA
TORTA SPECIAL MOMENTS ČOKOLADA 600 g,90885575,SPECIAL MOMENTS,0.60 kg,ko,5.99,9.98,,4.19,5.99,3850334437358,HRANA
OM LENOR FA TROPICAL SUNSET 504 ml,90886152,LENOR,0.50 l,ko,,6.92,3.49,4.79,6.39,8700216722797,SREDSTVA ZA ČIŠĆENJE
TOMI MM PERAD JETRA 400 g,90886192,TOMI,0.40 kg,ko,1.75,4.38,,1.69,1.75,4003024157060,PROIZVODI ZA KUĆANSTVO
VOLI VOLI SP RIBA 5 kg,90886259,VOLI VOLI,5.00 kg,ko,15.99,3.2,,11.99,15.99,3859893822841,PROIZVODI ZA KUĆANSTVO
KREMA NIVEA SOFT SPF15 100 ml,90886600,NIVEA,0.10 l,ko,,58.9,5.89,8.35,8.35,9005800388281,KOZMETIKA
TUNJ MASL ULJE FILOD 4X52 g RIO MARE,90886608,RIO MARE,0.21 kg,ko,7.69,36.97,,7.69,7.69,8004030104006,HRANA
KREMA AMB SOL SPF50 40 ml,90887203,GARNIER AMBRE SOLAIR,0.04 l,ko,,299.5,11.98,15.99,15.99,3600542297813,KOZMETIKA
KREMA GENERA SPREJ SPF50 200 ml,90887240,GENERA,0.20 l,ko,9.99,49.95,,9.99,9.99,8003693403921,KOZMETIKA
FLUID BIOB SHIMMER 150 ml,90887252,BIOBAZA,0.15 l,ko,,39.87,5.98,7.99,7.99,3856020905453,KOZMETIKA
MIX PARTY LA GRANA 125 g,90887264,EUROCOMPANY,0.13 kg,ko,2.09,16.72,,2.09,2.09,3872084015525,HRANA
SENF DELIKATES TUBA 190 g ZVIJEZDA,90890076,ZVIJEZDA,0.19 kg,ko,1.49,7.84,,1.49,1.49,3856015332493,HRANA
LEDENI ČAJ BRESKVA JUICY 0.5 L,90890144,JUICY,0.50 l,ko,1.05,2.1,,1.05,1.05,3858890977875,PIĆE
MLIJEKO UHT BEZ LAKT 1.5% 1 L VINDIJ,90890471,Z BREGOV,1.00 l,ko,1.99,1.99,,1.99,1.99,3850108023596,HRANA
OM DUEL BABY CARE 1.6 L,90895392,DUEL,1.60 l,ko,4.99,3.12,,4.99,4.99,8606015846927,SREDSTVA ZA ČIŠĆENJE
KAŠA HAJDINA 500g ČAKOV MLINOVI,04060086,ČAK MLINOVI,0.50 kg,ko,2.25,4.5,,2.25,2.25,3858884170718,HRANA
KAVA MINAS MLJEV 250g ANAMARIA,04070135,ANAMARIA,0.25 kg,ko,4.19,16.76,,4.19,4.19,3858881770027,HRANA
MAŽURAN MLJEVENI 6g VREĆ KOTANY,04100136,KOTANYI,0.01 kg,ko,0.99,165,,0.99,0.99,9001414015377,HRANA
VLASAC 6g BOČ KOTANY,04100528,KOTANYI,0.01 kg,ko,2.15,358.33,,1.99,2.15,9001414040508,HRANA
PAPRIKA LJUTA 100g ŠAFRAM,04105024,ŠAFRAM,0.10 kg,ko,1.79,17.9,,0.89,1.79,3859888163058,HRANA
SOL SOLJENKA 250g PVC SOLANA PAG,04110352,SOLANA PAG,0.25 kg,ko,1.25,5,,1.25,1.25,3859888155183,HRANA
BAKE ROLLS ČEŠNJAK 80g,04141124,CHIPITA,0.08 kg,ko,0.82,10.25,,0.82,0.82,7622202016479,HRANA
KEKS GRANCEREALE ČOKOLADA 230g,04150462,BARILLA,0.23 kg,ko,2.85,12.39,,1.99,2.85,8076809540155,HRANA
JUHA GOVEĐ S REZAN 18g FINI MINI,04160071,FINI MINI,0.02 kg,ko,0.79,43.89,,0.59,0.79,3850104048333,HRANA
KAŠ INST ČOKOLINO LJEŠNJAK 500g,04172117,LINO,0.50 kg,ko,4.99,9.98,,3.49,4.99,3850104227530,HRANA
FRUTABELA MARELICA JOGURT 30g,04221480,FRUTABELA,0.03 kg,ko,0.8,26.67,,0.8,0.8,3838945501118,HRANA
ŠEĆER ŠEĆ TRSKA EKO 600g DIDA BOŽA,04280319,DIDA BOŽA,0.60 kg,ko,3.05,5.08,,3.05,3.05,3859891515462,HRANA
ŠUMEĆE TABL MAGNEZIJ 96g NATUREL,04280421,NATUREL,0.10 kg,ko,2.25,23.44,,2.25,2.25,3858887241743,HRANA
KUPKA PALM OS SENS 500ml 1261,06520377,PALMOLIVE,0.50 l,ko,4.89,9.78,,2.55,2.55,8718951259119,KOZMETIKA
BOJA PALETTE PNC 100 50+2X25ml,06543304,PALETTE PNC,0.10 l,ko,4.49,44.9,,4.49,4.49,3838824171166,KOZMETIKA
WC NET ODSTR KAMEN 750  1123,08035323,WC NET,0.75 l,ko,3.45,4.6,,1.59,3.45,8004050021123,SREDSTVA ZA ČIŠĆENJE
OCAT K PLUS ALKOHOLNI 1L,90063889,K PLUS,1.00 l,ko,0.69,0.69,,0.69,0.69,3850334350404,HRANA
ŠEĆER S AROM LIMUN 50G KOTANYI,90069881,KOTANYI,0.05 kg,ko,1.05,21,,0.63,1.05,9001414711804,HRANA
TUNA COMBO SUSHI MINI PACK 199G GRUP,90184082,AS SUSHI,0.20 kg,ko,7.95,39.95,,7.95,7.95,0604580001688,HRANA
KEKS DIGESTIVE BEZ GL 150g SCHAR,90213092,DR SCHAR,0.15 kg,ko,,15.93,2.39,2.99,2.99,8008698012819,HRANA
DŽEM SMOKVA NAR EKO 240G DIDA BOŽA,01460261,DIDA BOŽA,0.24 kg,ko,3.69,15.37,,2.58,3.69,3859891515226,HRANA
RAJČICA KONCENTRAT TUBA 190g PODRAV,01570144,PODRAVKA,0.19 kg,ko,2.19,11.53,,1.75,2.19,3850104053221,HRANA
VRHNJE KISELO DOMAĆE ZB 25% 300g,02334090,Z BREGOV,0.30 kg,ko,1.89,6.3,,1.59,1.89,3850108036480,HRANA
PILEĆI RAŽNJIĆI KIDS 450g VINDIJA,02435549,CEKIN,0.45 kg,ko,7.29,16.2,,7.29,7.29,3850159150128,HRANA
GAZ PIĆE COCA COLA 0.33L LIM,03161768,COCA COLA,0.33 l,ko,1.09,3.3,,1.09,1.09,5449000214911,PIĆE
GAZ PIĆE PEPSI COLA 0.5L PET,03163203,PEPSI,0.50 l,ko,1.05,2.1,,1.05,1.05,3830065022580,PIĆE
MIN VODA STUDENAC 1L GAZ POV AMB NAVOJ,03181000,STUDENAC,1.00 l,ko,0.55,0.55,,0.55,0.55,3856022300867,PIĆE
BRAŠNO GLATKO T-550 2kg PODRAVKA,04030163,PODRAVKA,2.00 kg,ko,1.49,0.75,,1.49,1.49,3850104223617,HRANA
ČEŠNJAK GRANULE 70g ST KOTANY,04100215,KOTANYI,0.07 kg,ko,3.19,45.57,,3.19,3.19,9001414040218,HRANA
KRUH PANE CAMP BEZ GL 240g SCHAR,04143019,DR SCHAR,0.24 kg,ko,,14.29,3.43,4.29,4.29,8008698002599,HRANA
KAŠ INST RIŽOLINO 150g,04174525,LINO,0.15 kg,ko,2.59,17.27,,2.59,2.59,3850104017230,HRANA
SREDSTVO SUPER JON KUHINJA 650ML,08030794,SUPER JON,0.65 l,ko,,3.37,2.19,2.19,2.95,3850111503436,SREDSTVA ZA ČIŠĆENJE
SRIJEMSKA SALAMA NAR 80g,90045243,GAVRILOVIĆ,0.08 kg,ko,2.19,27.38,,2.19,2.19,3858881227620,HRANA
ZP SENSOD REP&PROT WHIT 75ML,90045768,SENSODYNE,0.08 l,ko,,79.07,5.93,6.99,6.99,5054563103505,KOZMETIKA
NAREZAK BEZ MESA 300g VEGETARIANA,90047396,VEGETARIANA,0.30 kg,ko,4.99,16.63,,4.99,4.99,3859892560034,HRANA
KIKIRIKI SLANI 85g MOGYI,90050965,MOGYI,0.09 kg,ko,0.9,10.59,,0.67,0.9,5997347541974,HRANA
ZP SIGNAL FAM DAILY WHITE 75 ml,90051131,SIGNAL,0.08 l,ko,2.75,36.67,,1.89,1.89,5900300856794,KOZMETIKA
LAK PANTEN VOLUMEN 250ML,90052852,PANTENE,0.25 l,ko,5.29,21.16,,3.95,3.95,8006540650721,KOZMETIKA
DEO REXONA CLEAR INVISIBLE DIAMOND 150ml,90056115,REXONA,0.15 l,ko,4.75,31.66,,3.49,4.75,8712561319409,KOZMETIKA
CROISSANT 7DAYS KAKAO 240g 6/1,90087526,CHIPITA,0.24 kg,ko,3.99,16.62,,3.99,3.99,7622202049385,HRANA
BOURBON VANIL.ŠEĆ. DOLCELA 10g 3PAK,90104538,DOLCELA,0.03 kg,ko,1.19,39.67,,1.19,1.19,3850104272110,HRANA
ZP KALODONT MICROGRANULE 125ML,90111994,KALODONT,0.13 l,ko,2.49,19.92,,1.74,2.49,3850105145574,KOZMETIKA
JOGURT ACTIMEL JAG BAN 4X100G,90147977,ACTIMEL,0.40 kg,ko,2.49,6.23,,1.99,2.49,5997536134314,HRANA
SMAC EXPRESS OMAŠČ LIMUN 650ML,90166804,SMAC,0.65 l,ko,4.44,6.83,,4.44,4.44,8003650026705,SREDSTVA ZA ČIŠĆENJE
FRISKIES PICNIC GOVEDINA 42G,90170703,FRISKIES,0.04 kg,ko,0.79,18.81,,0.59,0.79,7613035219816,PROIZVODI ZA KUĆANSTVO
KAŠ LINO JAB KEKS 190G,90184183,LINO,0.19 kg,ko,1.59,8.37,,1.59,1.59,3850104280108,HRANA
KAŠA ZOB ČOK CHIA 50g ENCIAN,90186371,SUPERFOODS BY ENCIAN,0.05 kg,ko,0.89,17.8,,0.89,0.89,3858890101447,HRANA
PALAMIDA FIO,90217993,,1.00 kg,kg,11.99,11.99,,7.19,11.99,93856024301155,HRANA
JUNEĆA LEĐA SIRLOIN MATURO,90219273,,1.00 kg,kg,29.99,29.99,,29.99,29.99,,HRANA
VODA FUNKC JANA VIT LIM 0.5L,90219653,JANA,0.50 l,ko,1.19,2.38,,1.19,1.19,3858890871975,PIĆE
KEKS ŽITARICE BEZ ŠEĆ 300g MISURA,90221451,MISURA,0.30 kg,ko,3.58,11.93,,3.58,3.58,8002590043353,HRANA
DN UL OLEA ALOE VERA 50/1,90249944,OLEA,50.00 ko,ko,1.29,0.03,,1.29,1.29,3850334579515,TOALETNE POTREPŠTINE
CAPP FR IRISH CR 160g KUT,90281757,FRANCK,0.16 kg,ko,,20.56,3.29,3.29,3.89,3858881088344,HRANA
FILET SABLJARKE KONZUM,90298409,,1.00 kg,kg,15.39,15.39,,9.23,15.39,,HRANA
KOZICA 60/80 SVJ KONZUM,90298461,FIORITAL,1.00 kg,kg,15.39,15.39,,9.23,15.39,,HRANA
TOAST CLASSIC 500g TVOJIH 5 MINUTA,90299542,TVOJIH 5 MIN,0.50 kg,ko,1.49,2.98,,1.49,1.49,8606018730469,HRANA
ČOKOLADA RITTER SJECKANI LJEŠNJAK 100g,90307213,RITTER SPORT,0.10 kg,ko,1.79,17.9,,1.79,1.79,4000417222008,HRANA
POESIE KOLJA DELISAUCE 85g VITAKRAFT,90307694,VITAKRAFT,0.09 kg,ko,0.85,10,,0.85,0.85,4008239366658,PROIZVODI ZA KUĆANSTVO
KRUH PAN CEREA RUST BEZ GLU 250g SH,90317235,DR SCHAR,0.25 kg,ko,2.99,11.96,,2.99,2.99,8008698024188,HRANA
ŠUNKA DALMAT SUHA NAR 100g MAP PIVAC,90325041,PIVAC,0.10 kg,ko,3.35,33.5,,3.35,3.35,3858890183917,HRANA
SENDVIČ PUREĆA ŠUNKA PAK 210g MLINAR,90325416,MLINAR,0.21 kg,ko,3.49,16.62,,3.49,3.49,3858881125605,HRANA
GRISSINI PIZZA 125G AMOR DI PANE,90325480,AMOR DI PANE,0.13 kg,ko,1.29,10.32,,1.29,1.29,8005803010586,HRANA
KLICE ROTKVICE 70 grama,90344512,,0.07 kg,ko,2.19,31.29,,2.19,2.19,3857500059482,HRANA
DET OSJ VIOLETA COLOR 2.7L,90346417,VIOLETA,2.70 l,ko,9.29,3.44,,9.29,9.29,3870128017085,SREDSTVA ZA ČIŠĆENJE
MASLINE CRNE ILIADA 370g,90354870,ILIADA,0.37 kg,ko,4.49,12.14,,3.49,4.49,5201043001190,HRANA
SIR POLUTV ŠKRIPAVAC 250g DALM SIREVI,90354873,DALMATINSKI SIREVI,0.25 kg,ko,4.89,19.56,,4.89,4.89,3859893220050,HRANA
DEO OLD SPICE WHITEWATER 150ml,90360003,OLD SPICE,0.15 l,ko,,24.93,3.74,4.99,4.99,4084500479821,KOZMETIKA
SLAD GELATISSIMO BOURBON VANIL 2.4l,90360361,GELATISSIMO,2.40 l,ko,4.59,1.91,,3.99,4.59,3850334433787,HRANA
MIX ANAMARIA 3U1 STRONG 18g,90361820,ANAMARIA,0.02 kg,ko,0.37,20.56,,0.37,0.37,3858881774575,HRANA
ŠAMPON ELSEVE DREAM LONG 250ml,90361927,LOREAL ELSEVE,0.25 l,ko,,13.16,3.29,3.51,4.39,3600523756155,KOZMETIKA
MLIJ NAP POPY SHAKE ČOK 200ml VIND,90363579,Z BREGOV,0.20 l,ko,1.15,5.75,,1.15,1.15,3850108035407,HRANA
DET LIKVI ULTRA ORIGINAL 450ml,90369958,LIKVI,0.45 l,ko,1.39,3.09,,1.39,1.39,3850105170231,SREDSTVA ZA ČIŠĆENJE
DET LIKVI BALS 2IN1 CAM 900ml,90369967,LIKVI,0.90 l,ko,2.52,2.8,,1.89,2.52,3850105170682,SREDSTVA ZA ČIŠĆENJE
DATULJA PEKAN ORAH VEDRINI MIX 150g,90377899,VEDRINI,0.15 kg,ko,2.49,16.58,,2.29,2.29,3858889332289,HRANA
FRISKIES MM JUNIOR PIL 4X85g,90382004,FRISKIES,0.34 kg,ko,2.29,6.74,,1.79,2.29,7613036988124,PROIZVODI ZA KUĆANSTVO
SALAMA OD DIVLJAČI JELEN 250g,90382905,LOVSKI,0.25 kg,ko,5.97,23.88,,5.97,5.97,3859893534027,HRANA
KAVA PERFETTO BRAZIL NS 10/1 55g BAR,90386032,BARCAFFE,0.06 kg,ko,4.69,85.27,,4.69,4.69,3838471044462,HRANA
FUSILLI OD PIRO I BUČ BRAŠNA 500g MLIN PUKANIC,90404014,MLIN PUKANIĆ,0.50 kg,ko,2.69,5.38,,2.69,2.69,3859892888367,HRANA
ČOKOLADA TOBLERONE FRUIT&NUT 100g,90404711,TOBLERONE,0.10 kg,ko,,16.9,1.69,1.69,3.09,7622201137175,HRANA
DEKOR ROZI 10g DR OETKER,90412481,DR OETKER,0.01 kg,ko,0.69,69,,0.69,0.69,5907707059759,HRANA
GEL TUŠ LACTOVIT UREA 300ml,90425049,LACTOVIT,0.30 l,ko,2.65,8.83,,2.65,2.65,8595059740295,KOZMETIKA
RAŽA PARANGAL RZ KOMIŽA,90428170,RZ KOMIŽA,1.00 kg,kg,7.39,7.39,,4.43,7.39,,HRANA
DET FROSCH LIMETA 500ml,90433133,FROSCH,0.50 l,ko,1.59,3.18,,1.11,1.59,4009175176172,SREDSTVA ZA ČIŠĆENJE
LIGNJA II KOĆA ŽUVELA,90442961,ŽUVELA,1.00 kg,kg,10.49,10.49,,6.29,10.49,,HRANA
PRALINE I LOVE MILKA NOUGAT 110g,90035758,MILKA,0.11 kg,ko,4.99,45.36,,3.74,4.99,7622210597380,HRANA
SOK 100% JABUKA JUICY 1L,90037585,JUICY,1.00 l,ko,2.29,2.29,,2.19,2.29,3858890970210,PIĆE
PANIRANI POLUTV SIR EDAMAC 600g SMRZ,90040071,VINDIJA,0.60 kg,ko,7.49,12.51,,7.49,7.49,3850159141812,HRANA
VODICA LISTERINE TOTAL CARE 250ml,90056395,LISTERINE,0.25 l,ko,4.99,19.96,,4.99,4.99,3574660415483,KOZMETIKA
SOK 100% JABUKA JUICY KIDS 0.2L,90058756,JUICY,0.20 l,ko,0.79,3.95,,0.69,0.79,3858890976571,PIĆE
DEO GARN PROT 5 FRESH FLORAL 150ml,90080855,GARNIER,0.15 l,ko,,24.6,3.69,4.59,4.99,3600542119825,KOZMETIKA
SPUŽVICA INOX VILEDA GLITZI 2/1,90082123,VILEDA,1.00 ko,ko,4.35,4.35,,3.04,4.35,4023103172036,PROIZVODI ZA KUĆANSTVO
PAŠTETA ČAJNA  U TUBI 150g,90083368,GAVRILOVIĆ,0.15 kg,ko,2.49,16.6,,2.49,2.49,3858881226579,HRANA
PAPAR BIJELI ZRNO  U STAK BOČICI MLIN 52gr,90091210,ŠAFRAM,0.05 kg,ko,2.65,50.96,,2.65,2.65,3859892109240,HRANA
BOMBONI KISELI CRVI 100g TROLLI,90153620,TROLLI,0.10 kg,ko,1.65,16.5,,1.65,1.65,4003084319385,HRANA
RAKOVICA,90159026,,1.00 kg,kg,19.49,19.49,,11.69,19.49,,HRANA
GRAH KRUPNI BIJELI 400g PODRAVKA,90219181,PODRAVKA,0.40 kg,ko,1.39,3.48,,1.39,1.39,3850104283536,HRANA
ACETO BALSAMICO 500ml BIO ZONE,90229642,BIO ZONE,0.50 kg,ko,3.19,6.38,,3.19,3.19,3838900832219,HRANA
ŠAMPON FRUCTIS GROW STRONG 400ML,90235545,GARNIER FRUCTIS,0.40 l,ko,,7.85,3.14,4.29,4.49,3600541922822,KOZMETIKA
FLIPS LUMPI KIKIRIKI 40G,90251886,LUMPI,0.04 kg,ko,0.25,6.25,,0.25,0.25,3850334598776,HRANA
PRŠUT NARESCI 90G,90280107,DOBRO,0.09 kg,ko,3.39,37.67,,2.69,3.39,3850133800773,HRANA
NEKTAR NARANČA 1L,90300927,VINDI,1.00 l,ko,1.59,1.59,,1.59,1.59,3850108071351,PIĆE
ZAČIN BOTANICA PAPAR ROZI,90310996,BOTANICA,1.00 ko,ko,5.29,5.29,,5.29,5.29,3858893370888,PIĆE
RAKIJA TRAVARICA 37.5% 0.1L,90320250,MARASKA,1.00 l,ko,1.69,1.69,,1.69,1.69,3850158302054,PIĆE
VINO VV VRANAC VINEA KV 5L bib,90339652,VIZBA VALANDOVO,5.00 l,ko,15.99,3.2,,15.99,15.99,5310122000112,PIĆE
ČIPS JABUKA CIMET 30g VELI S,90361640,VELI'S,0.03 kg,ko,0.99,33,,0.99,0.99,3859891308880,HRANA
DET LIKVI ULTRA FRESH 450ml,90365160,LIKVI,0.45 l,ko,1.39,3.09,,1.39,1.39,3850105170101,SREDSTVA ZA ČIŠĆENJE
ROLL ON BIOBAZA GENTLEMEN 50ml,90669335,BIOBAZA,1.00 ko,ko,,2.89,2.89,3.85,3.85,3856020911423,KOZMETIKA
ŠAMPON SCHAUMA FOR MEN 750ml,90669375,SCHAUMA,0.75 l,ko,7.99,10.65,,7.99,7.99,9000101681185,KOZMETIKA
ČETKICA CURAPROX KIDS,90669839,CURAPROX,1.00 ko,ko,5.99,5.99,,5.99,5.99,7612412427967,KOZMETIKA
SOK 100% MOJ DAN NARANČA 1L,90683052,MOJ DAN,1.00 l,ko,1.59,1.59,,1.59,1.59,3850334020888,PIĆE
VAFL PRUTIĆI FINESSE KAKAO 250g,90698065,FINESSE,0.25 kg,ko,1.89,7.56,,1.89,1.89,3850334035943,HRANA
MUESLI GRANOLA PROT BROW/CHERR 300g,90698513,SANTE,0.30 kg,ko,4.99,16.63,,4.99,4.99,5900617043481,HRANA
DET SUĐE VIO BADEM 450ml,90683085,VIO,0.45 l,ko,1.59,3.53,,1.19,1.59,3870128034501,SREDSTVA ZA ČIŠĆENJE
DET WEISSER RIE GEL UNIV 2.25L 50pr,90698974,WEISSER RIESE,2.25 l,ko,16.99,7.55,,10.99,16.99,9000101564365,SREDSTVA ZA ČIŠĆENJE
DET WEISSER RIE COLOR ORCH 40tab,90698978,WEISSER RIESE,40.00 ko,ko,16.99,0.42,,10.99,16.99,9000101802375,SREDSTVA ZA ČIŠĆENJE
COCKTAIL RTD HAVANA CLUB COLA 0.33L,90703889,HAVANA,0.33 l,ko,3.05,9.24,,3.05,3.05,4005971394307,PIĆE
FLIPS SMOKI WOW ČOKOLADA 70g,90704843,SOKO ŠTARK,0.07 kg,ko,1.29,18.43,,1.29,1.29,8600939508183,HRANA
NAPITAK SOJA 1L VIVICOSI,90705129,VIVICOSI,1.00 l,ko,1.69,1.69,,1.69,1.69,8032625480433,HRANA
ŠLJIVA SEEBERGER SUHA MEKA B/K 200g,90705718,SEEBERGER,0.20 kg,ko,3.99,19.95,,3.99,3.99,4008258291016,HRANA
VODA FUNKC. RADENSKA ANTISTRESS 0.5L,90705866,RADENSKA,0.50 l,ko,1.15,2.3,,1.15,1.15,3830065023051,PIĆE
ŠTAPIĆI CHIO SLANI 190g,90706183,CHIO,0.19 kg,ko,1.99,10.47,,1.99,1.99,5996253001541,HRANA
KUKURUZ PRŽENI SLANI 55g MOGY,90706827,MOGYI,0.06 kg,ko,0.79,14.36,,0.59,0.79,5997347540137,HRANA
KAŠICA ORG GERBER BAT/POV/PIL 190g,90707518,GERBER,0.19 kg,ko,2.65,13.95,,2.65,2.65,7613036986458,HRANA
KOBASICE ROŠTILJ 320g KUDELIĆ,90713563,KUDELIĆ,0.32 kg,ko,,9.34,2.99,3.49,3.49,3859891672608,HRANA
HREN K PLUS 260g,90714424,K PLUS,0.26 kg,ko,1.59,6.12,,1.29,1.59,3850334063144,HRANA
JOG VOĆ MIX DRINK 150g Z BREGOV,90714760,Z BREGOV,0.15 kg,ko,0.55,3.67,,0.55,0.55,3850108037494,HRANA
FLIPS ČOKO STOBI 80g VITAMINKA,90715161,CHOCO STOBI,0.08 kg,ko,1.69,21.13,,1.69,1.69,5310005004145,HRANA
OM ORNEL CALMING 1.6L + 200ml,90719828,ORNEL,1.80 l,ko,2.99,1.66,,2,2.99,3850105186096,SREDSTVA ZA ČIŠĆENJE
KAVA RISTRET ESP NS 10/1 57g LAVAZZA,90725303,LAVAZZA,0.06 kg,ko,5.59,98.07,,5.59,5.59,8000070053564,HRANA
LIP BALM LABELLO CHERRY SHINE 4.8g,90726936,LABELLO,0.01 kg,ko,4.45,927.08,,4.45,4.45,9005800362946,KOZMETIKA
KREMA MELEM COLD CREAM 35ml,90730130,MELEM,0.04 l,ko,,156.86,5.49,5.43,6.79,3856007910067,KOZMETIKA
RIBLJI ŠTAPIĆI ZLATNA PAN 224g LEDO,90730637,LEDO,0.22 kg,ko,2.99,13.34,,2.24,2.99,3850116066578,HRANA
FEFERONI BLAGI 250/580g TOMAŠEC,90731306,OPG TOMAŠEC,0.25 kg,ko,3.59,14.36,,3.59,3.59,3850334073815,HRANA
ČIPS PRINGLES CHEESY CHEESE 165g,90731460,PRINGLES,0.17 kg,ko,,11.45,1.89,3.49,3.49,5053990106981,HRANA
ŠUNKA WEIN SCHWARZWALD NAR 500g,90732081,WEIN,0.50 kg,ko,6.99,13.98,,6.99,6.99,4003419026551,HRANA
DR BECKMANN IZBJ ZAVJESA 80g,90732132,BECKMANN,0.08 kg,ko,1.59,19.88,,1.11,1.59,4008455569017,SREDSTVA ZA ČIŠĆENJE
ŠUNKA PUREĆA SLAVONKA NAR 100g,90732791,VINDON,0.10 kg,ko,2.59,25.9,,2.59,2.59,3850159128943,HRANA
PIRE VOĆ TAKE IT EASY 180g NUTRINO LAB,90734839,NUTRINO LAB,0.18 kg,ko,2.25,12.5,,2.25,2.25,8606019653699,HRANA
MUESLI CRUNCH NATUREL MIXED NUTS 350g,90734965,NATUREL,0.35 kg,ko,,7.4,2.59,2.59,3.59,3858889366642,HRANA
SENF ESTRAGON K PLUS 350g,90734974,K PLUS,0.35 kg,ko,1.59,4.54,,1.19,1.59,3850334070685,HRANA
ŠAMPON OLEA MASNA KOSA 300ml,90735077,OLEA,0.30 l,ko,1.29,4.3,,1.29,1.29,3850334073693,KOZMETIKA
DET PERSIL UNIVERSAL 54TAB,90744955,PERSIL,54.00 ko,ko,18.99,0.35,,18.99,18.99,9000101801323,SREDSTVA ZA ČIŠĆENJE
VLASAC GRANULE 10g SOTINAC,90750982,OPG SOTINAC,0.01 kg,ko,1.09,109,,1.09,1.09,3859893718359,HRANA
ŽICA INOX DRŠKA REKORD,90754963,REKORD TIM,1.00 ko,ko,2.15,2.15,,2.15,2.15,3858882683425,PROIZVODI ZA KUĆANSTVO
TIJESTO PENNE 1kg PASTA ZARA,90754971,PASTA ZARA,1.00 kg,ko,2.39,2.39,,2.39,2.39,8004350120496,HRANA
ČIPS DORITOS NACHO SIR 90g,90754984,DORITOS,0.09 kg,ko,1.99,22.11,,1.69,1.99,8606017379393,HRANA
JOGURT KRUŠ KAR 1L TTOP Z BREGOV,90759910,Z BREGOV,1.00 l,ko,2.49,2.49,,2.49,2.49,3850108037593,HRANA
PLOČICA BADEM ČOK 100g DELAVIUDA,90759935,DELAVIUDA,0.10 kg,ko,4.59,45.9,,4.59,4.59,8410223907871,HRANA
KIKIRIKI CHIO PRŽEN NESLANI 125g,90764989,CHIO,0.13 kg,ko,1.79,14.32,,1.79,1.79,3856021306174,HRANA
TLAČENICA 500g PIVAC,90765108,PIVAC,0.50 kg,ko,3.49,6.98,,2.62,2.62,3858884998688,HRANA
KVINOJA CRVENA VEDRINI 400 g,90765250,VEDRINI,0.40 kg,ko,3.09,7.73,,3.09,3.09,3858889332999,HRANA
ARBUN III TOTAL FISH ,90769927,TOTAL FISH,1.00 kg,kg,4.49,4.49,,2.69,4.49,,HRANA
DRESSING  JOGURT 50ml VREĆ KUHNE,90770075,KUHNE,0.05 l,ko,0.79,15.8,,0.79,0.79,4012200391723,HRANA
VODICA LACALUT MICEL MULTI-EF 500 ml,90775494,LACALUT,0.50 l,ko,5.59,11.18,,4.45,5.59,4016369541975,KOZMETIKA
NEG PIĆE TOCO LIMUN KRASTAVAC 0.5 L,90784815,TOCO,0.50 l,ko,1.05,2.1,,1.05,1.05,3856028501091,PIĆE
BRANCIN 3000+,90794730,ŽUVELA,1.00 kg,kg,27.99,27.99,,16.78,27.99,,HRANA
SIRNI NAMAZ LABNE 200 g PRESIDENT,90794881,PRESIDENT,0.20 kg,ko,1.99,9.95,,1.99,1.99,8692971430942,HRANA
KEKS BAIOCCHI 260 g BARILLA,90800102,BARILLA,0.26 kg,ko,3.35,12.88,,2.51,3.35,8076809573252,HRANA
SENDVIČ POHANA PILETINA MINUTE 230 g,90800569,MINUTE,0.23 kg,ko,2.99,13.01,,2.99,2.99,3850334421210,HRANA
KEKS VANILLA CHOC DROPS 50g KOOKIE CAT,90739987,KOOKIE CAT,0.05 kg,ko,1.99,39.8,,1.59,1.99,3800232730518,HRANA
DAX RUKAVICE NITRIL BEZ PUD CRN M 100/1,90745170,DAX,100.00 ko,ko,5.99,0.06,,4.99,5.99,3850334070975,PROIZVODI ZA KUĆANSTVO
INSTANT NESCAFE CREMA VR REFILL 150 g,90750906,NESCAFE,0.15 kg,ko,7.99,53.27,,7.99,7.99,8445291256323,HRANA
MIX NESCAFE FRAPPE 3U1 8/1 120 g VR,90750919,NESCAFE,0.12 kg,ko,2.99,24.92,,2.29,2.99,8445291183049,HRANA
TIJESTO SPIRALI 1kg PASTA ZARA,90754973,PASTA ZARA,1.00 kg,ko,2.39,2.39,,2.39,2.39,8004350120571,HRANA
PROSCIUTTO COTTO SENFTER,90765365,SENFTER,1.00 kg,kg,10.99,10.99,,8.99,10.99,,HRANA
ŠAMPON H&S 2IN1 APPLE 330 ml,90771183,HEAD&SHOULDE,0.33 l,ko,6.69,20.27,,3.29,6.69,8700216304689,KOZMETIKA
UMAK HRUSTY BBQ DIP 300g,90784740,HRUSTY,0.30 kg,ko,0.5,1.67,,0.5,1,3850334113870,HRANA
KAVA LEDENA LANDESSA ESPRESSO 230 ML,90789812,LANDESSA,0.23 l,ko,1.99,8.66,,1.99,1.99,9004380014405,HRANA
THE PINK STUFF PASTA 850 g,90789825,THE PINK STUFF,0.85 kg,ko,5.55,6.53,,5.55,5.55,5060033821114,SREDSTVA ZA ČIŠĆENJE
HRENOVKE COCKTAIL WUDY 350 g,90795037,WUDY,0.35 kg,ko,2.19,6.26,,2.19,2.19,8008110040543,HRANA
MIX NESCAFE FRAPPE 3U1 15g,90795083,NESCAFE,0.02 kg,ko,0.35,23.33,,0.35,0.35,8445291182646,HRANA
PREVITAL MM NATIONS KITCHEN 24X85 g,90800486,PREVITAL,2.04 kg,ko,6.99,3.43,,6.99,6.99,5999566111662,PROIZVODI ZA KUĆANSTVO
LIP BALM MELEM L&C BOUGAINVILLEA 4.5 g,90809695,MELEM,1.00 ko,ko,,3.25,3.25,3.19,3.99,3856007912122,KOZMETIKA
TRAKA ZA ISTEZANJE ZOE LJUBIČASTA,90810002,ZOE,1.00 ko,ko,4,4,,4,4,3856026711546,HRANA
KOZICA KOLUTIĆI 230 g SPECIAL MOMENTS,90825093,SPECIAL MOMENTS,0.23 kg,ko,5.99,26.06,,4.49,5.99,3850334420527,HRANA
DRAGEE SPE MOME JAGODA BJ ČOKO 125g,90825478,SPECIAL MOMENTS,0.13 kg,ko,5.99,47.92,,4.19,5.99,3850334420305,HRANA
SNACK DRAGEELINOS BEZ DOD ŠEĆ 40 g NEOH,90826013,NEOH,0.04 kg,ko,2,50,,2,2,9120085631201,HRANA
ULJE KOKOS HLA PREŠ BIO ZONE 500 ml,90826050,BIO ZONE,0.50 l,ko,3.49,6.98,,3.49,3.49,3838900841099,HRANA
NAPITAK HELL GOJI BERRY 0.5 L,90826162,HELL,0.50 l,ko,1.69,3.38,,1.29,1.69,5999571054695,PIĆE
BOMBONI NIM2 MINIS 20/1 210g,90826367,NIMM2,0.21 kg,ko,2.99,14.24,,2.99,2.99,4014400904253,HRANA
DET ARIEL EXTRA CLEAN 80 TAB,90830356,ARIEL,80.00 ko,ko,32.99,0.41,,32.99,32.99,8700216580991,SREDSTVA ZA ČIŠĆENJE
NARANČA DEHIDRIRANA VEEMEE 30 g,90850430,VEEMEE,0.03 kg,ko,3.49,116.33,,3.49,3.49,3859894055460,HRANA
KAŠA ZOB RISE&SMILE ČOKO CHIA 65 g,90854779,RISE&SMILE,0.07 kg,ko,0.55,8.46,,0.55,0.55,3850334431882,HRANA
KAVA RITUAL ARAB MAXX NS 30/1 168 g,90854993,RITUAL,0.17 kg,ko,6.99,41.61,,6.99,6.99,3850334431325,HRANA
KEKS FINESSE ČAJNO PECIV KAKAO 250 g,90859654,FINESSE,0.25 kg,ko,1.79,7.16,,1.29,1.79,3850334432933,HRANA
MANGO BY AIR,90869852,,0.55 kg,ko,5.99,10.89,,5.99,5.99,3856028689805,HRANA
KAVA ARABESCA HARM ESPR ZRNO 250 g,90874752,ARABESCA,0.25 kg,ko,7.99,31.96,,7.99,7.99,3858886805304,HRANA
ČOKOLAD TAMNA 70% NARANČA 100 gVALO,90880112,VALOR,0.10 kg,ko,2.99,29.9,,1.99,2.99,8410109050523,HRANA
VRH ZA KUH PAN DA CUC 20%M 200 ml ME,90886158,MEGGLE,0.20 kg,ko,1.89,9.45,,1.89,1.89,4034900027429,HRANA
UMAK RAJČICA BOSILJ 330 g AGROMONTE,90886570,AGROMONTE,0.33 kg,ko,3.99,12.09,,3.99,3.99,8032817246045,HRANA
ŠTRU FINESSE ČOKO JABUKA CIMET 145 g,90889649,FINESSE,0.15 kg,ko,1.19,8.21,,1.19,1.19,3850334437051,HRANA
DESERT MILKA WAFFELINI CHOCO 31 g,90889952,MILKA,0.03 kg,ko,0.89,28.71,,0.79,0.79,7622202286742,HRANA
TIJESTO CHLORELLE 250 g MARODI,90890023,MARODI,0.25 kg,ko,3.99,15.96,,3.99,3.99,3859894191137,HRANA
LEDENI ČAJ ŠUM VOĆE JUICY 0.5 L,90890139,JUICY,0.50 l,ko,1.05,2.1,,1.05,1.05,3858890977936,PIĆE
DET PERSIL COLOR 32TAB,90899884,PERSIL,32.00 ko,ko,10.49,0.33,,10.49,10.49,9000101800104,SREDSTVA ZA ČIŠĆENJE
UMAK SALSA MILD CHIO DIP 200g,01319045,CHIO,0.20 kg,ko,2.99,14.95,,2.99,2.99,4001242108222,HRANA
GROŽĐE BIJELO,01411025,,1.00 kg,kg,3.99,3.99,,2.99,3.99,3850334173607,HRANA
KOMPOT VIŠNJA BEZ KOŠT 340G,01470453,SLOVA,0.34 kg,ko,1.75,5.15,,1.75,1.75,3850334234988,HRANA
UMAK SLATKO KISELI 250ML YOUWOK,01491663,YOUWOK,0.25 l,ko,3.35,13.4,,3.35,3.35,8717228380044,HRANA
UMAK OD LJUTIH PAPR SAMBAL 200g YOUW,01491664,YOUWOK,0.20 kg,ko,2.79,13.95,,2.79,2.79,8717228380013,HRANA
SALATA MIJEŠANA PODRAVKA 300g,01550164,PODRAVKA,0.30 kg,ko,2.69,8.97,,2.69,2.69,3850104051319,HRANA
RAJČICA POMIDORINI 400g MUTTI,01576019,MUTTI,0.40 kg,ko,1.5,3.75,,1.5,1.5,8005110550508,HRANA
CIKLA 530/370 g NATURETA,01590159,NATURETA,0.37 kg,ko,2.35,6.35,,2.35,2.35,3830003054338,HRANA
KITTY SM RIBA 400G,01640552,KITTY,0.40 kg,ko,0.95,2.38,,0.79,0.95,3850334046833,PROIZVODI ZA KUĆANSTVO
POSLASTICA SP BONAS PILET 80g VITAK,01642197,VITAKRAFT,0.08 kg,ko,3.35,41.88,,3.35,3.35,4008239585813,PROIZVODI ZA KUĆANSTVO
SIR TVRDI MIJEŠANI 45% ŠPIN,02055425,ŠPIN,1.00 kg,kg,27.99,27.99,,21.99,27.99,3858881191693,HRANA
SIR MEKI PUNOMASNI SALAKIS 250g DUK,02103166,PRESIDENT,0.25 kg,ko,4.79,19.16,,3.89,4.79,3850355001637,HRANA
SKUŠA S POVRĆEM IZOLA BRAND 125g,02190198,DELAMARIS,0.13 kg,ko,2.69,21.52,,2.69,2.69,3838929567802,HRANA
ZAMJE KAVIJAR CRNI KAPEL 100g KLAROM,02197069,FRIEDRICHS,0.10 kg,ko,6.29,62.9,,6.29,6.29,5709505830024,HRANA
OSLIĆ II SVJ FIORITAL,02197523,,1.00 kg,kg,8.09,8.09,,4.85,8.09,93856024302060,HRANA
ŠKARPINA 800/1500 MEDUZA,02197638,,1.00 kg,kg,39.99,39.99,,23.98,39.99,,HRANA
TRLJA III SVJ CENTAURUS,02197740,,1.00 kg,kg,2.09,2.09,,1.25,2.09,,HRANA
GEL TUŠ PALM ALMOND MILK 750ml,90378115,PALMOLIVE,0.75 l,ko,6.49,8.65,,6.49,6.49,8693495031158,KOZMETIKA
 PIVO HLADNO PIVO 0.5L NB,90380397,MEDVEDGRAD,0.50 l,ko,2.39,4.78,,2.39,2.39,3859893357053,PIĆE
NAPITAK OD BAD NEZAS EKO 1L SCOTTI,90386197,RISO SCOTTI,1.00 l,ko,2.65,2.65,,2.65,2.65,8001860220746,HRANA
VISKI CHIVAS REGAL 12YO 0.5L PER TR,90394556,CHIVAS REGAL,0.50 l,ko,22.05,44.1,,22.05,22.05,080432402733,PIĆE
JAJA SVJ M 10/1 SL UZGOJ AGRO-KLASTER,90403566,AGRO KLASTER,10.00 ko,ko,3.19,0.32,,2.59,3.19,3857500091703,HRANA
KOBASICE SUHE ISTAR RUŽMAR 167g BURETIĆ,90404125,BURETIĆ,0.17 kg,ko,7.19,43.05,,7.19,7.19,3859893159091,HRANA
KEKS PLAZMA KOCKA ČOKO PRELJ 135g,90404751,BAMBI,0.14 kg,ko,2.35,17.41,,2.35,2.35,8600043028263,HRANA
PRIPRAVAK ZA ŠLAG SPRAY HOPLA 250g,90405506,HOPLA,0.25 kg,ko,2.49,9.96,,2.49,2.49,8000005026069,HRANA
MLIJEKO ZAMJ HIPP BIO 12+ 600g,90407588,HIPP,0.60 kg,ko,12.59,20.98,,12.59,12.59,4062300355446,HRANA
PAPAR CRNI ZRNO 50g KOTANYI,90412432,KOTANYI,0.05 kg,ko,2.35,47,,2.09,2.35,9001414707364,HRANA
VAFL HAPPY SWING ROLICE KAKAO 150g,90422806,FLIS,0.15 kg,ko,1.25,8.33,,1.25,1.25,5908234805635,HRANA
TJESTENINA S GLJIVAMA 160g MINUTE,90424931,MINUTE,0.16 kg,ko,1.69,10.56,,1.29,1.69,3850334237255,HRANA
PUDER DJ BECUTAN 200g,90437967,BECUTAN,0.20 kg,ko,,21.9,4.38,5.49,5.49,5310001261481,KOZMETIKA
TUNJ KOM BILJ ULJE 2X80g EVA,90442831,EVA,0.10 kg,ko,4.29,41.25,,4.29,4.29,3850104301353,HRANA
 TJESTENINA MEZZI RIGATONI 500g RUMMO,90447812,RUMMO,0.50 kg,ko,1.99,3.98,,1.99,1.99,8008343200516,HRANA
ČAJ K PLUS ŠIPAK HIBISKUS 20X2.5g,90453802,K PLUS,0.05 kg,ko,1.25,25,,1.25,1.25,3850334240149,HRANA
PANCETA DALMATINSKA CCA 1.2kg PIVAC,90453957,PIVAC,1.00 kg,kg,12.49,12.49,,12.49,12.49,3858884996301,HRANA
DET ČARLI BALSAM 450ml,90468622,ČARLI,0.45 l,ko,1.39,3.09,,1.29,1.29,3850111304163,SREDSTVA ZA ČIŠĆENJE
PATRONE GILL MACH3 5/1,90478656,GILLETTE,5.00 ko,ko,17.79,3.56,,17.79,17.79,7702018552313,KOZMETIKA
VINO  RUKATAC PALIHNIĆ 0.75l,90484944,VINA PALIHNIĆ,0.75 l,ko,5.29,7.05,,3.95,3.95,3859892911133,PIĆE
CHORIZO SARTA DOUX 200g ELPOZO,90486177,ELPOZO,0.20 kg,ko,3.79,18.95,,3.79,3.79,8410843116561,HRANA
PRŠUT IBERICO 60g NAR ELPOZO,90486179,ELPOZO,0.06 kg,ko,4.78,79.67,,4.78,4.78,8410843110453,HRANA
PAŠTETA KOK EKST PIKANT 95 g ARGETA,90885806,ARGETA,0.10 kg,ko,1.49,15.68,,1.49,1.49,3838471052771,HRANA
PEDIGREE SP 2X500 g+DENT 77 g,90890232,PEDIGREE,1.00 ko,ko,5.99,5.99,,5.99,5.99,3856027801888,PROIZVODI ZA KUĆANSTVO
TIJESTO FUŽI JAJA 400 g MARODI,90890517,MARODI,0.40 kg,ko,2.99,7.48,,2.99,2.99,3859888666405,HRANA
DIVLJA ORADA 200-400 MEDUZA,02193136,,1.00 kg,kg,24.99,24.99,,14.98,24.99,,HRANA
TORTELLINI DALMAT PRŠUT 250g KLASJE,02373691,AURELIA,0.25 kg,ko,2.89,11.56,,2.79,2.89,3859890561071,HRANA
PRELJEV ZA TORTU TORTENGUS 13g PODRA,04183266,DOLCELA,0.01 kg,ko,0.99,76.15,,0.99,0.99,3850104219474,HRANA
BLAZINICE CAROLI 120/1,90062939,JEAN CAROL,120.05 ko,ko,2.06,0.02,,2.06,2.06,4000576397821,TOALETNE POTREPŠTINE
DŽEM MARELICA I MANDAR K PLUS 840g,90067424,K PLUS,0.84 kg,ko,3.45,4.11,,3.45,3.45,3850334351029,HRANA
FONDANT MASA ŠARENA 500g DR OETK,90083621,DR OETKER,0.50 kg,ko,8.38,16.76,,8.38,8.38,5000254019631,HRANA
SER. ZA KOSU PANT KER.REP.OIL 100ML,90108239,PANTENE,0.10 l,ko,7.29,72.9,,5.45,5.45,8006540124758,KOZMETIKA
NAMAZ SIR SVJEŽI VIVIS 200 g   ,90111765,VIVIS,0.20 kg,ko,2.19,10.95,,1.89,2.19,3850108058482,HRANA
PAŠTETA TUNA SICILIANA ARGETA 95g,90113349,ARGETA,0.10 kg,ko,1.99,20.95,,1.69,1.99,3838471015868,HRANA
PAŠTETA ČAJNA ARGETA 3X95g,90147547,ARGETA,0.29 kg,ko,3.79,13.3,,3.79,3.79,3838471027946,HRANA
PRSA PILEĆA U OVITKU NAR 100g,90154127,CEKIN,0.10 kg,ko,2.19,21.9,,2.19,2.19,3850159123306,HRANA
BOJA PALETTE ICC LG5 SVJ NOUGAT,90155177,PALETTE ICC,1.00 ko,ko,,3.49,3.49,3.49,3.49,3838824307480,KOZMETIKA
DEO NIVEA FRESH OCEAN ROLL ON M 50ml,90168627,NIVEA,0.05 l,ko,,67.8,3.39,4.19,5.59,42277903,KOZMETIKA
FRATAR SVJEŽI,90280265,,1.00 kg,kg,8.19,8.19,,4.91,8.19,,HRANA
GEL ZA TUŠ DOVE M C FRESH 400ML,90281942,DOVE,0.40 l,ko,5.99,14.98,,5.99,5.99,8710908317828,KOZMETIKA
PIVO KRUŠOVICE LIM 0.5l,90290784,KRUŠOVICE,0.50 l,ko,1.59,3.18,,1.59,1.59,8594009921449,PIĆE
KAVA ILLY MLJEV 131g,90295456,ILLY,0.13 kg,ko,9.99,76.26,,9.99,9.99,8003753130415,HRANA
KRANJSKA KOB 300g VAC PODRAVKA,90317250,PODRAVKA,0.30 kg,ko,3.99,13.3,,3.29,3.99,3856020213602,HRANA
RUMBAC SVJ MEDUZA,90325616,MEDUZA,1.00 kg,kg,8.59,8.59,,5.15,8.59,,HRANA
PEL PAMPERS AB MAXIPACK S5 54/1,90335550,PAMPERS,54.03 ko,ko,,0.28,14.99,14.99,14.99,8006540045657,TOALETNE POTREPŠTINE
KREMA NIVEA PROT BORA 65+ DAN 50ml,90341095,NIVEA,0.05 l,ko,,143.8,7.19,10.29,10.29,9005800311241,KOZMETIKA
SLAD HAAGEN DAZS BELG CHOCO 460 ML,90360180,HAAGEN DAZS,0.46 l,ko,7.49,16.25,,7.49,7.49,3415581113839,HRANA
KAVA JACOBS MONARCH MLJ 200g,90360188,JACOBS,0.20 kg,ko,5.09,25.45,,5.09,5.09,8711000892749,HRANA
LIGNJA JAR ŽUVELA,90370320,ŽUVELA,1.00 kg,kg,15.59,15.59,,7.79,14.19,,HRANA
VODICA USTA OB DESNI&CAKL 500ml,90377718,ORAL B,0.50 l,ko,,6.58,3.29,4.39,4.39,8001090720399,KOZMETIKA
MAJONEZA THOMY 85g TUBA,90395762,THOMY,0.09 kg,ko,1.59,18.71,,1.59,1.59,7613287084620,HRANA
DET NILA MY SENSUAL BLACK 2.7L,90404638,NILA,2.70 l,ko,9.29,3.44,,4.64,9.29,3850105169631,SREDSTVA ZA ČIŠĆENJE
HRENOVKA CEKIN 1200g VINDIJA,90408471,CEKIN,1.20 kg,ko,3.05,2.54,,3.05,3.05,3850159121265,HRANA
INĆUN JADRANSKI  PANIRANI FILETI 250g,90453064,PELAGOS,0.25 kg,ko,3.99,15.96,,3.59,3.99,3859893545580,HRANA
SIRUP JABUKA LIM TRAVA FRUCTAL  1L,90484512,FRUCTAL,1.00 l,ko,2.99,2.99,,2.59,2.59,3838945038928,PIĆE
KRUH CHIA 400g PAK MLINAR,90485261,MLINAR,0.40 kg,ko,,4.48,1.79,1.79,1.79,3858889894039,HRANA
SIR TVRDI OTOČAN 300g MIH,90486865,SIRANA MIH,0.30 kg,ko,8.49,28.3,,6.29,8.49,3859891700622,HRANA
PRŠUT DALM 80g NAR PODRAVKA,90487375,PODRAVKA,0.08 kg,ko,3.71,46.38,,3.71,3.71,3856020245580,HRANA
SLANUTAK NA PARI 310/265g BONDUELLE,90493831,BONDUELLE,0.27 kg,ko,1.69,6.38,,1.18,1.69,3083681003949,HRANA
ŠUNKA KUHANA 100g BURETIĆ,90514254,BURETIĆ,0.10 kg,ko,3.89,38.9,,3.89,3.89,3859893159466,HRANA
VINO GRAŠEVINA TERRA VINEA 0.75L,90528177,TERRA VINEA,0.75 l,ko,4.99,6.65,,4.99,4.99,3850334519566,PIĆE
DESERT TORTICA CRUNCHY 21g KRAŠ,90528272,TORTICA,0.02 kg,ko,0.55,26.19,,0.39,0.55,3850102521449,HRANA
KAKAO NESQUIK DOLCE GUSTO 16/1 256g,90568680,DOLCE GUSTO,0.26 kg,ko,6.49,25.35,,5.29,6.49,7613033160141,HRANA
SAPUN INT AFROD PROBIO TH 200ml,90571592,AFRODITA,0.20 l,ko,5.69,28.45,,5.69,5.69,3831070661870,KOZMETIKA
KOBASICE S DIVLJAČI  320g,90577894,LOVSKI,0.32 kg,ko,4.71,14.72,,2.79,4.71,3859893534287,HRANA
FELIX MM PILETINA 85g,90582728,FELIX,0.09 kg,ko,0.79,9.29,,0.65,0.79,7613287489975,PROIZVODI ZA KUĆANSTVO
PUDING PROTEIN ČOKOLADA 200g ZOTT,90593618,ZOTT,0.20 kg,ko,1.06,5.3,,0.89,0.89,4014500519142,HRANA
ŠUNKA DALMAT SUHA 1/2 BK VP PIVAC,90598410,PIVAC,1.00 kg,kg,24.99,24.99,,17.99,24.99,3858890180220,HRANA
BOMBON RICOLA GINGER ORANGEMINT 40g,90598903,RICOLA,0.04 kg,ko,1.59,39.75,,1.59,1.59,7610700015513,HRANA
ZAČIN GRILL CLASSIC 100g VEGETA NATUR,90599380,VEGETA NATUR,0.10 kg,ko,1.79,17.9,,1.35,1.79,3856020251611,HRANA
PROSECCO MIONETTO VALD.YELLOW 0.75L,90600161,MIONETO,0.75 l,ko,19.29,25.72,,19.29,19.29,8006220001942,PIĆE
DET ECOVER UNIVERZAL 1L=20PR,90600480,ECOVER,1.00 l,ko,8.79,8.79,,6.79,8.49,5000204246520,SREDSTVA ZA ČIŠĆENJE
RAMA CLASSIC 400g,90602754,RAMA,0.40 kg,ko,1.99,4.98,,1.99,1.99,8719200115033,HRANA
KOLAČ ORAH-MAK-SIR-JABUKA 240g,90607768,,0.24 kg,ko,3.35,13.96,,3.35,3.35,3859891673155,HRANA
VAFL LOACKER PEANUT BUTTER 175g,90607932,LOACKER,0.18 kg,ko,2.19,12.51,,1.59,2.19,8000380205523,HRANA
DŽEM EKSTRA SMOKVA/NARANČA 240g MARINA,90617856,MARINA,0.24 kg,ko,3.69,15.38,,3.69,3.69,3859888295742,HRANA
INĆUN SVJ PELAGOS ,90623450,PELAGOS,1.00 kg,kg,3.29,3.29,,1.97,3.29,,HRANA
PROTEIN PRO WHEY MILK CHOCOLATE 30g,90623656,POLLEO,0.03 kg,ko,1.99,66.33,,1.99,1.99,3856026800554,HRANA
TORTILLA WRAPS 160g DR. SCHÄR ,90627728,DR SCHAR,0.16 kg,ko,,27.38,4.38,5.49,5.49,8008698011683,HRANA
KEKS BIO DJ HIPP 180G,90648411,HIPP,0.18 kg,ko,3.59,19.94,,3.05,3.59,9062300137276,HRANA
PAHULJICE LION 600g NESTLE,90669574,NESTLE ŽITAR,0.60 kg,ko,6.29,10.48,,4.99,4.99,5900020025579,HRANA
MEDENJAK DOMAĆI 150g KEKSOMANIJA,90670189,KEKSOMANIJA,0.15 kg,ko,3.32,22.13,,3.32,3.32,3857500127815,HRANA
TOFU DIMLJENI EKO 200g,90670408,BIO ZONE,0.20 kg,ko,,7.45,1.49,1.99,1.99,3850334021397,HRANA
NAPITAK ISO SPORT AZZURRO NEG. 0.5L,90672901,ISO SPORT,0.50 l,ko,1.29,2.58,,1.29,1.29,3850108073188,PIĆE
TOMI MM 400G GOVEDINA,90673234,TOMI,0.40 kg,ko,1.75,4.38,,1.75,1.75,4003024157046,PROIZVODI ZA KUĆANSTVO
ŠLAG SPRAY BEZ LAKTOZE MEGGLE 250g,90674510,MEGGLE,0.25 kg,ko,2.65,10.6,,2.65,2.65,8585002523426,HRANA
LOSOS MARINIR 150g LASCHINGER+UMAK,90668847,LASCHINGER,0.15 kg,ko,12.74,84.93,,12.74,12.74,4010871060078,HRANA
POLLEO SHAKER LOGO LIGHT BLUE 0.6L,90678265,POLLEO,0.60 l,ko,3.49,5.82,,3.49,3.49,3856026804699,HRANA
KEKS BROWNIE PROT BG 50g FRANK&OLI,90674919,FRANK&OLI,0.05 kg,ko,,23.8,1.19,1.59,1.59,5900316552017,HRANA
BOJA PALETTE ICC 7-77 INTEZ BAKAR,90699254,PALETTE ICC,1.00 ko,ko,,3.49,3.49,3.49,3.49,9000101706321,KOZMETIKA
VAFL FRONDI KAKAO MLIJEKO 225g KRAŠ,90702863,FRONDI,0.23 kg,ko,2.59,11.51,,1.99,2.59,3850102007547,HRANA
 JUHA KREM POVRTNA 500ml PODRAVKA,90703005,PODRAVKA,0.50 l,ko,1.99,3.98,,1.99,1.99,3856020264758,HRANA
SERUM DELIA PROT BORA RETINOL 30ml,90703816,DELIA,0.03 l,ko,6.35,211.67,,6.35,6.35,5906750801643,KOZMETIKA
GEL INT NJEG JAJOPER LUCK LOV 100ml,90704038,BIOBAZA,0.10 l,ko,,29.9,2.99,3.99,3.99,3856020904470,KOZMETIKA
OCAT JABUČNI S ORASIMA 0.5L MAUTNER,90704535,MAUTNER MARK,0.50 l,ko,3.69,7.38,,3.69,3.69,9011900195063,HRANA
BRIJAČ WILK XTR 3 BLACK 3+1,90704669,WILKINSON,4.00 ko,ko,5.39,1.35,,5.39,5.39,4027800383900,KOZMETIKA
KEKS WELLNESS NARANČA ČOKOLADA 155g,90704998,WELLNESS,0.12 kg,ko,2.29,19.91,,2.29,2.29,8600043034493,HRANA
ČOK MIKADO PREM LJEŠ/KROKANT 100g,90705119,MIKADO,0.10 kg,ko,1.89,18.9,,1.89,1.89,3858881061330,HRANA
KROASAN ČOKO ZAGA FILIP 50g QUICKIE,90705900,QUICKIE,0.05 kg,ko,0.95,19,,0.95,0.95,3872324001684,HRANA
VISKI JOHNNIE WALKER BLONDE 0.7L,90707086,JOHNNIE WALKER,0.70 l,ko,20.49,29.27,,20.49,24.45,5000267190525,PIĆE
NAPITAK PROTEIN NOUGAT UHT 0.5L VINDIJA,90707833,VINDIJA,0.50 l,ko,2.49,4.98,,1.99,2.49,3850108023633,HRANA
PAHULJICE KIT KAT 330g NESTLE,90713434,NESTLE ŽITAR,0.33 kg,ko,4.49,13.61,,3.59,4.29,5900020043191,HRANA
PASTA OD MASLINA 165g,90713528,TRENTON,0.17 kg,ko,2.69,16.3,,2.69,2.69,3859888906334,HRANA
DESERT MONTE BARS CHOCO BALLS 125g,90724897,MONTE,0.13 kg,ko,1.19,9.52,,1.19,1.19,4014500514628,HRANA
BRIJAČ JEDNOK M BIC ACTION 3 4+2,90725085,BIC,6.00 ko,ko,,0.5,2.99,3.99,3.99,3086123399327,KOZMETIKA
SOK 100% LUMPI JABUKA 3X0.2L ,90730186,LUMPI,0.60 l,ko,0.95,1.58,,0.95,0.95,3850334044631,PIĆE
OM LENOR SPRING AWAKE 1.491 L,90886227,LENOR,1.49 l,ko,7.39,4.96,,7.39,7.39,8700216724074,SREDSTVA ZA ČIŠĆENJE
SIR TVRDI BOVIDUR 280g VINDIJA,90719944,VINDIJA,0.28 kg,ko,6.49,23.18,,6.49,6.49,3850108052824,HRANA
JUHA PILEĆA ABECEDA 60g PODRAVKA,90719988,PODRAVKA,0.06 kg,ko,0.89,14.83,,0.89,0.89,3856020261634,HRANA
MUESLI CRUNCH RISE&SMILE VOĆE 350g,90726171,RISE&SMILE,0.35 kg,ko,2.19,6.26,,2.19,2.19,3850334045423,HRANA
VONGOLE SVJEŽE ŽUVELA,90726753,ŽUVELA,1.00 kg,kg,18.19,18.19,,10.91,18.19,,HRANA
MEDALJONI PILEĆI BEYOND 200g,90730867,BEYOND MEAT,0.20 kg,ko,5.99,29.95,,5.99,5.99,1230000147590,HRANA
VINO ROSE PREMIUM 0.75L VINA BELJE,90730927,BELJE,0.75 l,ko,10.05,13.4,,10.05,10.05,3850257022372,PIĆE
ŠAMPINJONI SLOVA 390G/210G,90731285,SLOVA,0.21 kg,ko,1.39,6.62,,1.39,1.39,3850334070814,HRANA
AJAX STRONG&SAFE 1L,90732161,AJAX,1.00 l,ko,3.69,3.69,,1.85,3.69,8718951567917,SREDSTVA ZA ČIŠĆENJE
ŠAMPON AFR ČIČAK 950ml,90744829,AFRODITA,0.95 l,ko,4.79,5.04,,4.79,4.79,3831070661665,KOZMETIKA
ŠAMPON AFR KOPR 950ml,90744832,AFRODITA,0.95 l,ko,4.79,5.04,,4.79,4.79,3831070661672,KOZMETIKA
DET PERWOLL COLOR 1L=20PR,90745016,PERWOLL,1.00 l,ko,4,4,,4,9.99,9000101810080,SREDSTVA ZA ČIŠĆENJE
QUARK FITLINE BRESKVA/BOROVNICA 400 g,90749744,EXQUISA,0.40 kg,ko,1.99,4.98,,1.99,1.99,4019300172795,HRANA
OCAT BALZAMSKI SPICE CHEF 0.5L,90749783,SPICE CHEF,0.50 l,ko,2.15,4.3,,2.15,2.15,3850334072092,HRANA
KEKS NUTELLA BISCUITS 193 g,90750019,FERRERO,0.19 kg,ko,3.49,18.08,,3.49,3.49,8000500390306,HRANA
ČOKOLADA VOLIM TE LJEŠ/BAD/KAR 253 g,90750176,VOLIM TE,0.25 kg,ko,2.99,11.82,,2.99,2.99,3858881062078,HRANA
MUES GRAN ZOB BOOM BOX ČOK NARAN 60 g,90750340,BOOM BOX,0.06 kg,ko,0.99,16.5,,0.99,0.99,3856027801154,HRANA
SLAD LEDO KING SEDUCTION 3x100ml,90764713,KING,0.25 l,ko,6.99,27.75,,6.99,6.99,3850116064536,HRANA
MLIJEKO ZAMJ HIPP 1 BIO COMBIOT 22g,90764867,HIPP,1.00 ko,ko,1.29,1.29,,1.29,1.29,4062300405912,HRANA
ZAČIN ZA KRUMPIR XXL 100g VEGETA NATUR,90770286,VEGETA NATUR,0.10 kg,ko,2.19,21.9,,2.19,2.19,3856020270278,HRANA
ČETKICA CURAPROX 2PACK CS 5460 CRO,90771312,CURAPROX,2.00 ko,ko,12.69,6.35,,12.69,12.69,7612412429718,KOZMETIKA
VAFL FRONDI KOKOS 250 g KRAŠ,90775837,FRONDI,0.25 kg,ko,2.59,10.36,,1.99,2.59,3850102010066,HRANA
RUČNIK NATUR JUMBO 350L 2SL 1/1,90779871,NATUR,1.00 ko,ko,3.69,3.69,,2.99,2.99,3850334114334,PROIZVODI ZA KUĆANSTVO
ULJE AMBRE SOL  F15 150 ml,90784700,GARNIER AMBRE SOLAIR,0.15 l,ko,,71.4,10.71,14.29,14.29,3600542452434,KOZMETIKA
UMAK HRUSTY NACHO CHEESE DIP 300g,90784721,HRUSTY,0.30 kg,ko,1.99,6.63,,1.99,1.99,3850334113764,HRANA
WHISKY JACK DANIEL'S APPLE 0.7 l,90789757,JACK DANIELS,0.70 l,ko,25.05,35.79,,25.05,25.05,5099873017623,PIĆE
SOMAT EXCELLENCE 5IN1 65TAB,90795116,SOMAT,65.02 ko,ko,32.99,0.51,,32.99,32.99,9000101807875,SREDSTVA ZA ČIŠĆENJE
RAKIJA ŠLJIVOVICA PREMIUM ŠIMIĆ 0.5 L,90814732,ŠIMIĆ,0.50 l,ko,23.05,46.1,,23.05,23.05,3859890900535,PIĆE
LIKER BAILEYS ČOKOLADA 0.5 L,90824747,BAILEY'S,0.50 l,ko,23.89,47.78,,23.89,23.89,5011013941254,PIĆE
PSYLLIUM LJUSKICE BIO 300 g NUTRIGOLD,90825075,NUTRIGOLD,0.30 kg,ko,7.49,24.97,,7.49,7.49,3858891971544,HRANA
AVOKADO BIO 300 grama,90825124,ENNA FRUIT,0.30 kg,ko,2.49,8.3,,2.49,2.49,3856028689461,HRANA
FRITESI GLUTEN FREE 600 g VINDIJA,90825186,CEKIN,0.60 kg,ko,,11.67,6.99,8.29,8.29,3850159141119,HRANA
INDIJSKI ORAH BIO 500 g NUTRGOLD,90825253,NUTRIGOLD,0.50 kg,ko,7.99,15.98,,6.39,7.99,3858891972626,HRANA
JUHA LEĆA HIGH PROTEIN 30 g BETTR,90826196,BETT R,0.03 kg,ko,1.49,49.67,,1.49,1.49,3800233782752,HRANA
LJUTENICA 550 g MADRE NATURA,90849998,MADRE NATURA,0.55 kg,ko,7.99,14.53,,7.99,7.99,3859892918132,HRANA
GEL TUŠ DOVE M EUCAL&MINT 400 ml,90850521,DOVE,0.40 l,ko,5.99,14.98,,5.99,5.99,8720181444678,KOZMETIKA
BRIJAČ WILKINSON FLOW+4 BRITVICE,90850662,WILKINSON,1.00 ko,ko,,4.96,4.96,7.09,7.09,4027800106004,KOZMETIKA
GEL TUŠ OLD SPICE WOLFTHORN 1 L,90850669,OLD SPICE,1.00 l,ko,12.49,12.49,,12.49,12.49,8700216452588,KOZMETIKA
SIR PARMIG REG RIBANI TARTUFI 80 g,90850761,PARMAREGGIO,0.08 kg,ko,5.99,74.88,,5.99,5.99,8010721975640,HRANA
KAVA ARABESCA AURORA ESPR ZRNO 250 g,90874748,ARABESCA,0.25 kg,ko,7.99,31.96,,7.99,7.99,3858886805298,HRANA
PROTEIN NAP COOKIES&CREAM 250 ml ZOT,90880090,ZOTT,1.00 ko,ko,1.29,1.29,,1.29,1.29,4014500520780,HRANA
STICK DOVE Ž CUCUM 50 ml,90885080,DOVE,0.05 l,ko,,80.2,4.01,5.35,5.35,59099574,KOZMETIKA
DEO DOVE M SAND&VANIL 150 ml,90885084,DOVE,0.15 l,ko,,26.73,4.01,5.35,5.35,8720181570070,KOZMETIKA
SLAD CROCCANTINO BIS 4X50 g,90886255,SAMMONTANA,1.00 ko,ko,5.99,5.99,,5.99,5.99,8005840021071,HRANA
SLAD NUTELLA CUP 230 g,90886371,FERRERO,0.23 kg,ko,7.99,34.74,,7.99,7.99,8000500425183,HRANA
LEDENI ČAJ JANA BRESKVA ZERO 0.5L,90887119,JANA,0.50 l,ko,1.05,2.1,,1.05,1.05,3856028506294,PIĆE
ŽV GUMA CHUPA CHUPS MAGIC CUBES 86 g,90887308,CHUPA CHUPS,0.09 kg,ko,2.69,31.28,,2.69,2.69,80957508,HRANA
NAPITAK BADEM BŠ BIO ACTIVE ZONE 1 l,90895343,ACTIVE ZONE,1.00 l,ko,1.39,1.39,,1.39,1.39,3850334433015,HRANA
BOJA PALETTE DLX 5-68 ZL KEST,90899873,PALETTE,1.00 ko,ko,5.99,5.99,,5.99,5.99,9000101736946,KOZMETIKA
ORAH NADJEV 200g ŠAFRAM,01310956,ŠAFRAM,0.20 kg,ko,2.95,14.75,,2.95,2.95,3859890104681,HRANA
JABUKA IDARED,01411614,,1.00 kg,kg,1.49,1.49,,1.49,1.49,3850334173713,HRANA
AJVAR UPRŽ LJUTI BAKINA TAJNA 300g,01481015,BAKINA TAJNA,0.30 kg,ko,5.49,18.3,,5.49,5.49,8606102785535,HRANA
ZAČIN MEXICO TACOS 40g VR KOTANYI,01490394,KOTANYI,0.04 kg,ko,1.69,42.25,,1.39,1.69,9001414418130,HRANA
PATRONE GILLETTE FUSION 5 16/1,90900101,GILLETTE,1.00 ko,ko,54.99,54.99,,54.99,54.99,8001090819536,KOZMETIKA
MALIDŽANO DOMAĆI BLAGI 290 g MAMAS,90900142,MAMA'S,0.29 kg,ko,1.69,5.83,,1.69,1.69,5310146002666,HRANA
AJVAR LJUTI 350g PODRAVKA,01480010,PODRAVKA,0.35 kg,ko,2.49,7.11,,1.95,1.95,3850104050565,HRANA
UMAK OD SOJE DISPENSER 150ML KIKKOMA,01490590,KIKKOMAN,0.15 l,ko,,25.93,3.89,5.99,5.99,8715035110106,HRANA
POSLAST VK ZA PSE JANJET 12G,01640713,VITAKRAFT,0.01 kg,ko,0.75,62.5,,0.75,0.75,4008239181862,PROIZVODI ZA KUĆANSTVO
DELKO S PAPRIKOM NAR 250g VAC VINDIJA,02039383,CEKIN,0.25 kg,ko,2.19,8.76,,1.69,1.69,3850159122088,HRANA
SIR POLUTV GOUDA CCA 3kg DUKAT,02050439,DUKAT,1.00 kg,kg,,5.99,5.99,6.49,6.49,3850355002719,HRANA
MASLAC 250g VERONIKA,02180353,VERONIKA,0.25 kg,ko,3.79,15.16,,3.79,3.79,3859889622189,HRANA
ZUBATAC SVJ MEDUZA,02197372,,1.00 kg,kg,29.35,29.35,,17.6,29.35,,HRANA
GRDOBINA I,02197527,,1.00 kg,kg,14.59,14.59,,8.75,14.59,,HRANA
SRDELA SVJ PAK KONZUM,02199514,KONZUM,1.00 kg,kg,3.49,3.49,,2.09,3.49,,HRANA
CIPAL ZLATAR JADRANSKI SVJ MEDUZA,02199578,,1.00 kg,kg,3.89,3.89,,2.33,3.89,,HRANA
MLIJEKO TRAJNO 2.8% 0.5L  VINDIJA,02230426,Z BREGOV,0.50 l,ko,0.99,1.98,,0.99,0.99,3850108020557,HRANA
SIR MEKI MOZZARELLA 125g MEGGLE,02390982,MEGGLE,0.13 kg,ko,1.89,15.12,,1.89,1.99,3870085050019,HRANA
SV ČMT BEZ KOŽE  III KAT,02400275,PIK VRBOVEC,1.00 kg,kg,3.95,3.95,,3.95,3.95,3850139280166,HRANA
VINO PLAVAC PELJEŠAC KV 0.75L RADOVI,03019006,RADOVIĆ,0.75 l,ko,5.79,7.72,,5.79,5.79,3859889668231,PIĆE
VINO ŽILAVKA 1L KK KVAL VIN ČIT,03020266,HERCEGOVINAVINO,1.00 l,ko,4.89,4.89,,4.19,4.19,3870083000658,PIĆE
VINO PLAVAC PREMIUM 0.75L SKARAMUČA,03021268,SKARAMUČA,0.75 l,ko,7.79,10.39,,7.79,7.79,3859888214101,PIĆE
VINO TRAMINAC KASNA BERBA 0.5L,03022756,ILOČKI PODRUMI,0.50 l,ko,20.05,40.1,,20.05,20.05,3859889556873,PIĆE
VINO PLAVAC 0.75L KV SKARAMUČA,03022784,SKARAMUČA,0.75 l,ko,5.69,7.59,,4.29,5.69,3859888214026,PIĆE
LIKER APEROL 0.7L,03071689,APEROL,0.70 l,ko,18.99,27.13,,18.99,18.99,8002230000302,PIĆE
OCAT ALKOHOLNI 1L KISKO,03120013,KISKO,1.00 l,ko,1.29,1.29,,0.97,0.97,3850164310111,HRANA
SURPRISE SOK JAGODE 0.30 L + IZNENAĐENJE,03140772,SURPRISE,0.30 l,ko,1.39,4.63,,1.39,1.39,8594023923214,PIĆE
NEKTAR  MULTIVITAMIN BRAVO 2L,03141289,BRAVO,2.00 l,ko,3.19,1.6,,2.39,2.99,0000090020841,PIĆE
MIN VODA RADENSKA 0.5L PET GAZ,03180102,RADENSKA,0.50 l,ko,0.85,1.7,,0.85,0.85,3830000620871,PIĆE
BRAŠNO OŠTRO T-400 2kg MLINETA,04030176,MLINETA,2.00 kg,ko,1.55,0.78,,1.55,1.55,3859888419094,HRANA
BRAŠNO PŠEN INTEG 1kg FARIN,04030569,FARINA,1.00 kg,ko,1.09,1.09,,1.09,1.09,3859890160618,HRANA
TIJESTO REZAN VALOV JAJ 400g MAROD,04050898,MARODI,0.40 kg,ko,2.59,6.48,,1.79,2.59,3859888666221,HRANA
TIJESTO K PLUS REZ USKI JAJ 400g,04051371,K PLUS,0.40 kg,ko,1.59,3.98,,1.59,1.59,3850334136763,HRANA
MIX FRANCK 2U1 15g,04070787,FRANCK,0.02 kg,ko,0.39,26,,0.39,0.39,3858881083622,HRANA
KAVA ILLY ESPRESSO FIL 250g ,04071063,ILLY,0.25 kg,ko,9.99,39.96,,9.99,9.99,8003753902630,HRANA
MIX ANAMARIA 3U1 18g,04071132,ANAMARIA,0.02 kg,ko,0.33,18.33,,0.33,0.33,3858881770874,HRANA
CIMET 38g BOČ LUXOR,04100541,NADALINA,0.04 kg,ko,2.09,55,,2.09,2.09,3858881585126,HRANA
MED CVJETNI 450g PIP,04130052,PIP,0.45 kg,ko,5.17,11.49,,5.17,5.17,3859888500020,HRANA
KVIKI GRIC PR SL 50g PODRAVKA,04145686,KVIKI,0.05 kg,ko,0.89,17.8,,0.89,0.89,3850104007781,HRANA
KEKS JAFFA ORANGINO BEZ GL 150g SCHAR,04151175,DR SCHAR,0.15 kg,ko,2.99,19.93,,2.99,2.99,8008698001325,HRANA
KREMA VANIL ZA TORTU 45g DR OETKER,04180009,DR OETKER,0.05 kg,ko,1.59,35.33,,1.59,1.59,5997381312257,HRANA
ČOKOL MILK MILKINIS MILK 87.5g,04211305,MILKA,0.09 kg,ko,2.49,28.46,,1.39,2.49,7622300108137,HRANA
TIJESTO PIPE RIGATE 91 500g BARILLA,04310042,BARILLA,0.50 kg,ko,2.05,4.1,,2.05,2.05,8076802085912,HRANA
AROMA RUM BOČICA 38ML DR OETKER,04360235,DR OETKER,0.04 l,ko,1.69,44.47,,1.19,1.69,5907707051067,HRANA
HIG UL ALWAYS SUP+16/1 DUO 6756,06500031,ALWAYS P&G,16.00 ko,ko,3.45,0.22,,2.29,2.29,4015400006756,TOALETNE POTREPŠTINE
DN UL LIBRESSE EXTRA 2u1 24/1,06507017,LIBRESSE,24.00 ko,ko,1.95,0.08,,1.95,1.95,7322540062656,TOALETNE POTREPŠTINE
LOSION INT NIVEA 250ML  8137,06526186,NIVEA,0.25 l,ko,6.29,25.16,,6.29,6.29,9005800354545,KOZMETIKA
BOJA COMPLETE COL N50 BROWN  7848,06541024,ANNYER,1.00 ko,ko,3.99,3.99,,3.99,3.99,3850177007848,KOZMETIKA
BOJA COLOR NAT 111 PRIR PEPELJ PLAVA,06542063,GARNIER COL NATURALS,1.00 ko,ko,,3.69,3.69,4.99,4.99,3600540335890,KOZMETIKA
REGENER GLISS ULTIM REPAIR 200ML,06543504,GLISS,0.20 l,ko,,22.45,4.49,4.49,7.09,4015000941334,KOZMETIKA
LOSION NIV SUN SPF30 200ML,06592243,NIVEA,0.20 l,ko,16.99,84.95,,16.99,16.99,4005808423040,KOZMETIKA
SAPUN PALM OS MILK&ROSE 90g,90031241,PALMOLIVE,0.09 kg,ko,1.39,15.44,,1.39,1.39,8693495034258,KOZMETIKA
BABMUS ŠTAPIĆI ZA IZRADU SUSHI  SAITAKU,90056038,SAITAKU,1.00 ko,ko,1.39,1.39,,1.39,1.39,5060194790021,HRANA
SOBA NOODLES 300g SAITAKU,90056074,SAITAKU,0.30 kg,ko,3.32,11.07,,3.32,3.32,5060194790120,HRANA
MARAMICE VL K PLUS DAX UNIVER 80/1,90064087,DAX,80.00 ko,ko,1.85,0.02,,1.29,1.85,3850334520067,SREDSTVA ZA ČIŠĆENJE
ŠAMPON PALM APPLE M FRUIT 350ml,90077183,PALMOLIVE,0.35 l,ko,,7.11,2.49,3.89,3.89,8714789880488,KOZMETIKA
RAKIJA ŠLJIVOVICA 0.7L ZVEČEVO,90085674,ZVEČEVO,0.70 l,ko,11.59,16.55,,9.27,11.59,3858894170128,PIĆE
MUESLI VIOLA 5 VRSTA VOĆA 500g,90112517,VIOLA,0.50 kg,ko,4.99,9.98,,4.99,4.99,4000446017705,HRANA
BOMBONI EUKA MENTOL 150g,90298498,EUKA MENTHOL,0.15 kg,ko,1.35,9,,1.35,1.35,5900353500798,HRANA
KIKIRIKI VEDRINI PEČ U LJUSCI 400g,90303759,VEDRINI,0.40 kg,ko,2.19,5.48,,2.19,2.19,3858889331572,HRANA
ČOK MILKA OREO SANDWICH 92g,90308570,MILKA,0.09 kg,ko,2.49,27.07,,1.39,2.49,7622210830043,HRANA
VINO CAB SAUVIG KV 0.75 VINA BELJE,90311385,BELJE,0.75 l,ko,8.29,11.05,,8.29,8.29,3850257020484,PIĆE
KAVA MUST PURO ARABICA MLJEVENA 250g,90324325,MUST,0.25 kg,ko,5.79,23.16,,5.79,5.79,8056370766314,HRANA
POVRTNI TRIO 450g DUKAT,90350716,DUKAT,0.45 kg,ko,1.59,3.53,,1.59,1.59,3850354013778,HRANA
NEG PIĆE FUZE TEA ZERO PASFRT 1.5L,90361045,FUZETEA,1.50 l,ko,1.75,1.17,,1.75,1.75,5449000269478,PIĆE
ROLL ON BOROT ACT SEA SAL 50ml,90365955,BOROTALCO,0.05 l,ko,,39.8,1.99,1.99,3.99,80859840,KOZMETIKA
ZAČIN CHIPOTLE CHILLI MLIN 36g KOTANYI,90377915,KOTANYI,0.04 kg,ko,5.84,162.22,,5.84,5.84,9001414601198,HRANA
BOMBON NIMM2 GUMENI SOFT FIZZY 90g,90405400,NIMM2,0.09 kg,ko,1.19,13.22,,1.19,1.19,4014400919325,HRANA
SIRUP FRUTTI  NARANČA 1L,90407072,FRUTTI,1.00 l,ko,1.55,1.55,,1.55,1.55,3850334134363,PIĆE
ZAČ SECR OF USA KENT CHIC 30g KOTANYI,90412452,KOTANYI,0.03 kg,ko,1.69,56.33,,1.39,1.69,9001414034651,HRANA
KREMA VASELINE ORIG 50ml,90423262,VASELINE,0.05 l,ko,,39.8,1.99,2.65,2.65,42182627,KOZMETIKA
LUC SVJ RZ KOMIŽA,90457830,KORALJ,1.00 kg,kg,4.69,4.69,,2.81,4.69,,HRANA
FONDANT DEKOR BIJELI 450G DOLCELA,90233734,DOLCELA,0.45 kg,ko,3.79,8.42,,3.79,3.79,3850104286773,HRANA
GEL TUŠ NIVEA FOR MEN ACTIVE CLEAN 500ML,90235084,NIVEA,0.50 l,ko,6.69,13.38,,2.99,6.69,9005800243306,KOZMETIKA
SIR TOPLJ LIST CHEDDAR 150G DUKAT,90253519,PRESIDENT,0.15 kg,ko,1.79,11.93,,1.79,1.79,3228022210055,HRANA
DVOPEK MINI INTEGRALNI 120G NATUREL,90258603,NATUREL,0.12 kg,ko,1.39,11.58,,1.39,1.39,3858889361586,HRANA
ČEŠNJAK MLINAC 48G KOTANYI,90268111,KOTANYI,0.05 kg,ko,3.98,82.92,,3.98,3.98,9001414204245,HRANA
VILEDA EASY W&C TURBO MOP BOX,90275868,VILEDA,1.00 ko,ko,49.99,49.99,,26.99,49.99,4023103194113,PROIZVODI ZA KUĆANSTVO
RUM RON CALADOS BIJELI 70ML,90295654,CALADOS,0.70 l,ko,9.69,13.84,,9.69,9.69,5021692700707,PIĆE
PIVO BENEDIKTINER PŠENIČNO 0.5L LIM,90299597,BENEDIKTINER,0.50 l,ko,1.95,3.9,,1.95,1.95,4052197001281,PIĆE
NEG PIĆE VINDI LIMUN NARANČA 2L,90299868,VINDI,2.00 l,ko,,1,1.99,1.99,2.49,3850108072259,PIĆE
MIN VODA RADENSKA LIMUN 1.5L,90325501,RADENSKA,1.50 l,ko,1.29,0.86,,1.29,1.29,3830065020128,PIĆE
PAŠTETA JUNIOR KOKOKREM 95g ARGETA,90335454,ARGETA,0.10 kg,ko,1.39,14.63,,1.19,1.39,3838471034685,HRANA
ŠAMPON LOOK EXPERT MASNA KOSA 900ml,90341643,LOOK EXPERT,0.90 l,ko,3.45,3.83,,3.45,3.45,5908241708097,KOZMETIKA
PASIRANA RAJČICA DATTERINI 400g MUTTI,90341759,MUTTI,0.40 kg,ko,2,5,,2,2,8005110022265,HRANA
VINO ROSE SKARAMUČA 0.75l,90361281,SKARAMUČA,0.75 l,ko,9.39,12.52,,9.39,9.39,3859888214286,PIĆE
SIR POLUT MAASDAM 150g VELDH,90361879,VELDHUYZEN,0.15 kg,ko,3.29,21.93,,3.29,3.29,8713323093506,HRANA
KEKS NUTELLA BISCUITS 304g,90377751,FERRERO,0.30 kg,ko,4.39,14.44,,4.39,4.39,8000500310427,HRANA
BOJA TEKUĆA JESTIVA ZELENA 30ml DR.OETKER,90377997,DR OETKER,0.03 l,ko,1.59,53,,1.59,1.59,5907707059483,HRANA
LUČICE 300g PONTI,90385598,PONTI,0.18 kg,ko,2,11.11,,2,2,80722717,HRANA
PLOČICA BRUSNICA/MALINA WOMAN LINE 30g,90385998,WOMAN LINE,0.03 kg,ko,1.19,39.67,,1.19,1.19,8585004500395,HRANA
MLIJEKO ZAMJ BEBIMIL 1 600g,90386020,BEBIMIL,0.60 kg,ko,11.29,18.82,,11.29,11.29,9007253105071,HRANA
KRPE VLAŽNE FINO 3+1,90388676,FINO,4.00 ko,ko,3.05,0.76,,3.05,3.05,8606013475440,PROIZVODI ZA KUĆANSTVO
MILERAM K PLUS 900g 22% MM,90400318,K PLUS,0.90 kg,ko,3.18,3.53,,2.69,3.18,3850334197900,HRANA
CROISSANT 7DAYS SUPER MAX KAK/VAN 110g,90401433,CHIPITA,0.11 kg,ko,1.3,11.82,,1.3,1.3,7622201390624,HRANA
PATRONE Ž OLEA 3 OŠTRICE 4/1,90402946,OLEA,4.00 ko,ko,3,0.75,,3,3,3850334203267,KOZMETIKA
KREMA ZA KOSU GOT2B MATT P 100ml,90403270,GOT2B,0.10 l,ko,,56.9,5.69,7.99,7.99,9000100417853,KOZMETIKA
MED LIPA 450g ŽUPANJA,90412088,KUĆA MEDA,0.45 kg,ko,8.76,19.47,,8.76,8.76,3859893780028,HRANA
PANCETA DALM BARIĆ NAR 100g,90428251,OPSKRBA TRAD,0.10 kg,ko,2.85,28.5,,2.85,2.85,3859892323110,HRANA
SABLJARKA ODREZAK RZ KOMIŽA,90433297,RZ KOMIŽA,1.00 kg,kg,21.69,21.69,,13.01,21.69,,HRANA
KRUH PROTEIN BADEM 250g MESTEM,90448060,MASTERMACHER,0.25 kg,ko,3.39,13.56,,3.39,3.39,4000446011574,HRANA
GLAVA ZAMJ ORAL B ZA EL ČETK CROSSAC 4 KOM,90453721,ORAL B,4.00 ko,ko,,3.7,14.79,21.25,21.25,8006540847770,KOZMETIKA
PIVO LAGER 0.33L ANGELUŠ,90477993,ANGELUŠ,0.33 l,ko,1.75,5.3,,1.75,1.75,3857500070746,PIĆE
COCKTAIL JAMESO & GIN.LIME RTD 0.25l,90485635,JAMESON,0.25 l,ko,2.49,9.96,,2.49,2.49,5011007018931,PIĆE
NAPITAK RED BULL WATERMELON 0.25L,90485717,RED BULL,0.25 l,ko,1.69,6.76,,1.19,1.19,90446016,PIĆE
KAŠA ZOB BOOM BOX ŠUM VOĆE BADEM 60g,90493466,BOOM BOX,0.06 kg,ko,0.99,16.5,,0.99,0.99,3858890477191,HRANA
INĆUNI FILE MASL ULJ ST 80g MARUZZELLA,90494160,MARUZZELLA,0.08 kg,ko,4.49,56.13,,4.49,4.49,80009719,HRANA
NAPITAK ZOB BARISTA 1L O'PLANT,90495024,O PLANT,1.00 l,ko,3.58,3.58,,2.19,3.58,3856020250027,HRANA
JUHA LIGURSKA PESTO 620g,90498850,DIMMIDISI,0.62 kg,ko,2.79,4.5,,2.79,2.79,8014190017627,HRANA
SMOOTHIE B'AKTIV ZOB/BUND 330g DUKAT,90514044,B'AKTIV,0.33 kg,ko,1.85,5.61,,1.39,1.85,3850354015925,HRANA
KAVA DOLCE GUSTO ESPRESSO 16/1 88g,90568682,DOLCE GUSTO,0.09 kg,ko,6.49,73.75,,5.29,6.49,7613037931136,HRANA
BISON AM MAGNET REF LAVANDA 2x450g,90382347,BISON,0.90 kg,ko,7.99,8.88,,7.99,7.99,8710439279169,SREDSTVA ZA ČIŠĆENJE
TEQUILA BLANCO DON JULIO 0.7L,90392582,DON JULIO,0.70 l,ko,62.39,89.12,,62.39,62.39,7506064300160,PIĆE
PROTEIN MICELLAR CASEIN VANILLA 30g,90400464,POLLEO,0.03 kg,ko,1.99,66.33,,1.99,1.99,3858892294048,HRANA
KREMA ROSAL CL COLLAGEN 50ml,90401597,ROSAL,0.05 l,ko,6.99,139.8,,6.99,6.99,3856007906824,KOZMETIKA
SIR TVRDI MLADI KRAVLJI 230g ŠPIN,90405233,ŠPIN,0.23 kg,ko,5.49,23.87,,4.49,5.49,3858881196629,HRANA
SLAD BEN & JERRY HALF BAKED 465ml,90406111,BEN & JERRY'S,0.47 l,ko,8.99,19.33,,8.99,8.99,8711327371002,HRANA
KOLAČ MAĐARICA K PLUS 400g,90408852,K PLUS,0.40 kg,ko,4.79,11.98,,3.99,3.99,3850334230027,HRANA
MEDALJONI XXL 800g AIA,90410080,AIA,0.80 kg,ko,6.24,7.8,,4.59,6.24,8008110006761,HRANA
LIKER PELINKOVAC ORANGE BOX BAD 0.7l,90425267,BADEL 1862,0.70 l,ko,13.05,18.64,,13.05,13.05,3850112111579,PIĆE
DET ČARLI CLASSIC 1.35L,90468631,ČARLI,1.35 l,ko,,1.29,1.74,3.49,3.49,3850111304200,SREDSTVA ZA ČIŠĆENJE
DESERT NESQ MAXI CHOCO 25g NESTLE,90477866,NESTLE ŽITAR,0.03 kg,ko,0.85,34,,0.83,0.83,5900020017420,HRANA
BOJA GLISS COLOR 6-0,90483427,GLISS,1.00 ko,ko,7.39,7.39,,7.39,7.39,9000101261660,KOZMETIKA
SLAD GELATISSIMO SCHWARZWALD 6X115ml,90485271,GELATISSIMO,0.69 l,ko,4.29,6.22,,3.29,4.29,3838900803127,HRANA
KEKS BOOM BOX ZOBENI KOKOS 50g,90487099,BOOM BOX,0.05 kg,ko,0.99,19.8,,0.99,0.99,3858890476866,HRANA
JOGURT TEK ACTIVE ZONE 0.5 % M.M. 180g,90494725,ACTIVE ZONE,0.18 kg,ko,,2,0.36,0.36,0.36,3850334393876,HRANA
KAVA LEDENA HELL CAPPUCCINO 250ml,90494770,HELL ENERGY,0.25 l,ko,1.45,5.8,,1.45,1.45,5999860497097,HRANA
SIRUTKA 1L MLJEKARA MARINA,90503402,MLJEKARA MARINA,1.00 l,ko,1.39,1.39,,1.39,1.39,3859892438203,HRANA
JOGURT JOGO JAGODA 1KG PET DUKAT,90514063,JOGO,1.00 kg,ko,2.55,2.55,,2.55,2.55,3850354016045,HRANA
PJENUŠAC LA BELLE PERLA GRAND 0.75L,90568584,BELJE,0.75 l,ko,9.99,13.32,,9.99,9.99,3850257022143,PIĆE
PEČENICA SUHA DALMATINSKA 1/2 PIVAC,90569806,PIVAC,1.00 kg,kg,20.99,20.99,,15.49,20.99,3858890182088,HRANA
BRAŠNO RIŽINO BG 500g NO NO,90577993,NO NO,0.50 kg,ko,2.65,5.3,,2.65,2.65,3858887101221,HRANA
BRANCIN ML TOTAL FISH,90587745,TOTAL,1.00 kg,kg,22.49,22.49,,13.49,22.49,,HRANA
PIZZA  ŠUNKA SIR 330g MINUTE,90593054,MINUTE,0.33 kg,ko,,5.42,1.79,1.79,2.29,3850334132635,HRANA
KRUH POLUBIJELI 500g PAK KLARA,90597807,KLARA,0.50 kg,ko,1.15,2.3,,1.15,1.15,3856016906730,HRANA
SLAD SNICKERS 6X45.6g MULTIPACK,90598664,SNICKERS,0.27 kg,ko,5.49,20.04,,4.99,5.49,5000159541336,HRANA
JUHA GOV. NOODLES 5x75g FINI MINI ,90599273,FINI MINI,0.38 kg,ko,2.69,7.17,,2.69,2.69,3856020258399,HRANA
ARF CREAM PROFESSIONAL 400ml,90603162,ARF,0.40 l,ko,1.95,4.88,,1.69,1.95,3850105181688,SREDSTVA ZA ČIŠĆENJE
KAŠA ZOB BOOM BOX KOKOS/ČOKO 300g,90623107,BOOM BOX,0.30 kg,ko,3.99,13.3,,3.99,3.99,3858890479249,HRANA
KAVA LAVAZZA CREME E GUSTO FORTE 250g,90623251,LAVAZZA,0.25 kg,ko,7.15,28.6,,7.15,7.15,8000070038417,HRANA
NAMAZ LINO LADA DUO 700g PODRAVKA,90648385,LINO LADA,0.70 kg,ko,6.19,8.84,,4.79,6.19,3856020259884,HRANA
KEČAP JALAPENO 500g PODRAVKA,90669838,PODRAVKA,0.50 kg,ko,,2.78,1.39,1.49,1.99,3856020255961,HRANA
PAPRENJAK 100g KEKSOMANIJA,90670182,KEKSOMANIJA,0.10 kg,ko,3.32,33.2,,3.32,3.32,3857500127808,HRANA
ČAJ PEPPERMINT 20/1 30g ETS,90674804,ENGLISH TEA SHOP,0.03 kg,ko,4.49,149.67,,4.49,4.49,0680275029243,HRANA
CHAMP MOET&CHANDON IMP GIFT BOX 0.75L ,90677969,MOET&CHANDON,0.75 l,ko,45,60,,45,45,3185370764589,PIĆE
MEKSIČKI MIX GOLD 130g BONDUELLE,90698207,BONDUELLE,0.13 kg,ko,1.49,11.46,,1.04,1.49,3083681155303,HRANA
DET WEISSER RIE GEL SENSI 2.25L 50pr,90698969,WEISSER RIESE,2.25 l,ko,10,4.44,,10,16.99,9000101560367,SREDSTVA ZA ČIŠĆENJE
SLAMKE S GRANULAMA ČOK-BAN 30g QM,90702759,QUICK MILK,0.03 kg,ko,0.85,28.33,,0.85,0.85,5996071655384,HRANA
ULJE MASLINOVO EX DJ 0.25L ZVIJEZDA,90703183,ZVIJEZDA,0.25 l,ko,4.49,17.96,,4.49,4.49,3856015327710,HRANA
MRKVA I GRAŠAK GARDEN GOOD 1kg,90703992,GARDEN GOOD,1.00 kg,ko,1.99,1.99,,1.99,1.99,3838900835340,HRANA
UMAK RAJČICA I GRILL POVRĆE 400g MUTTI,90704940,MUTTI,0.40 kg,ko,2.99,7.48,,2.99,2.99,8005110519000,HRANA
ČIPS HRUSTY PAPRIKA RR 150g,90705053,HRUSTY,0.15 kg,ko,1.15,7.67,,1.15,1.15,3850334009807,HRANA
DET DASH REGULAR 1.05L=21PR,90705820,DASH,1.05 l,ko,12.99,12.37,,12.99,12.99,8006540927656,SREDSTVA ZA ČIŠĆENJE
VODA MINERALNA JANA SČ 0.75L,90706885,JANA,0.75 l,ko,0.89,1.19,,0.89,0.89,3858890879353,PIĆE
KAŠA ZOB MALINA PROT 60g ACTIVE LIFE,90707147,ACTIVE LIFE,0.06 kg,ko,0.99,16.5,,0.99,0.99,3858891295039,HRANA
POSLASTICA BOONY BITS 55G,90707358,VITAKRAFT,0.06 kg,ko,2.99,54.36,,2.99,2.99,4008239340498,PROIZVODI ZA KUĆANSTVO
NAMAZ LINO LADA GOLD CREAMY 700g PODRAVKA,90707721,LINO LADA,0.70 kg,ko,6.19,8.84,,4.79,6.19,3856020265335,HRANA
ŠAMPON SCHAUMA ZA MUŠK 400ml DUO,90713851,SCHAUMA,0.80 l,ko,5.49,6.86,,5.49,5.49,3838824432991,KOZMETIKA
ONE MP MINI WEIGHT CONTROL 4X85G,90719811,ONE,0.34 kg,ko,3.49,10.26,,2.49,3.49,8445290299079,PROIZVODI ZA KUĆANSTVO
NAPITAK HELL A.I. 0.25L ,90730187,HELL,0.25 l,ko,0.7,2.8,,0.7,0.7,5999571051793,PIĆE
VINO TAWNY PORT NIEPOORTO 0.75L ,90730439,NIEPOORT,0.75 l,ko,10,13.33,,10,10,5602840010000,PIĆE
LOSION OLIVAL PISKAV RUŽM 150ml,90730462,OLIVAL,0.15 l,ko,,46.6,6.99,6.99,6.99,3858892694367,KOZMETIKA
POMMES EXTRA TANKI 600g,90730639,LEDO,0.60 kg,ko,3.99,6.66,,2.99,3.99,3850116063867,HRANA
KAŠA HELJDINA 500g VETA,90804651,VETA,0.50 kg,ko,2.35,4.7,,2.35,2.35,3857500020451,HRANA
VILJAMOVKA 0.5 L IGGY POP,90800275,IGGY POP,0.50 l,ko,16.09,32.18,,16.09,16.09,3859893459269,PIĆE
RIŽA OKRUGLO ZRNO K PLUS 1kg,90810361,K PLUS,1.00 kg,ko,2.39,2.39,,2.39,2.39,3850334420565,HRANA
ČAJ BIJELI BOROVNICA BAZGA 20/1 40g ETS,90824972,ENGLISH TEA SHOP,0.04 kg,ko,4.49,112.25,,4.49,4.49,0680275039846,HRANA
LJEŠNJAK I ČIPS BAN SNACK BIO 75 g NUTRIGOLD,90825219,NUTRIGOLD,0.08 kg,ko,1.29,17.2,,1.03,1.29,3858894431342,HRANA
BOMBONIJERA FINESSE ŠKOLJKICE 250g,90825379,FINESSE,0.25 kg,ko,3.69,14.76,,3.69,3.69,3838900830499,HRANA
PROSCIUTTO DI PARMA DOP 80 g NAR SPECIAL MOMENTS,90825425,SPECIAL MOMENTS,0.08 kg,ko,3.49,43.63,,3.49,3.49,3850334420541,HRANA
JUHA TOSKANSKA 620 g STAGIONE,90825734,BONTA DI STAGIONE,0.62 kg,ko,3.29,5.3,,3.29,3.29,8055118488365,HRANA
DES CORNY PROTEIN SOFT ČOK/KAR 45g,90826137,SCHWARTAU,0.05 kg,ko,2.19,48.67,,2.19,2.19,4011800297114,HRANA
MARAMICE VL DAX UNIVER 4X80KOM,90839687,DAX,319.49 ko,ko,3.99,0.01,,3.99,3.99,3850334430205,SREDSTVA ZA ČIŠĆENJE
PJENA ZA KUP HIPP PATK REFIL 250 ml,90839913,HIPP,0.25 l,ko,2.75,11,,2.75,2.75,42241294,KOZMETIKA
SUHI ŠAMPON GOT2B EX FRESH 200 ml,90850140,GOT2B,0.20 l,ko,,28.45,5.69,7.99,7.99,9000101043211,KOZMETIKA
ŠAMPON MELEM ULT BRILLIANCE 300 ml,90850567,MELEM,0.30 l,ko,,22.63,6.79,6.39,7.99,3856007912368,KOZMETIKA
DEO PLAYBOY M AM-PM 150 ml,90850934,PLAYBOY,0.15 l,ko,3.99,26.6,,3.99,3.99,5050456007417,KOZMETIKA
RAJČICA PELAT 400/240 g,90854737,SLOVA,0.24 kg,ko,0.99,4.12,,0.99,0.99,3838900843192,HRANA
PAH ZOB RISE&SMILE SIT MAXX 1000 g,90864989,RISE&SMILE,1.00 kg,ko,1.39,1.39,,1.39,1.39,3850334433572,HRANA
TOAST DULCESOL 820 g,90869650,DULCESOL,0.82 kg,ko,2.49,3.04,,1.79,2.49,8410087413945,HRANA
TOAST INTEGRALNI DULCESOL 820 g,90869652,DULCESOL,0.82 kg,ko,2.59,3.16,,1.85,2.59,8410087413952,HRANA
PAHULJICE  LINO PILLOWS DUO 250 g,90869782,LINO,0.25 kg,ko,3.49,13.96,,2.49,3.49,3856020278687,HRANA
LOSION OLIVAL NEEM 150 ml,90885208,OLIVAL,0.15 l,ko,,46.6,6.99,6.99,6.99,3858892695814,KOZMETIKA
LOSION NIVEA Q10 PUMP 625 ml,90885343,NIVEA,0.63 l,ko,,10.96,6.85,13.69,13.69,9005800388243,KOZMETIKA
SERUM NIVEA CELL EX HIJ 15 ml,90885377,NIVEA,0.02 l,ko,,586.67,8.8,12.59,12.59,42467113,KOZMETIKA
SAPUN L'ANGELICA PAMUK 100 g,90885483,L ANGELICA,0.10 kg,ko,1.15,11.5,,1.15,1.15,8017331103852,KOZMETIKA
GEL TUŠ FA MEN XTRA COOL 400 ml,90885524,FA,0.40 l,ko,,6.38,2.55,3.99,3.99,9000101709605,KOZMETIKA
LIP OIL MELEM KIKI MAND 10 ml,90885704,MELEM,0.01 l,ko,,499,4.99,4.71,5.89,3856007912689,KOZMETIKA
BALZAM KCG 100 ml,90885712,GILLETTE,0.10 l,ko,8.99,89.9,,8.99,8.99,8700216162289,KOZMETIKA
OM LENOR COTTON FRESH 1.239 L,90886224,LENOR,1.24 l,ko,7.39,5.96,,7.39,7.39,8700216724470,SREDSTVA ZA ČIŠĆENJE
DET ARIEL EX BLACK CARE 38TAB,90886275,ARIEL,37.99 ko,ko,25.49,0.67,,16.49,25.49,8700216764735,SREDSTVA ZA ČIŠĆENJE
DET ARIEL FRESH 3.465 kg=63PR,90886380,ARIEL,3.47 kg,ko,25.49,7.36,,16.49,25.49,8700216733830,SREDSTVA ZA ČIŠĆENJE
DET ARIEL LE FRESH AIR 1.35 L=30 PR,90886450,ARIEL,1.35 l,ko,17.99,13.33,,17.99,17.99,8700216690966,SREDSTVA ZA ČIŠĆENJE
MAK MLJEVENI 200g ŠAFRAM,01310251,ŠAFRAM,0.20 kg,ko,2.39,11.95,,1.79,1.79,3859888163157,HRANA
BADEM JEZGRA EUROCOMPANY 100g,01311160,EUROCOMPANY,0.10 kg,ko,1.89,18.9,,1.89,1.89,3872084000392,HRANA
KUKURUZ ŠEĆERAC 285G,01492144,SLOVA,0.29 kg,ko,1.09,3.82,,1.09,1.09,8605002354889,HRANA
SENF KRIGLA 250ML JUTRO,01530036,JUTRO,0.25 l,ko,2.79,11.16,,2.79,2.79,4025891004254,HRANA
SENF ESTRAGON M.M. 200g,01530092,MAUTNER MARK,0.20 kg,ko,1.79,8.95,,1.49,1.49,9011900139616,HRANA
MASLINE ZELENE 390g MARINA,01580198,MARINA,0.39 kg,ko,6.29,16.13,,6.29,6.29,3859888295063,HRANA
HRENOVKE PIL BEZ OV 300g CEKIN VIND,02048157,CEKIN,0.30 kg,ko,1.99,6.63,,1.99,1.99,3850159120022,HRANA
SIR POLUTV GOUDA 48% 250g DUKAT,02055420,PRESIDENT,0.25 kg,ko,3.59,14.36,,3.59,3.59,3850355007301,HRANA
GOVEĐI NAREZAK 150g GAVRILOVIĆ,02166665,GAVRILOVIĆ,0.15 kg,ko,2.55,17,,2.55,2.55,3858881222533,HRANA
REP GRDOBINE 1/2 FIORITAL,02195385,,1.00 kg,kg,29.49,29.49,,18.46,30.79,93856024301247,HRANA
REP GRDOBINE 1/2  MEDUZA,02197647,,1.00 kg,kg,25.19,25.19,,15.1,25.19,,HRANA
ŠARAN SVJ RIBNJAK,02197817,RIBNJAK,1.00 kg,kg,,4.99,4.99,2.99,5.79,,HRANA
PILE VARAŽDINSKI POHANCI POD VINDIJA,02435447,CEKIN,1.00 kg,kg,3.31,3.31,,3.31,3.31,3850159110757,HRANA
SV JEZIK ,02480035,PIK VRBOVEC,1.00 kg,kg,3.85,3.85,,3.85,3.85,3850139280173,HRANA
VINO CABERNET SYRAH CHENET 0.75L,03020243,JP CHENET,0.75 l,ko,5.85,7.8,,5.85,5.85,3263286301323,PIĆE
BRAŠNO GLATKO T-550 1kg MLINETA,04030487,MLINETA,1.00 kg,ko,0.75,0.75,,0.6,0.6,3859888419025,HRANA
RIŽA ARBORIO 500g SCOTTI,04060057,RISO SCOTTI,0.50 kg,ko,3.69,7.38,,3.69,3.69,8001860201516,HRANA
KEKS LEIBNIZ BUTTER 200g BAHLSEN,04142553,BAHLSEN,0.20 kg,ko,2.65,13.25,,2.65,2.65,4017100107566,HRANA
KAŠICA INST ČOKOLINO 500g,04172111,LINO,0.50 kg,ko,4.99,9.98,,4.99,4.99,3850104210259,HRANA
SODA BIKARBONA 500g ŠAFRAM,04180342,ŠAFRAM,0.50 kg,ko,1.19,2.38,,1.19,1.19,3859888163249,HRANA
KANTA S CJED VILEDA SUPER MOČO  5111,05354984,VILEDA,1.00 ko,ko,19.99,19.99,,19.99,19.99,4003790105111,PROIZVODI ZA KUĆANSTVO
KUPKA PALM THERM SPA ABS REL 500ml,06523565,PALMOLIVE,0.50 l,ko,5.09,10.18,,2.55,2.55,8718951429888,KOZMETIKA
VINO PINOT BIJELI 0.75L ILOČKI PODRU,03020077,ILOČKI PODRUMI,0.75 l,ko,7.05,9.4,,6.29,7.05,3859889556507,PIĆE
BRANCIN SVJ DIVLJI MEDUZA,02197801,MEDUZA,1.00 kg,kg,24.99,24.99,,14.98,24.99,,HRANA
JOGURT B'AKTIV LGG NATUR 150g DUKAT,02330864,B'AKTIV,0.15 kg,ko,0.69,4.6,,0.69,0.69,3850354019121,HRANA
PIVO HEINEKEN 0.5L LIM,03040181,HEINEKEN,0.50 l,ko,1.69,3.38,,1.49,1.69,3830001714692,PIĆE
OCAT JABUČNI S MEDOM 0.5L MAUTNER,03120041,MAUTNER MARK,0.50 l,ko,3.59,7.18,,3.59,3.59,9011900105222,HRANA
OCAT BALZAMSKI 0.5L ZVIJEZDA,03120092,ZVIJEZDA,0.50 l,ko,,5.74,2.87,3.59,3.59,3858882214063,HRANA
KAŠICA FRUTEK BIO JAB MRK 120g,03141208,FRUTEK,0.12 kg,ko,1.25,10.42,,0.99,1.25,3838945016490,HRANA
KAŠICA HIPP MK DJEČJI KEKS/JABUKA 190G,03148050,HIPP,0.19 kg,ko,1.69,8.9,,1.69,1.69,9062300133148,HRANA
NEGAZ PIĆE DVOJNI C FRUCTAL 0.2L,03164003,FRUCTAL,0.20 l,ko,0.73,3.65,,0.59,0.73,3838945502122,PIĆE
TIJESTO CONCHIGLIE 54 500g PASTA ZA,04051030,PASTA ZARA,0.50 kg,ko,1.59,3.18,,0.89,1.59,8004350130549,HRANA
TIJESTO REZANCI ŠIR JAJ 400g KOLEDA,04051251,KOLEDA,0.40 kg,ko,1.99,4.98,,1.59,1.99,3859888433090,HRANA
MIX FR 3U1 180g VR,04071163,FRANCK,0.18 kg,ko,2.29,12.72,,2.29,2.29,3858881084452,HRANA
KLINČIĆ CIJELI 18g KOTANYI,04100138,KOTANYI,0.02 kg,ko,1.99,110.56,,1.79,1.99,9001414015407,HRANA
GORUŠICA ZRNO 79G BOČICA KOTANYI,04100525,KOTANYI,0.08 kg,ko,3.05,38.61,,2.79,3.05,9001414040713,HRANA
MJEŠ ZAČINA PROVAS 33g MLIN KOTANY,04100803,KOTANYI,0.03 kg,ko,3.98,120.61,,3.98,3.98,9001414041185,HRANA
KRUH BON MATIN BEZ GL 200g SCHAR,04143020,DR SCHAR,0.20 kg,ko,,13.95,2.79,3.49,3.49,8008698001059,HRANA
KREMA ČOK ZA TORTU 65g DR OETKER,04180012,DR OETKER,0.07 kg,ko,1.59,24.46,,1.59,1.59,5997381312264,HRANA
DESERT CORNY BIG BRUSNICA 50g,04210474,SCHWARTAU,0.05 kg,ko,1.19,23.8,,1.19,1.19,4011800587512,HRANA
KAKAO NESQUIK PLUS 400g NESTLE,04210701,NESQUIK,0.40 kg,ko,5.19,12.98,,5.19,5.19,5998710960736,HRANA
KAKAO PRAH 100g KRAŠ,04212399,KRAŠ,0.10 kg,ko,2.29,22.9,,1.83,2.29,3850102110292,HRANA
ČOKOLADNO JAJE MADAGASCAR 20g,04227015,DISNEY,0.02 kg,ko,0.1,5,,0.1,0.1,,HRANA
ZP AQF MILD&MINTY 125ML,06530461,AQUAFRESH,0.13 l,ko,2.99,23.92,,2.99,2.99,5054563199645,KOZMETIKA
BOJA COMPLETE CC EB120 IZRAZ PLAVO,06540300,ANNYER,1.00 ko,ko,3.99,3.99,,3.99,3.99,3850177007770,KOZMETIKA
PJENA TAFT VOLUM ULTRA 200ml,06542679,TAFT,0.20 l,ko,,14.95,2.99,2.99,4.99,3838824083704,KOZMETIKA
FROSCH UNIV CLASSIC 1L,08034448,FROSCH,1.00 l,ko,3.09,3.09,,2.16,3.09,4009175138965,SREDSTVA ZA ČIŠĆENJE
ŠUNKA FINA NAR. 150g MA PIK,90036524,PIK VRBOVEC,0.15 kg,ko,3.29,21.93,,3.29,3.29,3850139250671,HRANA
ULJE BUČINO 250ml HLADNIĆ,90048664,HLADNIĆ,0.25 l,ko,6.69,26.76,,6.69,6.69,3859888867062,HRANA
PJENA ZA BRIJ MAN MAX FRESH 300ml,90051024,MAN MAX,0.30 l,ko,1.59,5.3,,1.59,1.59,3850334333575,KOZMETIKA
FRISKIES SP MINI MENU PIL 1.5KG,90052122,FRISKIES,1.50 kg,ko,6.49,4.33,,4.49,6.49,7613034230485,PROIZVODI ZA KUĆANSTVO
BOMBONI SKITTLES CRAZY SOURS VR 38g,90055419,WRIGLEY,0.04 kg,ko,0.95,25,,0.68,0.95,5000159376792,HRANA
SAPUN TEK DAISY MED/MLI 1L,90071155,DAISY,1.00 l,ko,1.15,1.15,,0.99,1.15,3850334355010,KOZMETIKA
MUZGAVAC SVJ LIBURNIJA,90075699,,1.00 kg,kg,4.79,4.79,,2.87,4.79,,HRANA
KEKS BREAKFAST CERE NUTS/HONEY 160g,90080752,BREAKFAST,0.16 kg,ko,,9.31,1.49,1.49,1.89,3856014113574,HRANA
LIKER WALDGIRGL 0.7L,90081470,WALDGIRGL,0.70 l,ko,7.05,10.07,,7.05,7.05,4006714005238,PIĆE
CELER LIST KOM,90081704,,0.50 kg,ko,1.99,3.98,,1.99,1.99,3850334201690,HRANA
NEGAZ PIĆE CAPPY PULPY BRES 0.33L,90084474,CAPPY PULPY,0.33 l,ko,1.19,3.57,,1.19,1.19,54027602,PIĆE
BUDDY SP MINI PIL RIŽA 2kg,90138599,BUDDY,2.00 kg,ko,3.99,2,,3.19,3.99,3850334400000,PROIZVODI ZA KUĆANSTVO
RIŽA 3 VRSTE ŽITARICA K PLUS 1KG,90160979,K PLUS,1.00 kg,ko,3.69,3.69,,3.69,3.69,3850334524751,HRANA
MAST SVINJSKA DOMAĆA 1KG MESO-RAD,90171750,MESO-RAD,1.00 kg,ko,2.75,2.75,,2.75,2.75,3859891884902,HRANA
RUM HAVANA CLUB ESPECIAL  0.7L,90229185,HAVANA,0.70 l,ko,18.35,26.21,,18.35,18.35,8501110086196,PIĆE
BAKLAVA TROKUT 400G SUNDAY,90251690,,0.40 kg,ko,3.98,9.95,,3.98,3.98,5319990443663,HRANA
KEKS MILKA SENS SOFT CHOCO 156G,90251781,MILKA,0.16 kg,ko,3.39,21.73,,2.37,3.39,7622202265822,HRANA
RUM RON CALADOS TAMNI 700ml,90295646,CALADOS,0.70 l,ko,9.69,13.84,,9.69,9.69,5021692750108,PIĆE
PRŠUT RUŽA NAREZAK MAP 80g PISINIUM,90299649,PISINIUM,0.08 kg,ko,3.49,43.63,,3.29,3.29,3858884936109,HRANA
VINO GRAŠEVINA KV 0.75L VINA BELJE,90311370,BELJE,0.75 l,ko,,8.03,6.02,5.79,7.05,3850257019020,PIĆE
ČAJ MENTA LIMUNOVA KORICA 40g FRANCK,90335552,FRANCK,0.04 kg,ko,2.49,62.25,,2.49,2.49,3850291048789,HRANA
MED CVJETNI HR 700g PIP,90341521,PIP,0.70 kg,ko,5,7.14,,5,5.99,3858886102892,HRANA
NEKTAR VINDI DISNEY ABC 0.2 L,90889972,VINDI,0.20 l,ko,0.65,3.25,,0.65,0.65,3850108075557,PIĆE
SUNCOKRET PRŽ SL OLJUŠT 100g MOGYI,01310671,MOGYI,0.10 kg,ko,1.39,13.9,,1.04,1.39,5997347544395,HRANA
ČIPS TORTILLA SIR 200g LA FIESTA,01313112,LA FIESTA,0.20 kg,ko,2.39,11.95,,2.39,2.39,5412514934897,HRANA
ORAH INDIJSKI SEEBERGER 150g,01318018,SEEBERGER,0.15 kg,ko,5.49,36.6,,5.49,5.49,4008258038000,HRANA
JABUKA JONAGOLD,01414653,,1.00 kg,kg,1.49,1.49,,1.49,1.49,3850334173812,HRANA
KAPARI 60g LUXEAPERS,01605119,LUXEAPERS,0.06 kg,ko,1.99,33.17,,1.99,1.99,8422243006083,HRANA
ĆEVAPČIĆI 810g  B BRAND PIK,02404158,PIK VRBOVEC,0.81 kg,ko,,6.78,5.49,3.95,3.95,3850139404302,HRANA
VINO ŽDREPČEVA KRV 1L ČOKA,03017798,VIN ČOKA,1.00 l,ko,4.29,4.29,,3.39,4.29,8600102938076,PIĆE
PUDING DUPLA ČOKOL TRES CHIC 200g VINDIJA,90409717,VINDIJA,0.20 kg,ko,1.25,6.25,,1.25,1.25,3850108023916,HRANA
ŠKAMP II ŽUVELA,90409730,ŽUVELA,1.00 kg,kg,25.09,25.09,,15.04,25.09,,HRANA
JUHA GOVEĐA S REZANC 37g MAGGI,90453971,MAGGI,0.04 kg,ko,0.75,20.27,,0.45,0.75,7613287314949,HRANA
KAPARI U OCTU 200g SACLA,90485200,SACLA,0.11 kg,ko,2.79,25.36,,2.79,2.79,8001060001657,HRANA
GRAH CRVENI 200/120g BONDUELLE,90493838,BONDUELLE,0.12 kg,ko,1.05,8.75,,0.74,1.05,3083680496117,HRANA
JOGURT LIGHT 0.9% 1KG PET VINDIJA,90513948,Z BREGOV,1.00 kg,ko,2.45,2.45,,1.99,2.45,3850108037395,HRANA
BUNDEVA LJUSKA SJEM GARDEN GOOD 200g,90514408,GARDEN GOOD,0.20 kg,ko,1.49,7.45,,1.05,1.49,3838900988091,HRANA
SWIFFER JEDNOKR KRPICE PRAŠINA 36/1,90569080,SWIFFER,36.01 ko,ko,9.99,0.28,,9.99,9.99,8006540307939,SREDSTVA ZA ČIŠĆENJE
GEL TUŠ AFROD MED & MLIJEKO 1L,90571588,AFRODITA,1.00 l,ko,5.99,5.99,,5.99,5.99,3831070658054,KOZMETIKA
TJEST ŠPAGETI 250g LE VENEZIANE,90573285,LE VENEZIANE,0.25 kg,ko,2.19,8.76,,2.19,2.19,8009915000251,HRANA
SIR TOPLJ LISTIĆI GOUDA 150g DUKAT,90573707,PRESIDENT,0.15 kg,ko,1.79,11.93,,1.79,1.79,3228022210048,HRANA
SIR POLUTVRDI PODRAVEC PRESIDENT,90573768,PRESIDENT,1.00 kg,kg,,8.99,8.99,8.99,12.49,3850355007448,HRANA
FELIX MM SENSAT PIL MRKVA 85g,90582734,FELIX,0.09 kg,ko,0.79,9.29,,0.79,0.79,7613287490223,PROIZVODI ZA KUĆANSTVO
OM ORNEL FLOWER GARDEN 3.75L,90597925,ORNEL,3.75 l,ko,4.49,1.2,,4.49,4.49,3850105177322,SREDSTVA ZA ČIŠĆENJE
POLI LIGHT 500g PERUTNINA,90598602,POLI,0.50 kg,ko,4.25,8.5,,4.25,4.25,3850220154086,HRANA
PEDIGREE DENTASTIX CH CHUNX MINI 68g,90599856,PEDIGREE,0.07 kg,ko,1.79,26.32,,1.43,1.79,4008429136382,PROIZVODI ZA KUĆANSTVO
FLIPS GUSTO PUFULETI 85g,90600129,GUSTO,0.09 kg,ko,0.99,11.65,,0.99,0.99,5941868200087,HRANA
PIVO ERDINGER HELLES 0.5L NB ,90607830,ERDINGER,0.50 l,ko,2.15,4.3,,1.65,2.15,4005873210255,PIĆE
KEKS KEKSOLINO KAKAO 140g,90617948,LINO,0.14 kg,ko,1.89,13.5,,1.89,1.89,3856020254827,HRANA
CORNFLAKES MY LIFE 250g,90623857,MY LIFE,0.25 kg,ko,1.26,5.04,,1.26,1.26,3858891293608,HRANA
ISTARSKI MIX NAREZAK 210g MAP,90647776,PISINIUM,0.21 kg,ko,7.99,38.05,,7.99,7.99,3858894290369,HRANA
BOMBON PUNJENI TOFIX 1000g,90648051,ELVAN,1.00 kg,ko,6.29,6.29,,6.29,6.29,8693029030077,HRANA
DET JAR PLAT PLUS LEMON 29 TAB ,90662878,JAR ADW,29.00 ko,ko,21.59,0.74,,10.79,21.59,8006540751244,SREDSTVA ZA ČIŠĆENJE
DET JAR PLAT PLUS LEMON 54 TAB,90662885,JAR ADW,54.03 ko,ko,36.79,0.68,,18.38,36.79,8006540751299,SREDSTVA ZA ČIŠĆENJE
NAPITAK O.K. ENERGY DRINK 0.25L,90670491,OK,0.25 l,ko,0.65,2.6,,0.65,0.65,3850334070715,PIĆE
SIR POLUTV CHEDDAR MAT 200g DUB DAI,90672928,DUBLIN DAIRY,0.20 kg,ko,3.69,18.45,,3.69,3.69,5902431275451,HRANA
ALUFOLIJA EXTRA ČVRSTA 20MX29cm F&P,90675170,FRESH&PACK,1.00 ko,ko,2.39,2.39,,1.79,1.79,3850334431585,PROIZVODI ZA KUĆANSTVO
MASLAC OD IND ORAŠ 350g ANNAPURNA,90697846,ANNAPURNA,0.35 kg,ko,8.63,24.66,,8.63,8.63,3859890343967,HRANA
BRANCIN OČIŠĆENI KONZUM,90699411,,1.00 kg,kg,,10.49,10.49,5.99,5.99,,HRANA
ČETKICA SIGNAL SENSISOFT CLEAN 2/1,90702700,SIGNAL,2.00 ko,ko,3.49,1.75,,2.38,2.38,8720181275401,KOZMETIKA
NAPITAK ZOB BG 1L FREE ZONE,90702831,FREE ZONE,1.00 l,ko,1.85,1.85,,1.85,1.85,3850334043023,HRANA
PIVO HEINEKEN SILVER 4PACK 0.33L LIM,90703110,HEINEKEN,1.32 l,ko,4.65,3.52,,4.65,4.65,3850103902483,PIĆE
FREIXENET ITALIAN ROSE EDRY 0.75L,90703754,FREIXENET,0.75 l,ko,14.99,19.99,,14.99,14.99,8410036806934,PIĆE
BOMBONI HAPPY COLA FIZZ  HARIBO 100g,90704309,HARIBO,0.10 kg,ko,1.59,15.9,,1.19,1.59,9002975331593,HRANA
KROASAN SUNNY MINI VANIL 60g,90705763,SUNNY,0.06 kg,ko,0.59,9.83,,0.59,0.59,3850334043160,HRANA
DET DASH AMBER 31TAB,90705827,DASH,31.00 ko,ko,19.59,0.63,,19.59,19.59,8006540991619,SREDSTVA ZA ČIŠĆENJE
MASLINE KALAMATA SINGLE FARM OTKOŠ 160g,90706522,ILIADA,0.16 kg,ko,3.99,24.94,,2.99,3.99,5201043105256,HRANA
KAVA ESPRESSO ZRNO 1892 500g FRANCK,90707110,FRANCK,0.50 kg,ko,16.19,32.38,,16.19,16.19,3850291054032,HRANA
PRIPRAVAK ZA ŠLAG CREME PATISS 200ml,90707699,MEGGLE,0.20 l,ko,1.19,5.95,,1.19,1.19,8585002510600,HRANA
UMAK POP 260g,90714249,PLANET OF PLANTS,0.26 kg,ko,2.25,8.65,,2.25,2.25,3856015328533,HRANA
VINO ROSE MINUTY M 0.75L,90724705,MINUTY,0.75 l,ko,20,26.67,,20,20,3547102222000,PIĆE
BUDDY MP JUNIOR PIL GOV RIŽA 300G,90725770,BUDDY,0.30 kg,ko,0.99,3.3,,0.75,0.99,3850334043726,PROIZVODI ZA KUĆANSTVO
MEDENICA S TARTUF 200ml ZIGANTE,90725960,ZIGANTE,0.20 l,ko,18.09,90.45,,18.09,18.09,3858891981963,HRANA
JUHA POV NOODLES MINUTE 4X70g,90730965,MINUTE,0.28 kg,ko,,4.25,1.19,1.69,1.69,3850334070517,HRANA
OM LENOR NORTHERN SOLSTICE 770ml,90731340,LENOR,0.77 l,ko,5,6.49,,5,5,8700216162555,SREDSTVA ZA ČIŠĆENJE
ŠAMPON AFR KON KERATIN 950ml,90744825,AFRODITA,0.95 l,ko,5.59,5.88,,5.59,5.59,3831070661627,KOZMETIKA
DET PERSIL SENSITIVE 1.98kg=36PR,90745001,PERSIL,1.98 kg,ko,,5.05,9.99,9.99,9.99,9000101805017,SREDSTVA ZA ČIŠĆENJE
DET PERWOLL WOOL 1L=20PR,90745043,PERWOLL,1.00 l,ko,3,3,,3,3,9000101810387,SREDSTVA ZA ČIŠĆENJE
KAŠA ZOB FUN&FIT ŠUM VOĆ 60 g,90750740,FUN&FIT,0.06 kg,ko,0.89,14.83,,0.89,0.89,8606015858159,HRANA
SOM AFR FILET PP ORAHOVICA,90750845,PP ORAHOVICA,1.00 kg,kg,17.19,17.19,,10.31,17.19,3858889834226,HRANA
ČOK. CREMISSIMO BIJELA ČOKOLADA 40g,90754835,POLLEO,0.04 kg,ko,2.49,62.25,,2.49,2.49,3856026808451,HRANA
PRALINE FAVOURITES MILKA MIX 158 g,90754901,MILKA,0.16 kg,ko,5.99,37.91,,4.49,5.99,7622201386016,HRANA
MIC VODA ZORINA MAST ENZIMI 300ml,90730236,ZORINA MAST,0.30 l,ko,8.99,29.97,,8.99,8.99,3859894008275,KOZMETIKA
TJEST REZANCI 400g BRONZA,90730983,BRONZA,0.40 kg,ko,3.19,7.98,,3.19,3.19,3857500128539,HRANA
NEKTAR VINDI DISNEY NARANČA 0.2L,90731584,VINDI,0.20 l,ko,0.65,3.25,,0.65,0.65,3850108078220,PIĆE
ŠAMPON OLEA OŠTEĆENA KOSA 300ml,90735070,OLEA,0.30 l,ko,1.29,4.3,,1.29,1.29,3850334073457,KOZMETIKA
NEG PIĆE OMG BUBBLE TEA MARAKUJA 0.27L,90733412,OMG BUBBLE TEA,0.27 l,ko,3.75,13.89,,3.75,3.75,4779033974218,PIĆE
KRUH HRSK INTEG RAŽ 125g ACTIVE ZONE,90739854,ACTIVE ZONE,0.13 kg,ko,1.49,11.92,,1.19,1.49,3838900835173,HRANA
PLOČICA PROTEIN JAGODA 40g ROOBAR,90739981,ROOBAR,0.04 kg,ko,2.29,57.25,,1.59,2.29,3800233782455,HRANA
PAKET TRUFFLE GIFT SET 155g ZIGANTE,90744816,ZIGANTE,0.16 kg,ko,18.99,122.52,,18.99,18.99,3858891982694,HRANA
KOLAČ PITA VIŠNJA 6/1 470g,90745543,KATA,0.47 kg,ko,7.99,17,,5.99,7.99,3859893454158,HRANA
DOMESTOS PF FLORAL 700ml,90750202,DOMESTOS,0.70 l,ko,3.99,5.7,,3.99,3.99,8720181345920,SREDSTVA ZA ČIŠĆENJE
MY PETS SP GOVEDINA 10 kg,90750491,MY PETS,10.00 kg,ko,9.99,1,,7.99,9.99,3850334102942,PROIZVODI ZA KUĆANSTVO
DET PERSIL GEL UNIVERSAL 4.5L 100PR,90750739,PERSIL,4.50 l,ko,19.99,4.44,,19.99,19.99,9000101567281,SREDSTVA ZA ČIŠĆENJE
RUČNIK PAP DAISY 50L 2SL 4/1,90754757,DAISY,4.00 ko,ko,1.35,0.34,,1.35,1.35,3850334072665,PROIZVODI ZA KUĆANSTVO
KEKS SANDWICH JOGURT BŠ 220 g GULLON,90754997,GULLON,0.22 kg,ko,,8.14,1.79,2.99,2.99,8410376042481,HRANA
PUDING PROTEIN ČOK 200g STAY STRONG,90764689,STAY STRONG,0.20 kg,ko,1.49,7.45,,1.49,1.49,3850354018490,HRANA
ČIPS CHIO SLANI 130 g,90764968,CHIO,0.13 kg,ko,2.19,16.85,,1.79,2.19,3856021306686,HRANA
GEL TUŠ J&J ADULT BRESKVA JOG 750 ml,90765128,J&J,0.75 l,ko,,6.5,4.89,6.99,6.99,3574661387239,KOZMETIKA
ŠAMP I KUP SEPTONA BABY BOYS 500ml,90765171,SEPTONA,0.50 l,ko,4.99,9.98,,4.99,4.99,5201410220650,KOZMETIKA
PAPRIKA MLJEV SLATKA 100 g SPICE CHEF,90770536,SPICE CHEF,0.10 kg,ko,0.89,8.9,,0.62,0.62,3850334101037,HRANA
ŽV GUMA AIRW EXTREME BOČ 64 g,90770792,WRIGLEY,0.06 kg,ko,3.69,57.66,,3.69,3.69,4009900550208,HRANA
KUPKA FELCE AZZ HIBIS I PAPAR 650 ml,90774687,FELCE AZZURA,0.65 l,ko,4.85,7.46,,4.85,4.85,8001280068140,KOZMETIKA
BOJA ZA OBRVE SYOSS TAMNO SMEĐA,90775236,SYOSS,1.00 ko,ko,12.99,12.99,,10.99,12.99,9000101715866,KOZMETIKA
VINO CHARDONNAY TOUCH 3L BIB,90770054,TOUCH,3.00 l,ko,9.39,3.13,,7.49,9.39,3859893289187,PIĆE
PLATA DALMATINKA 1150 g PLATA DO VRATA,90774878,PLATA DO VRATA,1.15 kg,ko,34.5,30,,31.5,31.5,3859894230058,HRANA
TRETMAN GLISS NIGHT UL REPAIR 100 ml,90775219,GLISS,0.10 l,ko,,79.9,7.99,9.99,9.99,5410091767334,KOZMETIKA
KREMA NIVEA REPAIR&CARE DRY 400 ml,90775315,NIVEA,0.40 l,ko,,19.58,7.83,8.39,11.19,9005800380544,KOZMETIKA
PEDIGREE MP PIL POVR 100g VR,90775477,PEDIGREE,0.10 kg,ko,0.89,8.9,,0.69,0.89,5900951312946,PROIZVODI ZA KUĆANSTVO
KREKER RIŽA BIO ZONE 120 g,90779982,BIO ZONE,0.12 kg,ko,1.19,9.92,,1.19,1.19,3838900820292,HRANA
PIRE VOĆNI RELAX BIO 200 g O PLANT,90780068,O PLANT,0.20 kg,ko,1.99,9.95,,1.59,1.99,3856020270667,HRANA
CEDEVITA FRESH ANANAS MANGO 0.34 L,90784751,CEDEVITA,0.34 l,ko,1.15,3.38,,1.05,1.15,3850322016565,PIĆE
BRAŠNO K PLUS PŠENIČNO INTEGRALNO 1kg,90789887,K PLUS,1.00 kg,ko,0.99,0.99,,0.99,0.99,3850334110596,HRANA
VREĆICA PAPIRNATA KONZUM,90794966,K PLUS,1.00 ko,ko,0.39,0.39,,0.39,0.39,3850334113726,PROIZVODI ZA KUĆANSTVO
KOKTELI ICE CLASSIC MIX 5X65 ml,90799876,24ICE,0.33 l,ko,2,6.16,,2,2,8718868983053,HRANA
SALV PALOMA BOŽIĆ CHILDREN 33X33 20/1,90800099,PALOMA,20.00 ko,ko,2.29,0.11,,2.29,2.29,3838952035583,PROIZVODI ZA KUĆANSTVO
VREĆA SMEĆE MD VEZ 45L 20/1 DAX,90800592,DAX,20.00 ko,ko,1.89,0.09,,1.51,1.89,3850334315328,PROIZVODI ZA KUĆANSTVO
SIRUP ZA KAVU KARAMELA 0.25l MONIN,90804720,MONIN,0.25 l,ko,6.99,27.96,,6.99,6.99,3052910013677,HRANA
RIKULA BIO 90 g,90809841,ORGANIC WILD ROCKET,0.09 kg,ko,1.39,15.44,,1.39,1.39,3856028689232,HRANA
OM SILAN MALDIVES 1.1 L,90810334,SILAN,1.10 l,ko,,2.54,2.79,2.79,2.79,9000101800852,SREDSTVA ZA ČIŠĆENJE
ALBAKOR RZ KOMIŽA,90814672,RZ KOMIŽA,1.00 kg,kg,16.49,16.49,,9.89,16.49,,HRANA
JELO U ČAŠI PILETINA 65g FINI MINI,90814677,FINI MINI,0.07 kg,ko,1.69,26,,1.18,1.18,3856020270063,HRANA
ZP SENSOD CLINICAL REPAIR 75 ml,90814955,SENSODYNE,0.08 l,ko,,90.4,6.78,7.99,7.99,5054563207357,KOZMETIKA
ČAJ ŠUMSKO VOĆE 60g AGRISTAR ,90824932,AGRISTAR,0.06 kg,ko,2.39,39.83,,2.39,2.39,3858886509097,HRANA
KAKAO NAPITAK 400g CHOCOVADO,90824988,CHOCOVADO,0.40 kg,ko,5.79,14.48,,5.79,5.79,3857500031594,HRANA
PUDING VAN/MAL SPECIAL MOMENTS 170 g,90825060,SPECIAL MOMENTS,0.17 kg,ko,1.19,7,,0.99,0.99,3850334428691,HRANA
PIVO LP WAITAPU BLONDE ALE 0.5 L LIM,90809850,LEPI DEČKI,0.50 l,ko,2.35,4.7,,2.35,2.35,3859894040220,PIĆE
SALATA PILETINA PIKANT 160g ARGETA ,90825318,ARGETA,0.16 kg,ko,4.19,26.19,,4.19,4.19,3838471055499,HRANA
KEKS SPECIAL M DOMINO KOCKE 125g,90825658,SPECIAL MOMENTS,0.13 kg,ko,1.99,15.92,,1.39,1.99,3850334428790,HRANA
DET PUR BALSAM HANDS&NAILS 750 ml,90826098,PUR,0.75 l,ko,,2.39,1.79,1.79,1.79,9000101386837,SREDSTVA ZA ČIŠĆENJE
JUHA KRUMPIR HIGH PROTEIN 30 g BETTR,90826200,BETT R,0.03 kg,ko,1.49,49.67,,1.49,1.49,3800233782745,HRANA
NAPITAK SOJA BARISTA 1 L ALPRO,90830291,ALPRO,1.00 l,ko,3.09,3.09,,3.09,3.09,5411188115434,HRANA
BUREK SA SIROM 400 g BUJRUM,90830101,BUJRUM,0.40 kg,ko,,10.45,4.18,4.99,4.99,3870218001154,HRANA
SOK ARONIJA 0.75 L ENCIAN,90835158,ENCIAN,0.75 l,ko,7.75,10.33,,7.75,7.75,3858894620340,PIĆE
SENF ESTRAGON ST 200g PODRAVKA,01530101,PODRAVKA,0.20 kg,ko,2.19,10.95,,2.19,2.19,3850104092176,HRANA
MASLINE ZELENE S PAP 200g ZVIJEZDA,01580216,ZVIJEZDA,0.20 kg,ko,3.39,16.95,,3.39,3.39,3858882213790,HRANA
PANCETA DO 400g VAC PODRAVKA,02019107,PODRAVKA,1.00 kg,kg,23.39,23.39,,23.39,23.39,3859890848288,HRANA
PARIZER PIKO 400g PIK VRBOVEC,02044262,PIKO,0.40 kg,ko,3.99,9.98,,3.19,3.99,3850139191134,HRANA
SIR MEKI BRIE 200g DUKAT,02103071,PRESIDENT,0.20 kg,ko,4.39,21.95,,3.79,4.39,3228020232028,HRANA
SIR MEKI PUNOMASNI SALAKIS 500g DUK,02103167,PRESIDENT,0.50 kg,ko,7.69,15.38,,7.69,7.69,3850355001651,HRANA
PAS OGULJENI,02197525,,1.00 kg,kg,10.19,10.19,,5.87,9.79,93856024300929,HRANA
TRLJA II SVJ CENTAURUS,02197739,,1.00 kg,kg,4.09,4.09,,2.45,4.09,3856023601307,HRANA
VRHNJE KISELO 20% 900g DUKAT,02334276,BRZO&FINO,0.90 kg,ko,4.49,4.99,,4.49,4.49,3850354009887,HRANA
JOGURT ACTIVIA MUS JAGODA MIX 4x125g,02334299,ACTIVIA,0.50 kg,ko,2.85,5.7,,2.85,2.85,5997536301945,HRANA
PIZZA POPS PA PILEĆE OKRUGLICE 500g,02370035,CEKIN,0.50 kg,ko,6.79,13.58,,6.39,6.39,3850159140570,HRANA
SV SLABINA I LEĐA SK BEZ FILEA  ,02400067,PIK VRBOVEC,1.00 kg,kg,5.49,5.49,,5.49,5.49,3850139523409,HRANA
SV CARSKO MESO NEOB  III KAT,02400080,PIK VRBOVEC,1.00 kg,kg,5.19,5.19,,5.19,5.19,3850139523508,HRANA
LIKER JULISCHKA 1L,03070194,NIMCO,1.00 l,ko,15.35,15.35,,15.35,15.35,4000152000107,PIĆE
PIVO KARLOVAČKO 0.5L BOCA POV AMB KP,03130207,KARLOVAČKO,0.50 l,ko,1.19,2.38,,1.19,1.19,3850103000820,PIĆE
NEGAZ PIĆE JUICY FRUITS LIMUNADA 0.5L,03141834,JUICY FRUITS,0.50 l,ko,1.09,2.18,,1.05,1.09,3858890975215,PIĆE
ULJE MASLIN EX DJ 0.75L ZVIJEZD,03210018,ZVIJEZDA,0.75 l,ko,10.99,14.65,,10.99,10.99,3858882211567,HRANA
ROLAT SWEET 300g BALCONI,04027624,BALCONI,0.30 kg,ko,2.09,6.97,,2.09,2.09,8001585002153,HRANA
BRAŠNO OŠTRO T-400 1kg FARINA,04030359,FARINA,1.00 kg,ko,0.83,0.83,,0.83,0.83,3859890160045,HRANA
TIJESTO LASAGNE 112 500g ZARA,04050190,PASTA ZARA,0.50 kg,ko,2.49,4.98,,2.49,2.49,8004350131126,HRANA
TIJESTO SPAGHETT 5 1kg BARILLA,04050379,BARILLA,1.00 kg,ko,3.69,3.69,,3.69,3.69,8076800105056,HRANA
TIJESTO LAZANJE ZELENE 500g KLARA M,04050523,KLARA M,0.50 kg,ko,4.39,8.78,,3.09,4.39,3859888499119,HRANA
TIJESTO MINI PENE RIGATE 500g BARILA,04055529,BARILLA,0.50 kg,ko,2.45,4.9,,2.45,2.45,8076809521581,HRANA
KAVA BARCAFFE MLJEV VAC 250g,04070114,BARCAFFE,0.25 kg,ko,5.29,21.16,,5.29,5.29,3838975531703,HRANA
INSTANT NESCAFE GOLD VR 75g,04070428,NESCAFE,0.08 kg,ko,5.29,70.53,,5.29,5.29,5998710981533,HRANA
KAVA ESPRES EX 140g DOZE ZA APARA,04070778,FRANCK,0.14 kg,ko,9.99,71.36,,9.99,9.99,3858881082410,HRANA
ČAJ BOROVNICA FILT 55g OMOT FRANCK,04090281,FRANCK,0.06 kg,ko,2.49,45.27,,2.49,2.49,3858881083851,HRANA
ČAJ ZELENI S MENTOM 40g AHMAD,04090588,AHMAD,0.04 kg,ko,3.45,86.25,,3.45,3.45,054881007511,HRANA
RUŽMARIN CIJELI 35g BOČ KOTANYI,04100135,KOTANYI,0.04 kg,ko,2.15,61.43,,1.99,2.15,9001414041871,HRANA
PAPAR ZELENI ZRNO 12g VREĆ KOTANY,04100269,KOTANYI,0.01 kg,ko,1.49,124.17,,1.49,1.49,9001414010075,HRANA
PAPAR CRNI MLJEVENI 50g  FRANCK,04100346,FRANCK,0.05 kg,ko,1.89,37.8,,1.89,1.89,3858881083103,HRANA
ŠEĆER SMEĐI GOLD 1kg BILLINGTON,04120020,BILLINGTON,1.00 kg,ko,4.49,4.49,,4.49,4.49,5010651001559,HRANA
MED CVJETNI 300g TUBA MEDO FLOR,04130126,MEDO FLOR,0.30 kg,ko,3.39,11.3,,3.39,3.39,3859888378872,HRANA
PECIVO KVIKI GRIC PANCETA 50g,04140556,KVIKI,0.05 kg,ko,0.89,17.8,,0.89,0.89,3850104024917,HRANA
PUDING VRHNJE 40g DR OETKER,04180032,DR OETKER,0.04 kg,ko,0.72,18,,0.72,0.72,5997381312387,HRANA
ZAČIN PIKANT FIX KISELI 100g DR OETK,04183458,DR OETKER,0.10 kg,ko,0.99,9.9,,0.99,0.99,5997381327077,HRANA
ČOKOL ZA JELO I KUHANJE 200g KRAŠ,04341008,DORINA,0.20 kg,ko,3.89,19.45,,2.99,2.99,3850102113613,HRANA
ZP SENSOD WHITENING 75ML 0706,06511267,SENSODYNE,0.08 l,ko,,62.8,4.71,5.55,5.55,5054563232908,KOZMETIKA
MASKA ELSEVE TOT REPAIR 300ml,06541701,LOREAL ELSEVE,0.30 l,ko,,17.3,5.19,6.49,6.99,3600523569762,KOZMETIKA
BOJA PALETTE PNC 800 50+2X25ml,06543344,PALETTE PNC,0.10 l,ko,4.49,44.9,,4.49,4.49,3838824171524,KOZMETIKA
LOSION NIV SUN HIDRAT POS SUN 200ml,06592247,NIVEA,0.20 l,ko,,32.45,6.49,10.89,10.89,4005808478941,KOZMETIKA
SOMAT 750ml ISPIRANJE/SJAJ,08010411,SOMAT,0.75 l,ko,,3.99,2.99,2.99,2.99,9000100344098,SREDSTVA ZA ČIŠĆENJE
PERMETAL GOLD 650ml,90039890,PERMETAL,0.65 l,ko,3.29,5.06,,2.63,3.29,3850111753619,SREDSTVA ZA ČIŠĆENJE
UMAK TERIYAKI WOK 240ML GO-TAN,90059202,GO-TAN,0.24 l,ko,3.19,13.29,,3.19,3.19,8710605627015,HRANA
BALZAM TIJ NEUTROGENA ULT NOUR 300ML,90064244,NEUTROGENA,0.30 l,ko,,24.2,7.26,9.09,9.09,3574661610344,KOZMETIKA
KREMA AFROD NOĆNA CALEND 50ML,90106745,AFRODITA,0.05 l,ko,8.99,179.8,,8.99,8.99,3831070659969,KOZMETIKA
PAŠTETA JETRENA ARGETA 95g,90113280,ARGETA,0.10 kg,ko,1.39,14.64,,1.19,1.19,3838975567030,HRANA
PEL GAĆ PAMP JUNIOR JP 48/1,90167387,PAMPERS,48.01 ko,ko,,0.31,14.99,21.63,21.63,8006540069325,TOALETNE POTREPŠTINE
SMOKED SALMON ROLL 199G GRUPO OHANA,90184061,AS SUSHI,0.20 kg,ko,7.15,35.93,,7.15,7.15,0604580001213,HRANA
CHEF'S #3 SPECIAL 199G GRUPO OHANA,90184679,AS SUSHI,0.20 kg,ko,11.93,59.95,,11.93,11.93,0604580003903,HRANA
PREMIJA TERYIAKI UMAK 35G GRUPO OHA,90185225,AS SUSHI,0.04 kg,ko,1.71,48.86,,1.71,1.71,0604580003576,HRANA
ZAČIN ZA KRUMPIR 30g VEGETA NATUR,90185735,VEGETA NATUR,0.03 kg,ko,1.19,39.67,,0.79,1.19,3850104278587,HRANA
ZAČIN ZLAT PILETINA 30g VEGETA NATUR,90185738,VEGETA NATUR,0.03 kg,ko,1.19,39.67,,0.79,1.19,3850104278563,HRANA
MASLINE CRNE BEZ KOŠTICA 135g,90135739,POLLI,0.14 kg,ko,3.19,23.63,,3.19,3.19,8001310064074,HRANA
NEGAZ PIĆE MARELICA FRUCTAL CLASS 1L,90142235,FRUCTAL,1.00 l,ko,,1.49,1.49,1.39,1.89,3838945029261,PIĆE
BOJA EXCELLENCE 8.1,90154972,LOREAL EXCELLANCE,1.00 ko,ko,,6.69,6.69,8.59,8.99,3600523724963,KOZMETIKA
NESTLE CORNFLAKES 500G BAG,90174338,NESTLE ŽITAR,0.50 kg,ko,,6.78,3.39,3.99,3.99,5900020025456,HRANA
KIKIRIKI EC SUHO PRŽ NESLANI 125g,90241105,EUROCOMPANY,0.13 kg,ko,1.19,9.52,,1.19,1.19,3872084007964,HRANA
KEFIR 3.5%MM TREX 1000G VINDIJA,90268103,Z BREGOV,1.00 kg,ko,2.39,2.39,,2.09,2.39,3850108030488,HRANA
SV MLJEVENA 540G (MA),90276060,PIK VRBOVEC,0.54 kg,ko,2.22,4.11,,1.55,2.22,3850139540598,HRANA
STAKLO VIOLETA FRESH 750ml,90290673,VIOLETA,0.75 l,ko,2.19,2.92,,1.59,1.59,3870128012806,SREDSTVA ZA ČIŠĆENJE
COCKTAIL COSMOPOLITAN 0.33l nb,90291837,A LE COQ,0.33 l,ko,1.65,5,,1.15,1.55,4740098002871,PIĆE
TIJESTO PUŽIĆI 1kg GRANO DORO,90296102,GRANO DORO,1.00 kg,ko,1.69,1.69,,1.45,1.69,3850334349781,HRANA
LIKER APERITIVO 1l,90296304,APERITIVO,1.00 l,ko,9.05,9.05,,9.05,9.05,8004180500000,PIĆE
PIVO SAN SERVOLO TAMNO 0.33L NB,90300351,SAN SERVOLO,0.33 l,ko,2.75,8.33,,2.75,2.75,3859893049095,PIĆE
JUN GRUDI MARTINJAK MHF,90308787,,1.00 kg,kg,8.79,8.79,,8.79,8.79,3859893702440,HRANA
COCKTA ORIGINAL 0.5L,90310495,COCKTA,0.50 l,ko,1.25,2.5,,1.25,1.25,3838471032476,PIĆE
ROLL ON MEN EXPERT THERM RES 50ml,90310826,MEN EXPERT,0.05 l,ko,5.19,103.8,,4.79,5.19,3600523595518,KOZMETIKA
VINO GRAŠEVINA 1L VINA BELJE,90311372,BELJE,1.00 l,ko,6.55,6.55,,6.55,6.55,3850257019440,PIĆE
GEL TUŠ NIVEA MEN ROCK SALTS 500ml,90311685,NIVEA,0.50 l,ko,6.69,13.38,,2.99,6.69,5900017062235,KOZMETIKA
PEL KUPANJE PAMPERS 3 6-11kg 12/1,90316310,PAMPERS,12.00 ko,ko,8.76,0.73,,8.76,8.76,8001090698346,TOALETNE POTREPŠTINE
HRANA PSI VON BARF START 10X250g,90320214,VON BARF,2.50 kg,ko,21.49,8.6,,17.18,21.49,3859893426070,PROIZVODI ZA KUĆANSTVO
NAMAZ VOĆ MAR 220G DARBO,90326064,DARBO,0.22 kg,ko,3.29,14.95,,3.29,3.29,9001432035876,HRANA
SLAD HAAGEN DAZS MANGO MALINA 460 ML,90360202,HAAGEN DAZS,0.46 l,ko,7.49,16.25,,7.49,7.49,3415581165838,HRANA
DEO OLD SPICE CAPTAIN 150ml,90362371,OLD SPICE,0.15 l,ko,,24.93,3.74,4.99,4.99,8001090962867,KOZMETIKA
VANISH POW WHITE 625g,90362912,VANISH,0.63 kg,ko,10,16,,10,10,5997321747804,SREDSTVA ZA ČIŠĆENJE
NEGAZ PIĆE JUICY FRUITS TREŠNJA PET 1.5L,90362978,JUICY FRUITS,1.50 l,ko,1.69,1.13,,1.39,1.69,3858890977035,PIĆE
PARIZER PILEĆI JELI 350g,90363408,JELI,0.35 kg,ko,1.79,5.11,,1.79,1.79,3858881224124,HRANA
GRAH GARDEN GOOD BIJELI 500g,90363725,GARDEN GOOD,0.50 kg,ko,1.49,2.98,,1.09,1.09,3838900957004,HRANA
KEKS BISCOFF KARAMEL 250G LOTUS,90363951,LOTUS,0.25 kg,ko,2.65,10.6,,2.65,2.65,5410126716016,HRANA
NEKTAR BCE 1L ČEP,90366073,VINDI,1.00 l,ko,1.49,1.49,,1.49,1.49,3850108072778,PIĆE
PROSECCO LA DOLCE ITALIA 0.75 L,90380586,LA DOLCE ITALIA PROSECCO,0.75 l,ko,9.05,12.07,,9.05,9.05,8000428030704,PIĆE
NAPITAK MONSTER MANGO LOCO 0.5L,90382349,MONSTER,0.50 l,ko,1.95,3.9,,1.95,1.95,5060639121618,PIĆE
BUNCEK DIMLJENI VP MM,90382399,MM,1.00 kg,kg,6.49,6.49,,6.49,6.49,3859893170485,HRANA
SV VRAT BK ODR 560g PIK,90385917,PIK VRBOVEC,0.56 kg,ko,4.39,7.84,,3,4.39,3850139445770,HRANA
ZOB PLOČ S KOM ČOK I ČOK PRELJ 100 G MB,90391689,MA BAKER,0.10 kg,ko,1.79,17.9,,1.79,1.79,5034444101714,HRANA
GEL TUŠ L'ANGELICA BAZGA 500ml,90402773,L ANGELICA,0.50 l,ko,3.25,6.5,,1.99,3.25,8017331076897,KOZMETIKA
AMUR LED KUPA,90402973,RIBNJAK,1.00 kg,kg,4.15,4.15,,2.49,4.15,,HRANA
SOK OD KUPINE  0.75L BOKUN,90403911,BOKUN,0.75 l,ko,7.09,9.45,,7.09,7.09,3859891224418,PIĆE
VINO CUVEE MILATIĆ 0.75l,90405548,OPG IVO MILATIĆ,0.75 l,ko,7.45,9.93,,7.45,7.45,3857500048264,PIĆE
KAVA LEDENA FRANCK CAPPUCCINO 230ml,90405696,FRANCK,0.23 l,ko,1.59,6.91,,1.59,1.59,3850291050386,HRANA
KOCKA KOKOŠJA RETRO 120g PODRAVKA,90412425,PODRAVKA,0.12 kg,ko,2.09,17.42,,1.39,2.09,3856020245887,HRANA
SENDVIČ MINUTE PILETINA TROKUT 170g,90412527,MINUTE,0.17 kg,ko,2.49,14.64,,2.49,2.49,3850334232311,HRANA
TELECI KARE SK FREN RACK OBR T BOER,90424990,T BOER & ZN,1.00 kg,kg,31.79,31.79,,31.79,31.79,,HRANA
PAŠTETA KOKOŠJA JETRENA  100g,90427965,GAVRILOVIĆ,0.10 kg,ko,1.19,11.9,,1.19,1.19,3858890207644,HRANA
SRDELE SLANE OČIŠĆ U DJEV MASL ULJU 320g PELAGOS,90432905,PELAGOS,0.18 kg,ko,8.59,47.72,,8.59,8.59,3859893545610,HRANA
TORTA MEDENA S ORASIMA 800g MARLENKA,90437999,MARLENKA,0.80 kg,ko,15.99,19.99,,15.99,15.99,8594071650018,HRANA
DET ČARLI ORIGINAL 450ml,90468628,ČARLI,0.45 l,ko,1.39,3.09,,1.29,1.29,3850111304309,SREDSTVA ZA ČIŠĆENJE
POMMES FRITES VALOVITI MINUTE 1Kg,90478436,MINUTE,1.00 kg,ko,2.99,2.99,,1.99,2.99,3858884500058,HRANA
COCKTAIL RTD BATIDA MARACU 0.25L ,90484923,BATIDA,0.25 l,ko,2.99,11.96,,2.99,2.99,4003310017177,PIĆE
OCAT JABUČNI 1 l PREHRANA,90879735,PREHRANA,1.00 l,ko,1.19,1.19,,1.19,1.19,3859891093106,HRANA
MASKA NEUTROGENA C&D 150 ml,90885885,NEUTROGENA,0.15 l,ko,,50.53,7.58,9.49,9.49,3574661499666,KOZMETIKA
WHISKAS SM PILET POVRĆE 300g,01641664,WHISKAS,0.30 kg,ko,,6.63,1.99,1.99,2.39,5900951014055,PROIZVODI ZA KUĆANSTVO
SIR POLUTV EDAMAC 250g ZDENKA,02055619,ZDENKA,0.25 kg,ko,4.19,16.76,,4.19,4.19,3858888590482,HRANA
KOLAČ MUFFIN ČOKOLADA 62g KLARA,04024070,KLARA,0.06 kg,ko,1.29,20.81,,1.29,1.29,3858881324527,HRANA
ROLADE MINI  MILK 222g 6/1,04024156,BALCONI,0.22 kg,ko,2.29,10.32,,2.29,2.29,8001585001323,HRANA
SWIFFER JEDNOKR KRPICE PRAŠINA 18/1,90569076,SWIFFER,18.00 ko,ko,5.69,0.32,,5.69,5.69,8006540307908,SREDSTVA ZA ČIŠĆENJE
DET JAR LEMON 2X1.35L PROMO,90572031,JAR HDW,2.70 l,ko,6.49,2.4,,6.49,6.49,8006540463598,SREDSTVA ZA ČIŠĆENJE
FELIX MM LOSOS 85g,90582730,FELIX,0.09 kg,ko,0.79,9.29,,0.65,0.79,7613287489999,PROIZVODI ZA KUĆANSTVO
BURGER 100% BOŠKARIN 200g PISIN,90600226,ALTROKE,0.20 kg,ko,3.49,17.45,,2.44,3.49,3858884932743,HRANA
JOGURT DUKATOS SELECTION KOKOS 150g,90602720,DUKATOS,0.15 kg,ko,1.09,7.27,,0.89,1.09,3850354016946,HRANA
VINO CRNO DOMANO BLATINA KV 0.75L,90648129,DOMANO,0.75 l,ko,8.05,10.73,,8.05,8.05,3870016000526,PIĆE
VINO BIJELO DOMANO ŽILAVKA KV 0.75L,90648133,DOMANO,0.75 l,ko,8.05,10.73,,8.05,8.05,3870016000014,PIĆE
HIG UL ALWAYS ULTRA SUPER WING 32/1,90668667,ALWAYS P&G,32.00 ko,ko,5.44,0.17,,5.44,5.44,4015400095132,TOALETNE POTREPŠTINE
KOMPOT GARDEN GOOD MARELICA 480g/825g,90673218,GARDEN GOOD,0.48 kg,ko,2.59,5.4,,2.59,2.59,3838900825211,HRANA
ŠAMPON LUMPI BEBE 500ML,90674639,LUMPI,0.50 l,ko,2.25,4.5,,2.25,2.25,3838900823972,KOZMETIKA
MJEŠ ZAČ ZA KOTLETE Q&E 35g KOTANYI,90698152,KOTANYI,0.04 kg,ko,0.98,28,,0.98,0.98,9001414237243,HRANA
BISKVIT SUNNY PREL MILK PUNJENJE  240g 8/1,90702787,SUNNY,0.24 kg,ko,1.59,6.63,,1.59,1.59,3850334044020,HRANA
SLAD MAGNUM MINI CAW MIX 6x55ml,90703815,MAGNUM,0.33 l,ko,7.99,24.21,,7.99,7.99,8711327609082,HRANA
PIVO STELLA ARTOIS 4PACK 0.33L LIM ,90705046,STELLA ARTOIS,1.32 l,ko,4.15,3.14,,4.15,4.15,3850131006023,PIĆE
BRUSNICA SEEBERGER SUHA 125g,90705722,SEEBERGER,0.20 kg,ko,3.39,16.95,,3.39,3.39,4008258185001,HRANA
BOJA COLOR NAT 1 JET BLACK,90478263,GARNIER COL NATURALS,1.00 ko,ko,,3.69,3.69,4.99,4.99,3600542362375,KOZMETIKA
LOPATICA ROLANA BEZ KOŽE VAK PIK,90478330,PIK VRBOVEC,1.00 kg,kg,6.29,6.29,,6.29,6.29,3850139180923,HRANA
KRUMPIR KRIŠKE MINUTE 750g,90478439,MINUTE,0.75 kg,ko,2.39,3.19,,1.99,2.39,3858884500065,HRANA
POMMES FRITES MINUTE 1Kg,90478446,MINUTE,1.00 kg,ko,2.29,2.29,,1.99,2.29,3859888798991,HRANA
SPRAY PANTENE VOLUME 150ml,90478619,PANTENE,0.15 l,ko,4,26.67,,4,4,8001841914367,KOZMETIKA
STICK OLDSP BOOSTER 50ml,90478629,OLD SPICE,0.05 l,ko,3,60,,3,3,8700216203555,KOZMETIKA
VINO POŠIP MILATIĆ 0.75L,90528133,OPG IVO MILATIĆ,0.75 l,ko,6.45,8.6,,6.45,6.45,3857500048240,PIĆE
ZELENA MJEŠAVINA S JEČMOM 400g LEDO,90568774,LEDO,0.40 kg,ko,2.99,7.48,,2.99,2.99,3850116041445,HRANA
KIKIRIKI MASLAC S KOMADIĆIMA 310g NUTZ,90571580,NUTZ,0.31 kg,ko,4.09,13.19,,4.09,4.09,3830075180041,HRANA
TRAKE VEET PURE LICE 20/1,90572175,VEET,20.00 ko,ko,,0.21,4.19,5.49,5.49,5997321774497,KOZMETIKA
NAMAZ LINO LADA GOLD 160g,90572230,LINO LADA,0.16 kg,ko,2.29,14.31,,2.29,2.29,3856020240189,HRANA
DEO NIVEA Ž ORIG CARE 150ml,90572275,NIVEA,0.15 l,ko,,26.6,3.99,3.99,3.99,9005800347653,KOZMETIKA
BRANCIN XL TOTAL FISH,90587743,TOTAL,1.00 kg,kg,15.59,15.59,,9.35,15.59,,HRANA
JOGURT ACTIVIA MIX 168g,90598629,ACTIVIA,0.17 kg,ko,1.55,9.23,,1.55,1.55,5941209010115,HRANA
HANSAPLAST SUSTAINABLE 1MX6cm,90599093,HANSAPLAST,1.00 m,ko,3.09,3.09,,3.09,3.09,4005800338427,TOALETNE POTREPŠTINE
DET JAR CITRUS 650ml,90600605,JAR HDW,0.65 l,ko,3.99,6.14,,2.49,3.99,8006540355381,SREDSTVA ZA ČIŠĆENJE
PEL VIOL COT PREM MAXI 4 58/1,90603236,VIOLETA,58.01 ko,ko,,0.23,13.49,13.49,17.85,3870128031616,TOALETNE POTREPŠTINE
PEL VIOL COT PREM JUN 5 48/1,90622972,VIOLETA,48.01 ko,ko,,0.28,13.49,13.49,17.85,3870128031944,TOALETNE POTREPŠTINE
PILEĆI BATAK ZABATAK OTKOŠTENI S KOŽOM,90623161,CEKIN,1.00 kg,kg,7.69,7.69,,5.29,7.69,3850159113567,HRANA
ČAJ STOMACH FRIEND 36g TEEKANNE,90623511,TEEKANNE,0.04 kg,ko,2.59,71.94,,2.59,2.59,5901086046737,HRANA
BRAŠNO PIR BG 1kg DR SCHÄR,90649542,DR SCHAR,1.00 kg,ko,,6.38,6.38,7.99,7.99,8008698008997,HRANA
NAPITAK ZOB EKO 1L BOOM BOX,90649548,BOOM BOX,1.00 l,ko,3.09,3.09,,2.19,3.09,3858890477504,HRANA
MED CVJETNI BAŠ TO MAXX 1.2kg,90668096,BAŠ TO,1.20 kg,ko,4.49,3.74,,4,4.49,3859892918972,HRANA
LOS TIJ MIXA CICA REPAIR 400ML,90669014,MIXA,0.40 l,ko,7.49,18.73,,6.99,7.49,3600550978681,KOZMETIKA
ČIPS TORTILLA NACHO CHEESE 110g,90669566,CHIO,0.11 kg,ko,1.99,18.09,,1.99,1.99,4001242106341,HRANA
KEKS ČAJNO PECIVO MJEŠAVINA 400g,90702922,OPP KEKS,0.40 kg,ko,1.99,4.98,,1.99,1.99,3857500120076,HRANA
DEO DOVE M INVISIBLE DRY 200ml,90702948,DOVE,0.20 l,ko,6.49,32.45,,6.49,6.49,8720181284953,KOZMETIKA
INSTANT NES GOLD ST 190g,90703433,NESCAFE,0.19 kg,ko,,52.58,9.99,13.49,13.49,8445290491275,HRANA
MASKA ZA LICE U MAR GARN MS+VIT C,90703631,GARNIER,1.00 ko,ko,2.99,2.99,,2.79,2.99,3600542380492,KOZMETIKA
UMAK SEZAM 300g KIKKOMAN,90703731,KIKKOMAN,0.30 kg,ko,,14.17,4.25,5.33,5.33,8715035800007,HRANA
BALZAM USNE L ANG KOKOS VIT E DUO,90703927,L ANGELICA,0.01 kg,ko,2,208.33,,2,2,8017331092989,KOZMETIKA
HIG UL ALWAYS PLAT SECURE NIGHT 10/1,90704189,ALWAYS P&G,10.00 ko,ko,2.5,0.25,,2.29,2.29,8001841449906,TOALETNE POTREPŠTINE
BURGER O'PLANT 238g VEGGIE,90704587,O PLANT,0.24 kg,ko,5.99,25.16,,5.99,5.99,3856020260897,HRANA
PLOČICA KIKIR KAKAO 50g NUTTY,90708072,NUTTY,0.05 kg,ko,2.15,43,,2.15,2.15,3857500109675,HRANA
VAFL ROLLS COCOA 140G ROSHEN,90725733,ROSHEN,0.14 kg,ko,1.55,11.07,,1.55,1.55,4823077633034,HRANA
BUDDY MP MINI GOV JET 300g,90725767,BUDDY,0.30 kg,ko,0.99,3.3,,0.75,0.99,3850334043689,PROIZVODI ZA KUĆANSTVO
PARIZER PIK NATUR MA NAR 150g,90744850,PIK NATUR,0.15 kg,ko,2.49,16.6,,2.09,2.49,3850139282146,HRANA
ČAJ CURCUM GING&LEMONG 15/1 30g ETS,90731643,ENGLISH TEA SHOP,0.03 kg,ko,5.99,199.67,,5.99,5.99,680275059615,HRANA
KREKER VK ZAMORCI MED VOĆE 3/1 80g,90732187,VITAKRAFT,0.08 kg,ko,2.69,33.63,,2.69,2.69,4008239253392,PROIZVODI ZA KUĆANSTVO
DET PERWOLL COLOR 3L=60PR,90745019,PERWOLL,3.00 l,ko,,3.83,11.49,11.49,11.49,9000101808568,SREDSTVA ZA ČIŠĆENJE
PIĆE NEG.ALOE VERA MANGO 0.5 L,90745048,TROPICAL,0.50 l,ko,2.55,5.1,,2.55,2.55,8712857007201,PIĆE
INSTANT KAVA RITUAL GOLD 100 g,90749820,RITUAL,0.10 kg,ko,4.39,43.9,,4.39,4.39,3850334083111,HRANA
ČEŠNJAK PRAH 70g SOTINAC,90750972,OPG SOTINAC,0.07 kg,ko,1.39,19.86,,1.39,1.39,3859893718274,HRANA
METLA VELIKA SIRAK,90754980,SUDOMAT,1.00 ko,ko,5.49,5.49,,5.49,5.49,3856007702211,PROIZVODI ZA KUĆANSTVO
ČIPS CHIO INTENSE SOUR CREAM&HERBS 120 g,90764963,CHIO,0.12 kg,ko,2.19,18.25,,1.79,2.19,3856021306365,HRANA
FILETI SL INĆUNA U MASL ULJU 110/60g,90765304,TRENTON,0.06 kg,ko,4.39,73.17,,4.39,4.39,3859888906488,HRANA
SLAD CARTE D'OR BLUEBERRY DREAM 825 ml,90765372,CARTE D OR,0.83 l,ko,7.99,9.68,,6.99,7.99,8711327617841,HRANA
DESERT M&M CRISPY 36 g,90770613,MARS,0.04 kg,ko,1.09,30.28,,1.09,1.09,5000159561662,HRANA
STICK OLD SPICE ROCKSTAR 50 ml,90771206,OLD SPICE,0.05 l,ko,,74.8,3.74,4.99,4.99,8700216203906,KOZMETIKA
PAPRIKA SLATKA MLJEV MAXX SPICE CHEF 200 g,90774857,SPICE CHEF,0.20 kg,ko,1.49,7.45,,1.49,1.49,3850334101211,HRANA
PLATA SIROVITA 1150 g PLATA DO VRATA,90774875,PLATA DO VRATA,1.15 kg,ko,32.5,28.26,,29.5,29.5,3859894230126,HRANA
NAPITAK SHOT MAG VIT B6 JAGODA 0.80 ml,90789674,PROSERIES,0.80 l,ko,1.99,2.49,,1.99,1.99,3856026808239,HRANA
DŽEM K PLUS EXTRA SMOKVA 350g,90794843,K PLUS,0.35 kg,ko,2.49,7.11,,1.99,2.49,3850334112989,HRANA
OM VIOLETA FLOWER KISS 2.7 L,90795551,VIOLETA,2.70 l,ko,7.65,2.83,,7.65,7.65,3870128036987,SREDSTVA ZA ČIŠĆENJE
KREKER TWIST SOL I MED 70g ELEPHANT,90809876,ELEPHANT,0.07 kg,ko,,10.71,0.75,0.99,0.99,5949040204311,HRANA
PIVO O'HARA IRISH RED NITRO 0.44 L,90810109,O'HARA,0.44 l,ko,3.65,8.3,,3.65,3.65,05391500602692,PIĆE
SAVIJAČA JABUKA CIMET 600 g MINUTE,90810835,MINUTE,0.60 kg,ko,2.29,3.82,,1.69,2.29,3850334429827,HRANA
SPIRULINA PRAH BIO 250 g NUTRIGOLD,90825065,NUTRIGOLD,0.25 kg,ko,8.99,35.96,,7.19,8.99,3858891970318,HRANA
LUNETTE LOSOS 250 g SPECIAL MOMENTS,90825757,SPECIAL MOMENTS,0.25 kg,ko,2.49,9.96,,2.09,2.49,3850334428417,HRANA
REGEN PANTENE REPAIR&PROTECT 800 ml,90850353,PANTENE,0.80 l,ko,14.19,17.74,,10.59,10.59,8700216467391,KOZMETIKA
CAPPUCCINO RITUAL ČOKO VR MAXX 300 g,90854982,RITUAL,0.30 kg,ko,1.99,6.63,,1.99,1.99,8605028614721,HRANA
MUESLI VITALIS VOĆ MIX 500 g DR OETK,90864669,VITALIS,0.50 kg,ko,3.99,7.98,,3.99,3.99,8594001216932,HRANA
ŠEĆER SMEĐI LIGHT MUSCOVADO 500g BILLINGTON,90483214,BILLINGTON,0.50 kg,ko,2.99,5.98,,2.99,2.99,5010651001214,HRANA
UMAK CHERRY RAJČICA I MASLINE 350g SACLA,90483275,SACLA,0.35 kg,ko,3.69,10.54,,3.69,3.69,8001060008601,HRANA
MIX BARCAFFE CL 3U1 VR 200g MULTIP,90494596,BARCAFFE,0.20 kg,ko,2.79,13.95,,2.79,2.79,3838471042901,HRANA
PUR.PLJESKAVICE SA SIROM 200 g SVJ VINDIJA ,90543187,VINDON,0.20 kg,ko,2.99,14.95,,2.59,2.99,3850339419120,HRANA
PEL GAĆ PAMPERS NIGHT S6 19/1,90568120,PAMPERS,19.00 ko,ko,11.28,0.59,,11.28,11.28,8006540234761,TOALETNE POTREPŠTINE
EXTRA SA SIROM 350g,90570182,PERUTNINA,0.35 kg,ko,1.35,3.86,,1.35,1.35,3850220152006,HRANA
VEGETA BIO 120g PODRAVKA,90573246,VEGETA,0.12 kg,ko,2.69,22.42,,2.69,2.69,3856020245337,HRANA
OM ORNEL BLUE MARINE 3.75L,90597927,ORNEL,3.75 l,ko,4.49,1.2,,4.49,4.49,3850105177353,SREDSTVA ZA ČIŠĆENJE
FLIPS BOBI HASHTAG LIKE 70g,90600013,BOBI,0.07 kg,ko,0.95,13.57,,0.95,0.95,3858891590141,HRANA
WHISKAS DREAMIES MAČJA METVICA 60g,90617719,WHISKAS,0.06 kg,ko,1.79,29.83,,1.45,1.79,5998749142875,PROIZVODI ZA KUĆANSTVO
RUMBAC SVJ ŽUVELA KOM,90668571,ŽUVELA,1.00 ko,ko,2.79,2.79,,1.67,2.79,,HRANA
KOLAČ LONDONERI ORAH 400g PIK RIJEKA,90669089,PIK RIJEKA,0.40 kg,ko,3.98,9.95,,2.99,3.98,3850135265525,HRANA
VAFL NAPOLITANKA CHOCO CREAM 187g KRAŠ,90672784,KRAŠ,0.19 kg,ko,1.65,8.82,,1.65,1.65,3850102523405,HRANA
KEKS BOCCONC MILK KREMA 100g MATILDE VICENZI,90673174,MATILDE VICENZI,0.10 kg,ko,2.09,20.9,,2.09,2.09,8000350006273,HRANA
WHISKAS MM PD PILETINA 85g,90705464,WHISKAS,0.09 kg,ko,0.89,10.37,,0.89,0.89,5900951302589,PROIZVODI ZA KUĆANSTVO
VODA JAMNICA 6PACK 1.5L PET ,90705498,JAMNICA,9.00 l,ko,4.99,0.55,,4.99,4.99,3858890879216,PIĆE
DET DASH AMBER 44TAB,90705832,DASH,44.00 ko,ko,25.59,0.58,,25.59,25.59,8700216002233,SREDSTVA ZA ČIŠĆENJE
INSTANT NESCAFE GOLD ST 190g+20g,90706717,NESCAFE,0.19 kg,ko,,52.58,9.99,13.49,13.49,8445290585103,HRANA
TOMI MM GF LOSOS JAJE 100g,90707637,TOMI,0.10 kg,ko,0.99,9.9,,0.99,0.99,4003024490891,PROIZVODI ZA KUĆANSTVO
FLIPS BIJEL ČOK/KOKOS STOBI 30g VITAMINKA,90715133,CHOCO STOBI,0.03 kg,ko,0.65,21.67,,0.65,0.65,5310005022279,HRANA
SRED SANYTOL VIŠENAM ČIŠ I DEZ 750ml,90726438,SANYTOL,0.75 l,ko,3.59,4.79,,3.59,3.59,3045206611008,SREDSTVA ZA ČIŠĆENJE
SALV PALOMA BOŽIĆ SNOW FL 33X33 20/1,90726740,PALOMA,1.00 ko,ko,2.29,2.29,,2.29,2.29,3838952034456,PROIZVODI ZA KUĆANSTVO
KEKS LOVIT ŠTRUD JABUK CIMET 168g ROSH,90730006,ROSHEN,0.17 kg,ko,1.79,10.65,,1.79,1.79,4823077634178,HRANA
PEKMEZ ŠLJIVA DOORA 680g,90731139,DOORA,0.68 kg,ko,4.65,6.84,,4.65,4.65,3858894541751,HRANA
DESERT VAFL MINI KORNET 65g EUROCREM,90734894,EUROCREM,0.07 kg,ko,0.79,12.15,,0.79,0.79,8601900501042,HRANA
TIJESTO PENNE PIR 500g SIMPLY PASTA,90735120,SIMPLY PASTA,0.50 kg,ko,1.59,3.18,,1.29,1.59,3838900831953,HRANA
KREMA NIVEA SOFT 50 ml,90886603,NIVEA,0.05 l,ko,,45.8,2.29,3.29,3.29,42243212,KOZMETIKA
TUNJ SALATA PROLJEĆE 160 g RIO MARE,90886899,RIO MARE,0.16 kg,ko,4.69,29.31,,2.15,4.69,8004030835092,HRANA
ORAH KIFLICE 300 g FANOLA,90889821,FANOLA,0.30 kg,ko,3.69,12.3,,2.49,3.69,3859888257085,HRANA
ALPSKA KOBASICA 2600 g,90890150,GAVRILOVIĆ,2.60 kg,kg,8.99,3.46,,8.99,8.99,3858890209709,HRANA
PIL BATA SA ZABA OTKOŠ S KOŽ GAVELIN,90890590,CEKIN,1.00 kg,kg,7.99,7.99,,5.29,7.99,3850159112942,HRANA
KAVA LED STAR TRIP ESP NO SUG 300 ml,90894699,STARBUCKS,0.30 l,ko,2.99,9.97,,2.99,2.99,5711953180750,HRANA
ŠTAPIĆI PRIMA SLANI 40 g,90894811,SOKO ŠTARK,0.04 kg,ko,0.39,9.75,,0.39,0.39,8600939212257,HRANA
AJVAR DOMAĆI SOJIN SIR 290 g MAMAS,90900140,MAMA'S,0.29 kg,ko,1.69,5.83,,1.69,1.69,5310146002697,HRANA
PERLICE LENOR FRESH 195 g,90904710,LENOR,0.20 kg,ko,7.39,37.9,,7.39,7.39,8700216708661,SREDSTVA ZA ČIŠĆENJE
KRUŠKA WILLIAMS,01414187,,1.00 kg,kg,2.29,2.29,,1.69,1.69,3850334173775,HRANA
DŽEM MARELICA 420g DOORA,01500023,DOORA,0.42 kg,ko,2.49,5.93,,2.49,2.49,3858894540945,HRANA
KRASTAVAC K PLUS II KL 330g,01520999,K PLUS,0.33 kg,ko,1.65,5,,1.39,1.65,3850334117977,HRANA
CESAR GOVEDINA JETRA 150g ALU PAK,01641345,CESAR,0.15 kg,ko,1.59,10.6,,1.29,1.59,4008429158797,PROIZVODI ZA KUĆANSTVO
ZIMSKA SALAMA NAR 100g MA PIK VRBOV,02024385,PIK VRBOVEC,0.10 kg,ko,2.79,27.9,,2.19,2.19,3850139010480,HRANA
MORTADELA PIK NAR 150g MA PIK VRBOVE,02036498,PIK VRBOVEC,0.15 kg,ko,2.75,18.33,,2.75,2.75,3850139171044,HRANA
HOBOTNICA SVJ CENTAURUS,02197768,,1.00 kg,kg,18.99,18.99,,11.39,18.99,,HRANA
SV LOPATICA SK U KOŽI ,02400213,PIK VRBOVEC,1.00 kg,kg,4.79,4.79,,4.79,4.79,3850139523027,HRANA
PIL BATAK OBIT PAK VINDIJA,02430047,CEKIN,1.00 kg,kg,5.79,5.79,,5.79,5.79,3850159110597,HRANA
VINO POSTUP 0.75L VRH ISTRAVINO,03020305,ISTRAVINO,0.75 l,ko,14.25,19,,14.25,14.25,3859893014017,PIĆE
NEKTAR NARANČA JUICY 1L,03140213,JUICY,1.00 l,ko,2.39,2.39,,1.99,2.39,3858890970005,PIĆE
NEKTAR VINDI JABUKA 1L,03140290,VINDI,1.00 l,ko,1.59,1.59,,1.59,1.59,3850108078756,PIĆE
SOK CIKLA 750ml ENCIAN,03142663,ENCIAN,0.75 kg,ko,3.35,4.47,,3.35,3.35,3859889425728,PIĆE
TIJESTO FARFALLE 31 500g ZARA,04050181,PASTA ZARA,0.50 kg,ko,1.59,3.18,,1.59,1.59,8004350130310,HRANA
CAPP FR CL 200g VR,04071144,FRANCK,0.20 kg,ko,3.29,16.45,,3.29,3.29,3858881083615,HRANA
ORIGANO 15g BOČICA LUXOR,04100285,NADALINA,0.02 kg,ko,1.79,119.33,,1.79,1.79,3858881585010,HRANA
BISKVIT BARNI CHOCO 30g,04151406,BARNI,0.03 kg,ko,0.85,28.33,,0.85,0.85,5906747314118,HRANA
VEGETA NATUR DOZA 300g PODRAVKA,04160313,VEGETA,0.30 kg,ko,3.59,11.97,,3.59,3.59,3850104254444,HRANA
BOMBON NEGRO 100g PIONIR,04190823,PIONIR,0.10 kg,ko,1.39,13.9,,1.39,1.39,8602300204137,HRANA
BOMBON VISOKI C 400g ŽITO,04196766,ŠUMI,0.40 kg,ko,4.29,10.73,,4.29,4.29,3838700040845,HRANA
ŽV GUMA ORBIT WHITE 14g PLAVA,04200074,WRIGLEY,0.01 kg,ko,0.99,70.71,,0.99,0.99,42069942,HRANA
RUPČIĆI PAP VIOLETA KAMILICA 3SL 10/1,05083092,VIOLETA,10.00 ko,ko,1.99,0.2,,1.99,1.99,3870128000582,TOALETNE POTREPŠTINE
DN UL LIBRESSE EXTRA NORMAL 32/1,06500150,LIBRESSE,32.00 ko,ko,1.95,0.06,,1.95,1.95,7322541195315,TOALETNE POTREPŠTINE
KREMA ZA RUKE ATRIX ALOE V 100ML,06590267,ATRIX,0.10 l,ko,3.59,35.9,,3.59,3.59,9005800374840,KOZMETIKA
MLIJEKO TIJ NIVEA Q10 400ML,90031349,NIVEA,0.40 ko,ko,,21.65,8.66,12.39,12.39,9005800388441,KOZMETIKA
SIR POLUTVRDI TRAPIST K PLUS VAC,90052150,K PLUS,1.00 kg,kg,12.95,12.95,,8.99,12.95,3858888594527,HRANA
PAŠTETA SRDELA AQ 95g,90088367,ADRIATIC QUEEN,0.10 kg,ko,1.49,15.68,,1.49,1.49,3850160201017,HRANA
POESIE MM PURETINA SIR UMAK 85G,90280084,VITAKRAFT,0.09 kg,ko,0.85,10,,0.85,0.85,4008239588913,PROIZVODI ZA KUĆANSTVO
DŽEMFIX SUPER 3:1 25g DR OETKER,90039488,DR OETKER,0.03 kg,ko,1.59,63.6,,1.59,1.59,5997381370929,HRANA
KREMA NIVEA VIS CELLULAR NOĆ 50ml,90064194,NIVEA,0.05 l,ko,,279.6,13.98,19.99,19.99,9005800244167,KOZMETIKA
SET JM LA BELLE (DEO 75ml+ PARFEM 50ml),90064428,JEAN MARC,1.00 ko,ko,7.69,7.69,,7.69,7.69,5908241729115,KOZMETIKA
TOLSTOLOBIK ODR PP ORAH,90071797,,1.00 kg,kg,3.69,3.69,,2.21,3.69,3858889832512,HRANA
RIŽA K PLUS 500g 4X125g DUGO ZRNO,90071920,K PLUS,0.50 kg,ko,1.19,2.38,,1.19,1.19,3850334363640,HRANA
ŠARUN SVJ LIBURNIJA,90075696,,1.00 kg,kg,2.79,2.79,,1.67,2.79,,HRANA
GAZ PIĆE COCA COLA 2X2L SUPER PONUDA,90078658,COCA COLA,4.00 l,ko,4.45,1.11,,3.99,4.45,5449000059338,PIĆE
VODA CETINA IZVORSKA 0.75L PET NEGAZIRANA,90081515,CETINA,0.75 l,ko,0.75,1,,0.75,0.75,3859890129370,PIĆE
BOMBON WERTHERS CREAMMY 80g,90084436,WERTHERS,0.08 kg,ko,1.25,15.63,,1.25,1.25,4014400918106,HRANA
STICK OLDSP BEARGLOVE 50ml,90084739,OLD SPICE,0.05 l,ko,,74.8,3.74,4.99,4.99,8700216884662,KOZMETIKA
TRAKE VEET BIKINI I PAZUH 16/1,90086639,VEET,16.00 ko,ko,,0.29,4.59,5.99,5.99,5997321774749,KOZMETIKA
KEKS CAKE&CHOC MILKA 175g,90095905,MILKA,0.18 kg,ko,3.39,19.37,,2.37,3.39,7622210295965,HRANA
KAVA LEDENA PARMALAT CAPPUCCINO 200ml,90111157,PARMALAT,0.20 l,ko,1.99,9.95,,1.99,1.99,8594002782016,HRANA
PAKET ZIGANTE TARTUFI,90114057,ZIGANTE,1.00 ko,ko,17.99,17.99,,17.99,17.99,3859892799175,HRANA
LAK SYOSS FULL HAIR 5D 300ML,90129668,SYOSS,0.30 l,ko,,15.5,4.65,4.65,4.65,9000100906241,KOZMETIKA
RAJČICA ALLA SICILIANA 285g,90136019,POLLI,0.29 kg,ko,4.19,14.7,,4.19,4.19,80607090,HRANA
SIR POLUTV TILZIT MAP 150G VINDIJA,90145042,Z BREGOV,0.15 kg,ko,2.99,19.93,,2.99,2.99,3850108053913,HRANA
CIDER SOMERSBY KRUŠKA 0.33L NB,03131476,SOMERSBY,0.33 l,ko,1.65,5,,1.65,1.65,7310070748423,PIĆE
PECIVO ŽEMLJA PRIMORSKA 100g MLINAR,04010028,MLINAR,0.10 kg,ko,0.89,8.9,,0.89,0.89,3858881122956,HRANA
KREMA LICE OLIVAL EXTRA NOĆ 50ML,90029518,OLIVAL,0.05 l,ko,10.49,209.8,,10.49,10.49,3859888345935,KOZMETIKA
VODKA SVAROG 37.5% 0.7L BADEL 1862,90040018,SVAROG,0.75 l,ko,20.05,26.73,,20.05,20.05,3850112142795,PIĆE
PUDING VAN SA ŠLAGOM 4X125g VINDIJA,90043569,FINO MI JE,0.50 kg,ko,1.99,3.98,,1.99,1.99,3850108040081,HRANA
ULJE SPR AMBRE SOL F30 150ml,90064123,GARNIER AMBRE SOLAIR,0.15 l,ko,,99.87,14.98,19.99,19.99,3600542452465,KOZMETIKA
PAPRIKA ROG CRVENA 500 grama,90066408,,0.50 kg,ko,,4.98,2.49,2.49,2.49,3856028687726,HRANA
KOKOT SVJ FILORITAL,90077899,,1.00 kg,kg,8.49,8.49,,5.09,8.49,93856024302558,HRANA
PAH LINO PILLOWS MILK PODR VR 500g,90082811,LINO,0.50 kg,ko,4.99,9.98,,3.69,4.99,3850104263613,HRANA
BRIJAČ M JEDN WILK XTR SENS 4/1,90140971,WILKINSON,4.00 ko,ko,5.49,1.37,,3.84,3.84,4027800710409,KOZMETIKA
MARAMICE VIOLETA MAKE UP 60/1,90146946,VIOLETA,60.02 ko,ko,3.99,0.07,,3.99,3.99,3870128005334,KOZMETIKA
SPREJ ZA OTKL MRLJA DR BECKMANN 250ml,90147992,BECKMANN,0.25 l,ko,3.69,14.76,,2.58,3.69,4008455572215,SREDSTVA ZA ČIŠĆENJE
PUDING ČOK 45G 3+1g PODRAVKA,90155244,DOLCELA,0.14 kg,ko,2.1,15.56,,1.29,1.29,3850104276507,HRANA
PEDIGREE MULTI BISCROK 500G,90158454,PEDIGREE,0.50 kg,ko,3.99,7.98,,3.19,3.99,5998749127322,PROIZVODI ZA KUĆANSTVO
SARAJEVSKA PLJESKAVICA 480G,90160739,AVE,0.48 kg,ko,6.59,13.73,,4.61,6.59,3831020345249,HRANA
NAMAZ OD SUHE SMOKVE I NARANČE 230g,90185325,NONA,0.23 kg,ko,3.79,16.48,,3.79,3.79,3859892622428,HRANA
GIN MOMBASA CLUB  0.70L,90235812,MERSAL,0.70 l,ko,23.95,34.21,,23.95,23.95,8437011284006,PIĆE
PJENUŠAC J.P.CHENET ICE EDITION 0.75 L,90235885,JP CHENET,0.75 l,ko,10.05,13.4,,10.05,10.05,3500610093708,PIĆE
PAN ODRESCI OD PIL/PUR MESA 220g,90279746,AIA,0.22 kg,ko,2.25,10.23,,1.85,2.25,8008110258719,HRANA
VODICA ZA USTA GEN DELICATE MINT (ZEL) 500ml,90297902,GENERA,0.50 l,ko,2.39,4.78,,1.89,2.39,8003693400487,KOZMETIKA
DŽEM ŠLJIVA 430g MADRE NATURA,90300416,MADRE NATURA,0.43 kg,ko,3.99,9.28,,3.99,3.99,3859892918415,HRANA
CHOCO BANANA PRESTIGE 280g KANDIT,90303694,KANDIT,0.28 kg,ko,4.65,16.61,,4.65,4.65,3858889865787,HRANA
POESIE GOVEDINA U UMAKU 85g VITAKRAFT,90307679,VITAKRAFT,0.09 kg,ko,0.85,10,,0.85,0.85,4008239366641,PROIZVODI ZA KUĆANSTVO
SV KOLJENICA SK RR MHF (VAKL),90308028,PIK VRBOVEC,1.00 kg,kg,4.45,4.45,,3.11,4.45,3850139523461,HRANA
ŠARUN SVJ MEDUZA,90317302,MEDUZA,1.00 kg,kg,2.99,2.99,,1.79,2.99,,HRANA
PLOČICA VOĆNA MAREL VANIL 40g ROOKIES,90320153,ROOKIES,0.04 kg,ko,1.33,33.25,,1.33,1.33,3800232736251,HRANA
MAĐARICA 400g BREDA I PITA,90320747,BREDA I PITA,0.40 kg,ko,5.31,13.28,,5.31,5.31,3857500060129,HRANA
BRIJAČ VENUS SIMPLY 3 OŠTRICE 4 kom,90324299,VENUS,4.00 ko,ko,,1.14,4.55,4.49,5.69,8700216143608,KOZMETIKA
TJESTENINA POVRĆE  CUP 60g SAIKEBON,90325256,SAIKEBON,0.06 kg,ko,,19.83,1.19,1.49,1.49,8000050019443,HRANA
LIZALICA JEZIK 15g,90325973,CANDY,0.02 kg,ko,1.79,119.33,,1.79,1.79,8435124854420,HRANA
KAVA DOLCE GUS CORTADO 16/1 3PACK,90335227,DOLCE GUSTO,0.30 kg,ko,12.99,43.3,,12.99,12.99,7613287379306,HRANA
ŠARAN 250g-350g PP ORAHOVICA,90342641,PP ORAHOVICA,1.00 kg,kg,4.51,4.51,,2.7,4.51,,HRANA
TOLSTOLOBIK FILET  SVJ KONČANICA SEDLIĆ,90351782,,1.00 kg,kg,5.02,5.02,,3.01,5.02,,HRANA
KOKOT BJELAC 200/400 MEDUZA,90356764,MEDUZA,1.00 kg,kg,7.59,7.59,,4.55,7.59,,HRANA
VANILIN ŠEĆER 10x8g RUF,90360146,RUF,0.08 kg,ko,0.8,10,,0.8,0.8,40352817,HRANA
MLIJEKO ZAMJ NAN OPTIPRO 3 800g,90360955,NAN,0.80 kg,ko,,19.99,15.99,18.29,18.29,7613034090010,HRANA
ČOKOLADA 84% KAKAO S NARANČ. BŠ 80g KANDIT,90360998,NO GUILT,0.08 kg,ko,3.49,43.63,,3.49,3.49,3858889868962,HRANA
PIĆE GAZ PEPSI LIMETA  2L PET,90361518,PEPSI,2.00 l,ko,2.05,1.03,,1.85,2.05,3830065021132,PIĆE
FELIX PLAY TUBES RIBA ŠKAMPI 50g,90361594,FELIX,0.05 kg,ko,1.59,31.8,,1.19,1.59,7613036707480,PROIZVODI ZA KUĆANSTVO
JOGURT PROTEIN SKYR ŠUM VOĆE 200g VIND,90363572,Z BREGOV,0.20 l,ko,1.29,6.45,,1.29,1.29,3850108032321,HRANA
GRAH GARDEN GOOD ŠARENI 1000g,90363728,GARDEN GOOD,1.00 kg,ko,3.49,3.49,,2.39,2.39,3838900957011,HRANA
GRAH GARDEN GOOD ŠARENI 500g,90363732,GARDEN GOOD,0.50 kg,ko,1.89,3.78,,1.25,1.25,3838900957028,HRANA
OSLIĆ II ŽUVELA,90373230,ŽUVELA,1.00 kg,kg,6.19,6.19,,3.71,6.19,,HRANA
MAJONEZA THOMY VREĆICA 80g,90382168,THOMY,0.08 kg,ko,1.15,14.38,,1.15,1.15,7613287192561,HRANA
PUDING VANILIJA 120g 3X40g SWEET CHEF,90389462,SWEET CHEF,0.12 kg,ko,0.57,4.75,,0.57,0.57,3850334197634,HRANA
DVOPEK CLASSIC 320g MLINAR,90400859,MLINAR,0.32 kg,ko,2.39,7.47,,2.39,2.39,3858881120891,HRANA
KUPKA FELCE AZZ KOK I BAMB 650ml,90402833,FELCE AZZURA,0.65 l,ko,4.85,7.46,,4.85,4.85,8001280068096,KOZMETIKA
KREMA ČUPKO ZA OSJ KOŽU 125ml,90403540,ČUPKO,0.13 l,ko,2.59,20.72,,2.59,2.59,3859888495302,KOZMETIKA
GEL ZA KUP MUSTELA NJEŽNI 500ml,90403684,MUSTELA,0.50 l,ko,13.29,26.58,,10.63,13.29,3504105035778,KOZMETIKA
SOK OD ŠUMSKE BOROVNICE  0.75l BOKUN,90403909,BOKUN,0.75 l,ko,9.69,12.92,,9.69,9.69,3859891224364,PIĆE
PŠENIČNO BRAŠNO T 400 OŠTRO 1kg MLIN PUKANIC,90404102,MLIN PUKANIĆ,1.00 kg,ko,0.83,0.83,,0.83,0.83,3859892888145,HRANA
PIĆE NEGAZ ALOE V LOTTE GROŽĐE 0.5L,90407095,LOTTE,0.50 l,ko,1.75,3.5,,1.75,1.75,8801056039660,PIĆE
KAVA STARB LATTE MACCHIA DG 12/1 129g,90412290,STARBUCKS,0.13 kg,ko,6.49,50.31,,5.29,6.49,7613287002457,HRANA
SLAD LEDO KING SUPREME 100 ml,90764891,KING,0.10 l,ko,2.79,27.9,,2.79,2.79,3850116064116,HRANA
LIKER PELINKOVAC PELINOVA 0.7 L,90764952,PELINOVA,0.70 l,ko,15.05,21.5,,15.05,15.05,8594005025561,PIĆE
SLAD GELATISSIMO YUMMY POPS 8x66 ml,90765033,GELATISSIMO,0.56 l,ko,3.99,7.14,,3.99,3.99,3850334112668,HRANA
BOMBON RICOLA MENTOL VR 75 g,90770192,RICOLA,0.08 kg,ko,2.69,35.87,,2.69,2.69,7610700011089,HRANA
ZAČIN GRILL SENF MED BILJE 75g VEGETA,90770273,VEGETA,0.08 kg,ko,1.29,17.2,,0.99,1.29,3856020269975,HRANA
BOMB SKITTLLES FRUITS VREĆ 152 g,90770872,WRIGLEY,0.15 kg,ko,2.55,16.78,,1.72,2.55,4009900482967,HRANA
GEL TUŠ NIVEA EXOTIC FEELING 250 ml,90775365,NIVEA,0.25 l,ko,2.99,11.96,,1.89,2.99,9005800378817,KOZMETIKA
SOMAT EXCELLENCE 4IN1 50TAB,90785419,SOMAT,50.00 ko,ko,25.99,0.52,,25.99,25.99,9000101807998,SREDSTVA ZA ČIŠĆENJE
GIN MALFY 0.7 L,90794970,MALFY,0.70 l,ko,30.05,42.93,,30.05,30.05,5000299296028,PIĆE
PUDING PREMIUM ČOK/VAN 500 g FINESSE,90809843,FINESSE,0.50 kg,ko,1.99,3.98,,1.99,1.99,3838900836798,HRANA
NAPITAK SOJA PROTEIN VANILIJA 1 L ALPRO,90810382,ALPRO,1.00 l,ko,3.84,3.84,,3.84,3.84,5411188140368,HRANA
ROLICA MAK 700 g MINUTE,90810844,MINUTE,0.70 kg,ko,3.49,4.99,,3.49,3.49,3850334429780,HRANA
VINO FAVUGNE SANGIOVESE 0.75 L,90814718,TEANUM,0.75 l,ko,7.05,9.4,,7.05,7.05,8032727711152,PIĆE
UMAK RICOTTA 260g AGROMONTE,90814816,AGROMONTE,0.26 kg,ko,3.99,15.35,,3.39,3.99,8032817245895,HRANA
LEDOLETTA MEXICANA 800 g LEDO,90825014,LEDO,0.80 kg,ko,,4.99,3.99,4.99,4.99,3850116067551,HRANA
ZAM KAVIJAR HARINGA CRNI 50 g ARENFISH,90825326,EUROCAVIAR,0.05 kg,ko,4.99,99.8,,4.19,4.99,8410649004451,HRANA
CHOCO CHIPS SPECIAL M DARK ČOKO/NAR 100g,90825420,SPECIAL MOMENTS,0.10 kg,ko,2.99,29.9,,2.09,2.99,3850334428639,HRANA
KEKS SPECIAL M SPECULAS 200g,90825654,SPECIAL MOMENTS,0.20 kg,ko,2.79,13.95,,1.95,2.79,3850334428837,HRANA
GOURMET GOLD MM PIL GOV 4X85 g,90830137,GOURMET,0.34 kg,ko,3.09,9.09,,2.49,3.09,8445291133532,PROIZVODI ZA KUĆANSTVO
PROTEIN ZOE CL HYDRO ICED TEA 454 g,90839901,ZOE,0.45 kg,ko,34.99,77.07,,34.99,34.99,3856026708232,HRANA
BOJA OLIA 9.0 LIGHT BLOND,90850107,GARNIER OLIA,1.00 ko,ko,7.59,7.59,,7.19,7.59,3600542601962,KOZMETIKA
DEO KREMA BIOB FLOWER ROM 35 ml,90850211,BIOBAZA,0.04 l,ko,,105.43,3.69,5.29,5.29,3856020915223,KOZMETIKA
LOSION TIJ NEUTROG J SUH KOŽA 250 ml,90850531,NEUTROGENA,0.25 l,ko,,25.2,6.3,7.89,7.89,3574661182001,KOZMETIKA
LJEŠNJAK JEZGRA 150 g NATURA,90850606,NATURA,0.15 kg,ko,3.19,21.27,,2.23,3.19,3859892798833,HRANA
SUHO VOĆE MIX 150 g NATURA,90850621,NATURA,0.15 kg,ko,2.49,16.6,,1.74,2.49,3859892798864,HRANA
SIR M APET KOC ČEŠ PERŠ 200 g/410 g,90850723,ARLA,0.20 kg,ko,3.99,19.95,,3.99,3.99,5711953182617,HRANA
NAPITAK RIŽA NOISETTE EKO 1 L BB,90875487,BOOM BOX,1.00 l,ko,3.29,3.29,,2.29,3.29,3856027801949,HRANA
GRIS NATUR 200 g VINDIJA,90880076,Z BREGOV,0.20 kg,ko,1.09,5.45,,1.09,1.09,3850108048001,HRANA
GEL DOVE Ž DRAGON XXL 400 ml,90885188,DOVE,0.40 l,ko,7.49,18.73,,7.49,7.49,8720181608315,KOZMETIKA
GEL TUŠ PALM JASMIN 500 ml,90885385,PALMOLIVE,0.50 l,ko,5.09,10.18,,2.55,2.55,8718951638976,KOZMETIKA
SET MELEM NARANČASTI,90885718,MELEM,1.00 ko,ko,,8.39,8.39,7.91,9.89,3856007912818,KOZMETIKA
TOMI MM LOSOS PASTRVA 400 g,90886182,TOMI,0.40 kg,ko,1.75,4.38,,1.69,1.75,4003024157053,PROIZVODI ZA KUĆANSTVO
SLAD BARATOLLINO SLAN KARAMEL 800 ml,90886252,SAMMONTANA,0.80 l,ko,5.99,7.49,,5.99,5.99,8005840020685,HRANA
DET ARIEL MOUNTAIN SPRING 2.7 L=60PR,90886369,ARIEL,2.70 l,ko,25.49,9.44,,16.49,25.49,8700216690973,SREDSTVA ZA ČIŠĆENJE
DET ARIEL SENSITIVE 1.125 L=25 PR,90886414,ARIEL,1.13 l,ko,13.99,12.44,,13.99,13.99,8700216691697,SREDSTVA ZA ČIŠĆENJE
DET ARIEL LE AMETHYST 2.25 L=50 PR,90886440,ARIEL,2.25 l,ko,25.49,11.33,,16.49,25.49,8700216690874,SREDSTVA ZA ČIŠĆENJE
PRŠUT DALMATINSKI NAR 250 g MAP,90886680,VOŠTANE,0.25 kg,ko,10.3,41.2,,10.3,10.3,3858889494819,HRANA
KOMPOT BRESKVA REZ 820/490 g EXCELS,90886696,EXCELSIOR,0.49 kg,ko,2.99,6.1,,2.99,2.99,9001397506121,HRANA
PIVO JUICY FOG 0.33 L LIM,90886869,SAPERLOT,0.33 l,ko,2.09,6.33,,2.09,2.09,3857500106834,PIĆE
PREMIUM KULEN 400 g,90886912,MEDVEN,0.40 kg,ko,14.99,37.48,,14.99,14.99,3859894129505,HRANA
GRISSINI DULCETTI CLASSIC 170 g,90890114,DULCETTI,0.17 kg,ko,,5.82,0.99,1.29,1.29,3838900843475,HRANA
VODA VITAMIN OPTIMIST JUICY 0.5 L,90890141,JUICY,1.00 ko,ko,1.05,1.05,,1.05,1.05,3858890974089,PIĆE
KAVA LEDENA CAPPUCCINO 250 m LAVAZZA,90890166,LAVAZZA,0.25 l,ko,2.79,11.16,,2.79,2.79,8000070073074,HRANA
ĆEVAPČIĆI 810 g  K PLUS,90890231,K PLUS,0.81 kg,ko,6.09,7.52,,4.26,6.09,3850139286342,HRANA
KAVA LED STARB TRIPL ESPRESSO 300 ml,90894697,STARBUCKS,0.30 l,ko,2.99,9.97,,2.99,2.99,5711953174919,HRANA
ALU POSUDA ROŠTILJ 3 kom ALUFIX,90899798,ALUFIX,3.00 ko,ko,2.29,0.76,,2.29,2.29,5949509000294,PROIZVODI ZA KUĆANSTVO
SRED SUPER JON IQ KUHINJA 425 ml+2TA,90899894,SUPER JON,1.00 ko,ko,4.89,4.89,,4.89,4.89,3850111505782,SREDSTVA ZA ČIŠĆENJE
PROTEIN ME FIRST WHEY 908g STRAWBERR,90400482,POLLEO,0.91 kg,ko,,30.83,27.99,34.99,34.99,3858892293942,HRANA
BRIJAČ FUSION MANUAL GILLETTE 2UP,06630401,GILLETTE,1.00 ko,ko,,13.99,13.99,17.59,13.99,7702018866946,KOZMETIKA
VEGAN COOKIE BAKED 75g DOUBLE CHOCOLATE ,90674573,POLLEO,0.08 kg,ko,,26.53,1.99,2.49,2.49,3856026803661,HRANA
PROTEIN 1ST WHEY 908g VANILLA MADAGASCAR,90346306,POLLEO,0.91 kg,ko,,30.83,27.99,34.99,34.99,3858892293379,HRANA
NAPITAK L-CARNITINE 2000 ANANAS 0.75L,90731262,POLLEO,0.75 l,ko,,1.99,1.49,2.05,2.05,3856026806792,PIĆE
KREMA NIVEA REPAIR&CARE UREA 400 ml,90850401,NIVEA,0.40 l,ko,,21.15,8.46,9.09,12.09,9005800385587,KOZMETIKA
ORAŠASTO KUKURUZ MIX PRŽ VEDRIN 200g,90850461,VEDRINI,0.20 kg,ko,2.99,14.95,,2.99,2.99,3858889333644,HRANA
ŠAMPON MELEM ANTI DAMAGE 300 ml,90850569,MELEM,0.30 l,ko,,22.63,6.79,6.39,7.99,3856007912375,KOZMETIKA
PAK CHOI 250 gr,90850907,ENNA FRUIT,0.25 kg,ko,1.49,5.96,,1.49,1.49,3856028689690,HRANA
DESERT KINDER PINGUI KOKOS 30 g,90851081,FERRERO,0.03 kg,ko,0.69,23,,0.69,0.69,8000500119792,HRANA
DESERT KINDER PINGUI KOKOS 4x30 g,90851084,FERRERO,0.12 kg,ko,,16.58,1.99,1.99,2.39,8000500385395,HRANA
ORADA SVJ OČIP MAP CCA 900-1100 g,90851090,CROMARIS,1.00 kg,kg,11.49,11.49,,6.89,11.49,,HRANA
BABY BACK RIBS AVE,90859868,AVE,1.00 kg,kg,9.99,9.99,,6.99,9.99,,HRANA
VREĆICA JUMBO SAFARI,90859925,K PLUS,1.00 ko,ko,0.2,0.2,,0.2,0.2,3850334434005,PROIZVODI ZA KUĆANSTVO
TUNJ OCEAN KOM NATUR 3X80 g/3X56 g,90869913,OCEAN,0.17 kg,ko,2.99,17.8,,2.99,2.99,3850334114501,HRANA
ROVUS MULTI CLEANER ZAMJ KRPA 2/1,90875279,ROVUS,1.00 ko,ko,7.99,7.99,,5.99,7.99,3856029705207,PROIZVODI ZA KUĆANSTVO
DEO REXONA M COBALT 150 ml,90885054,REXONA,0.15 l,ko,,26.33,3.95,5.29,5.29,8720181449857,KOZMETIKA
ROLL ON REXONA Ž COTT 50 ml,90885088,REXONA,0.05 l,ko,4.75,95,,4.75,4.75,59099307,KOZMETIKA
GEL MIXA PROB KOŽ 200 ml,90885132,MIXA,0.20 l,ko,5.99,29.95,,5.99,5.99,3600551155098,KOZMETIKA
SAPUN L'ANGELICA ALOE 100 g,90885472,L ANGELICA,0.10 kg,ko,1.15,11.5,,1.15,1.15,8017331103821,KOZMETIKA
ŠAMPON HERBAL ESS KAM 350 ml,90885602,HERBAL ESSENCES,0.35 l,ko,6.19,17.69,,6.19,6.19,8700216631556,KOZMETIKA
GEL TUŠ MELEM UREA 260 ml,90886100,MELEM,0.26 l,ko,3.99,15.35,,3.19,3.99,3856007912863,KOZMETIKA
DET ARIEL MOUNTAIN SPRI 2.25 L=50PR,90886346,ARIEL,2.25 l,ko,21.99,9.77,,21.99,21.99,8700216691147,SREDSTVA ZA ČIŠĆENJE
ULJE SUNCOKRET 1L DIJAMANT,01499920,DIJAMANT,1.00 l,ko,1.59,1.59,,1.59,1.59,8600498170029,HRANA
KITTY SM GOV 400G,01640551,KITTY,0.40 kg,ko,0.95,2.38,,0.79,0.95,3850334046819,PROIZVODI ZA KUĆANSTVO
PRSA PILEĆA U OVITKU  500g VINDIJA,02039511,CEKIN,0.50 kg,ko,5.05,10.1,,5.05,5.05,3850159125034,HRANA
RAGU SA ŠAMPINJON 200g PODRAVKA,02160346,PODRAVKA,0.20 kg,ko,2.49,12.45,,2.49,2.49,3850104022661,HRANA
NAMAZ MASLIN 2X50g VEGETARIANA,02160885,VEGETARIANA,0.10 kg,ko,1.89,18.9,,1.89,1.89,3858881611726,HRANA
RAŽA I SVJ MEDUZA,02195290,,1.00 kg,kg,11.99,11.99,,7.19,11.99,,HRANA
LIGNJA I SVJ FIORITAL,02197614,,1.00 kg,kg,22.09,22.09,,13.25,22.09,93856024300820,HRANA
JOGURT JOGOBELLA EXOTIC 150g ZOTT,02321047,JOGOBELLA,0.15 kg,ko,0.65,4.33,,0.65,0.65,4014500503684,HRANA
PILEĆI RASJEK PREMIUM CCA 1000g VINDIJA,02431542,CEKIN,1.00 kg,kg,5.19,5.19,,4.19,5.19,3850159110610,HRANA
PRIMA BRAND 0.10L 36% BADEL,03070095,BADEL 1862,0.10 l,ko,1.65,16.5,,1.65,1.65,3850112141231,PIĆE
PALENTA 200g FRANCK,04030973,FRANCK,0.20 kg,ko,0.89,4.45,,0.89,0.89,3858881086456,HRANA
RIŽA ORIGINARIO 1kg GALLO,04060021,RISO GALLO,1.00 kg,ko,,3.69,3.69,3.67,4.59,8001420001594,HRANA
SEZAM 100g ŠAFRAM,04100239,ŠAFRAM,0.10 kg,ko,0.99,9.9,,0.99,0.99,3859888163164,HRANA
PAPAR S ČEŠNJAKOM 70g BOČ KOTANY,04100441,KOTANYI,0.07 kg,ko,3.59,51.29,,3.09,3.59,9001414040799,HRANA
CHILI LJUTI 35g MLINAC KOTANYI,04100442,KOTANYI,0.04 kg,ko,3.98,113.71,,3.98,3.98,9001414041154,HRANA
PAPAR CRNI ZRNO 36g MLINAC KOTANY,04100446,KOTANYI,0.04 kg,ko,4.39,121.94,,3.98,4.39,9001414041116,HRANA
MED BAGREM 900g PIP,04130101,PIP,0.90 kg,ko,10.69,11.88,,10.69,10.69,3859888500044,HRANA
KEKS PLAZMA 300g,04150724,BAMBI,0.30 kg,ko,2.99,9.97,,2.25,2.99,8600043000023,HRANA
KEKS MLJEVENI PLAZMA 300g,04150726,BAMBI,0.30 kg,ko,2.99,9.97,,2.25,2.99,8600043001105,HRANA
ŠARENE MRVICE 80g DR OETKER,04180924,DR OETKER,0.08 kg,ko,1.39,17.38,,1.39,1.39,5907707051272,HRANA
PUDING MALINA 40g VREĆ PODRAVKA,04183509,DOLCELA,0.04 kg,ko,0.75,18.75,,0.75,0.75,3850104216749,HRANA
LAK TAFT POWER CASHMERE OVERFILL,06540611,TAFT,0.25 l,ko,,11.96,2.99,2.99,4.99,9000100477505,KOZMETIKA
PUDER ZA KOSU TAFT VOLUMEN 10g,06544350,TAFT,0.01 kg,ko,,479,4.79,4.79,5.99,9000100672825,KOZMETIKA
DEO NIVEA BLACK&WHITE 150ml,06551137,NIVEA,0.15 l,ko,,24.67,3.7,3.95,5.29,4005808729951,KOZMETIKA
VL MARAM BECUTAN 99% WATER 3X56/1,90886887,BECUTAN,167.79 ko,ko,4.49,0.03,,4.49,4.49,5310001273156,TOALETNE POTREPŠTINE
VODA DETOX BAZGA LIMUN 0.5 L,90889881,BEALIVE,0.50 l,ko,1.69,3.38,,1.69,1.69,5304000311308,PIĆE
CRISPY POH ČEŠNJAK 70 g KOTANYI,90890046,KOTANYI,0.07 kg,ko,,17,1.19,1.89,1.89,9001414338025,HRANA
BOMBONI TIC TAC FRUIT MINT 54 g,90890155,FERRERO,0.05 kg,ko,2.15,39.81,,2.15,2.15,8000500444634,HRANA
TP PALOMA LIMITED FLOWER 12/1,90890609,PALOMA,12.00 ko,ko,2.99,0.25,,2.99,2.99,3838952036276,TOALETNE POTREPŠTINE
PLOČICA PROTEIN LJEŠNJAK 50 g ZOE,90895225,ZOE,0.05 kg,ko,2.99,59.8,,2.99,2.99,3856026713489,HRANA
DAILY MIX 300 g NATURA PLUS,90895299,NATURA,0.30 kg,ko,4.99,16.63,,4.99,4.99,3858893922605,HRANA
OM COCCOLINO HAPPY YELLOW 1.7 L,90895390,COCCOLINO,1.70 l,ko,6.99,4.11,,6.99,6.99,8720181410666,SREDSTVA ZA ČIŠĆENJE
DET JAR POMEGRANATE 900 ml,90895430,JAR HDW,0.90 l,ko,4.69,5.21,,4.69,4.69,4015400922834,SREDSTVA ZA ČIŠĆENJE
SRED SUPER JON IQ STAKLO 425 ml+2TAB,90899891,SUPER JON,1.00 ko,ko,4.89,4.89,,4.89,4.89,3850111505799,SREDSTVA ZA ČIŠĆENJE
PAŠTETA JETRENA 4X100 g MAXX GAVRIL,90900062,GAVRILOVIĆ,0.40 kg,ko,3.79,9.48,,3.79,3.79,3858892724781,HRANA
BRAŠNO INTEGRAL 1kg BIO ZONE,90210215,BIO ZONE,1.00 kg,ko,1.46,1.46,,1.46,1.46,3838900913840,HRANA
BOJA COLOR NAT NUDE 8.132,90214925,GARNIER COL NATURALS,1.00 ko,ko,,3.69,3.69,4.99,4.99,3600541915831,KOZMETIKA
SIR POLUTV K PLUS MOZZARELLA 100g,90219875,K PLUS,0.10 kg,ko,1.69,16.9,,1.19,1.19,3850334577429,HRANA
SJEMENKA SUNCO OČIŠĆENA PRŽ SLA 80g,90293640,EUROCOMPANY,0.08 kg,ko,0.66,8.25,,0.66,0.66,3872084007315,HRANA
PIVO 5TH ELEMENT STOUT 0.5L NB,90307279,5TH ELEMENT,0.50 l,ko,2.55,5.1,,2.55,2.55,3859892222529,PIĆE
VINO CAB SAUVIGN 3L BIB VINA LAGUNA,90311402,LAGUNA,3.00 l,ko,14.79,4.93,,14.79,14.79,3858881192447,PIĆE
VODICA ZA USTA LISTERINE TEETH&GUM 500ml,90341386,LISTERINE,0.50 l,ko,,9.38,4.69,6.29,6.29,5010123714383,KOZMETIKA
MJEŠ TORTA OD MRKVE 230 g DOLCELA,90894890,DOLCELA,0.23 kg,ko,3.99,17.35,,3.99,3.99,3856020276911,HRANA
OM COCCOLINO HAPPY YELLOW 975 ml,90895385,COCCOLINO,0.98 l,ko,4.99,5.12,,4.99,4.99,8720181410529,SREDSTVA ZA ČIŠĆENJE
ALU POSUDA ROŠTILJ KRUG 3 kom ALUFIX,90899787,ALUFIX,3.00 ko,ko,2.19,0.73,,2.19,2.19,5949509002847,PROIZVODI ZA KUĆANSTVO
GULAŠ GOVEĐI 200g PODRAVKA,02160320,PODRAVKA,0.20 kg,ko,3.49,17.45,,3.49,3.49,3850104020018,HRANA
PAPALINA SVJ FIORITAL,02197717,,1.00 kg,kg,2.59,2.59,,1.55,2.59,93856024301162,HRANA
PAPAR CRNI MLJEVENI 100g ŠAFRAM,04100566,ŠAFRAM,0.10 kg,ko,2.52,25.2,,2.52,2.52,3859888163034,HRANA
PAHULJ CHOCAPIC 375g,04170626,NESTLE ŽITAR,0.38 kg,ko,4.49,11.97,,3.39,4.29,5900020013927,HRANA
SAPUN TEK INT GENERA 300ML,06513841,GENERA,0.30 l,ko,2.39,7.96,,2.39,2.39,8003693400678,KOZMETIKA
ČOKOLADA MILKA NOISETTE 80g,90045395,MILKA,0.08 kg,ko,2.09,26.13,,1.35,2.09,7622210043955,HRANA
NEGAZ PIĆE YIPPY ŠUM VOĆE 0.33L,90063830,YIPPY,0.33 l,ko,1.39,4.21,,1.25,1.25,9008700173582,PIĆE
UMAK PESTO GENOVESE 135g PONTI,90069092,PONTI,0.14 kg,ko,3.29,24.37,,2.29,3.29,8001010033721,HRANA
SIR POLUTVRDI MASDAM K PLUS 300g FRI,90070216,K PLUS,0.30 kg,ko,3.99,13.3,,3.99,3.99,3850334351470,HRANA
ŠTAPIĆI K PLUS HRUSTY SLANI 220g,90090560,HRUSTY,0.22 kg,ko,0.79,3.59,,0.65,0.79,3858884500140,HRANA
TJEST. FUSILLI DURUM 500g ZLATO POLJE,90140564,ZLATO POLJE,0.50 kg,ko,1.99,3.98,,0.99,0.99,3838700010411,HRANA
KRUH SOFTY PAK 400g MLINAR,90140637,MLINAR,0.40 kg,ko,,3.98,1.59,1.59,1.59,3858881127067,HRANA
ODST MRLJA DR BECKM MAST ULJE 50ml,90146221,BECKMANN,0.05 l,ko,2,40,,2,2,4008455341217,SREDSTVA ZA ČIŠĆENJE
LIGNJA SVJ RZ L,90148998,,1.00 kg,kg,14.39,14.39,,8.63,14.39,,HRANA
FILET GRDOBINE F,90156714,,1.00 kg,kg,21.39,21.39,,12.83,21.39,,HRANA
ULJE U SPRAYU NIVEA PROTECT&BRONZE F20,90167721,NIVEA,0.20 l,ko,,61.5,12.3,17.59,17.59,4005900111296,KOZMETIKA
PIVO OŽUJSKO GREJP 2L,90174175,OŽUJSKO,2.00 l,ko,3.75,1.88,,3.75,3.75,3850131003985,PIĆE
GAZ PIĆE COCA-COLA ZERO 0.33L LIM,90174355,COCA COLA,0.33 l,ko,1.09,3.3,,1.09,1.09,5449000214799,PIĆE
SEITAN MARIN EKO 200G ANNAPURNA,90186765,ANNAPURNA,0.20 kg,ko,2.92,14.6,,2.92,2.92,3859890343455,HRANA
JOGURT JOGOBELLA PANNA COTTA 150G ZOTT,90198669,JOGOBELLA,0.15 kg,ko,0.72,4.8,,0.72,0.72,4014500512075,HRANA
ULJE SUNCOKRET 1.2 L ZVIJEZDA,90204462,ZVIJEZDA,1.20 l,ko,,1.54,1.85,1.85,1.85,3856015313249,HRANA
MRVICE KRUŠNE 500g NUTRIFREE,90240290,NUTRIFREE,0.50 kg,ko,5.29,10.58,,5.29,5.29,8008696022834,HRANA
SIR NAM ABC TUNA 100g BELJE,90243881,ABC,0.10 kg,ko,1.35,13.5,,1.05,1.05,3856015324221,HRANA
CORDON BLEU OD PIL/PUR MESA 245g,90279703,AIA,0.25 kg,ko,2.25,9.18,,1.85,2.25,8008110258740,HRANA
DESERT MILKA NUSSINI 31.5g,90290581,MILKA,0.03 kg,ko,0.89,28.25,,0.89,0.89,7622210703606,HRANA
LINZER MARELICA 310g K PLUS,90291826,K PLUS,0.31 kg,ko,2.99,9.65,,2.49,2.49,3850334350527,HRANA
ŠAMPON BOTANIC THERAPY HONEY I PROP 250ml,90310854,BOTANIC THERAPY,0.25 l,ko,,10.76,2.69,3.59,3.59,3600542114202,KOZMETIKA
MARAMICE VLAŽNE BLISTA DRVO 50/1,90312594,BLISTA,50.00 ko,ko,1.99,0.04,,1.99,1.99,3859890063476,SREDSTVA ZA ČIŠĆENJE
ČOK PRALINE 280g KANDIT,90320024,KANDIT,0.28 kg,ko,3.69,13.18,,3.69,3.69,3858889866616,HRANA
MLINCI K PLUS 250g,90334997,K PLUS,0.25 kg,ko,1.09,4.36,,0.55,1.09,3850334341389,HRANA
CROISSANT 7DAYS MIDI VAN COOKIES 60g,90360278,CHIPITA,0.06 kg,ko,0.86,14.33,,0.65,0.86,7622201391614,HRANA
DENTALIFE VELIKI 142g,90361566,DENTALIFE,0.14 kg,ko,2.19,15.42,,2.19,2.19,7613035378667,PROIZVODI ZA KUĆANSTVO
KREMA DN OLEA HYDRATING 50ml,90362333,OLEA,0.05 l,ko,,53,2.65,3.35,3.35,3850334150479,KOZMETIKA
ČETKICA COLG MAX FRESH 1+1 ECON PACK,90363685,COLGATE,1.00 ko,ko,3.19,3.19,,2.23,3.19,8714789292915,KOZMETIKA
ZAČIN SUŠ RAJČ VR 20g KOTANYI,90363944,KOTANYI,0.02 kg,ko,1.15,57.5,,0.99,1.15,9001414601341,HRANA
PEL PAMPERS PREM CARE VEL 6 13+ 38KOM,90364412,PAMPERS,38.01 ko,ko,,0.39,14.99,14.99,14.99,8001841105130,TOALETNE POTREPŠTINE
SPUŽVA KUHINJSKA FINO 5+1,90364670,FINO,6.00 ko,ko,1.89,0.31,,1.89,1.89,5900536279121,PROIZVODI ZA KUĆANSTVO
VODKA VIGOR  WILD BERRY 0.7L,90365062,VIGOR,0.70 l,ko,9.05,12.93,,9.05,9.05,3850112142955,PIĆE
PROTEIN BAR CHOCO JAFFA 60g,90373151,POLLEO,0.06 kg,ko,1.99,33.17,,1.99,1.99,3858892292273,HRANA
PISTACIO VEDRINI 150g,90377883,VEDRINI,0.15 kg,ko,4.19,27.91,,3.49,3.49,3858889332265,HRANA
DESERT NESTLE FITN CHOCO&BANANA 23.5g,90377942,NESTLE ŽITAR,0.02 kg,ko,0.85,36.17,,0.83,0.83,5900020033956,HRANA
GAZ PIĆE SKY COLA ZERO 2L,90382323,SKY,2.00 l,ko,,0.68,1.35,1.35,1.79,3875000181656,PIĆE
PUDING PROTEIN VAN 180g VINDIJA,90389423,VINDIJA,0.18 kg,ko,1.29,7.17,,1.09,1.29,3850108040906,HRANA
RUČNIK PAP PALOMA 2SL 2/1,05089255,PALOMA,2.00 ko,ko,1.86,0.93,,1.86,1.86,3838952013468,PROIZVODI ZA KUĆANSTVO
SIR TVRDI OLD AMSTERDAM 150g VELDHUYZEN,90052301,VELDHUYZEN,0.15 kg,ko,3.99,26.61,,3.99,3.99,8717545623077,HRANA
DEO GIOVANNI 75ML,90052548,JEAN MARC,0.08 l,ko,1.69,22.53,,1.69,1.69,5901815014884,KOZMETIKA
PROSECCO MARTINI 0.75L,90083244,MARTINI,0.75 l,ko,17.05,22.73,,17.05,17.05,8000570552505,PIĆE
PAPRIČICE PUNJ SIROM PEPPEDEW 250g,90091135,PEPPADEW,0.25 kg,ko,4.99,19.96,,4.99,4.99,6007788003784,HRANA
RIŽA 1 kg RIOPAK,90099060,RIO PAK,1.00 kg,ko,1.99,1.99,,1.99,1.99,3859888279445,HRANA
ČIPS PRINGLES SIR ONION 165g,90123134,PRINGLES,0.17 kg,ko,,11.45,1.89,3.49,3.49,5053990101535,HRANA
TUNA ROLL 199G GRUPO OHANA,90185241,AS SUSHI,0.20 kg,ko,7.55,37.94,,7.55,7.55,0604580001077,HRANA
TJEST BUCATINI 15 500G DE CECCO,90197242,DE CECCO,0.50 kg,ko,2.79,5.58,,2.79,2.79,8001250120151,HRANA
HAMA ODREZAK,90203731,,1.00 kg,kg,13.99,13.99,,8.39,13.99,3858890591880,HRANA
VINO SILVANAC  ZELENI  KVALITETNI 0.75,90210422,PP ORAHOVICA,0.75 l,ko,5.55,7.4,,5.55,5.55,3858889831201,PIĆE
SOK CIKLA EKO 750ml DIDA BOŽA,90213740,DIDA BOŽA,0.75 l,ko,3.99,5.32,,3.99,3.99,3859893011184,PIĆE
NAMAZ HUMMUS BUČINE SJEMENKE 250G,90220896,SANA,0.25 kg,ko,3.45,13.8,,3.45,3.45,3859892873066,HRANA
BALZAM NIVEA MEN SENSIT RECOV 100ml,90299040,NIVEA,0.10 l,ko,11.89,118.9,,8.89,11.89,9005800294483,KOZMETIKA
LISTOVI ZA PITE I SAVIJA K PLUS 500g,90304152,K PLUS,0.50 kg,ko,1.25,2.5,,0.95,0.95,3850334377791,HRANA
ČIPS OD JABUKE ORIGINAL 30g VELI S,90325125,VELI'S,0.03 kg,ko,0.89,29.67,,0.89,0.89,3859891308002,HRANA
GAZ PIĆE SCHWEPP TON WAT 0.33L LIM,90342463,SCHWEPPES,0.33 l,ko,1.29,3.91,,1.29,1.29,5449000220943,PIĆE
REZANCI ŠIROKI S JAJ 400g K PLUS,90366164,K PLUS,0.40 kg,ko,1.29,3.23,,0.89,1.29,3850334154163,HRANA
BOLERO CLASSIC LIMUNADA 9g,90382296,BOLERO,0.01 kg,ko,0.89,98.89,,0.89,0.89,3800048227202,PIĆE
PIVO GRIF NEW ENGLAND PALE ALE 0.5L,90393508,GRIF,0.50 l,ko,2.45,4.9,,2.45,2.45,3859893353147,PIĆE
SALATA PURETINA AVOKADO CK KOM KONZ,90401447,,0.42 kg,ko,2.65,6.36,,2.65,2.65,,HRANA
BOJA PALETTE DLX 900 INTEN PR CRNA,90401809,PALETTE DELU,1.00 ko,ko,5.99,5.99,,4.79,5.99,9000100966665,KOZMETIKA
ZASLAĐIVAČ U TABL.1200 kom GALILEO,90403211,GALILEO,0.07 kg,ko,2.99,41.53,,2.99,2.99,3859890364160,HRANA
POSLASTICA BEEF BURGER 2kom 18g,90406741,VITAKRAFT,0.04 kg,ko,0.79,21.94,,0.65,0.79,4008239232960,PROIZVODI ZA KUĆANSTVO
DET ČARLI ORIGINAL 900ml,90468642,ČARLI,0.90 l,ko,2.69,2.99,,2.55,2.55,3850111304095,SREDSTVA ZA ČIŠĆENJE
VINO BABIĆ VR 0.75L,90484746,VINOPLOD,0.75 l,ko,15.99,21.32,,15.99,15.99,3858892460245,PIĆE
PJENUŠAC BLANC DE MOI 0.75L,90484987,LAGUNA,0.75 l,ko,20.45,27.27,,20.45,20.45,3858881197107,PIĆE
KAVA DOLCE GUS BOUNDI ESP 16/1 99.2 g,90488288,DOLCE GUSTO,0.10 kg,ko,6.49,65.42,,5.29,6.49,7613287300515,HRANA
ČAJ GASTRODAL EKO 50g DARVITALIS,90494653,DARVITALIS,0.05 kg,ko,3.98,79.6,,3.98,3.98,3858890830156,HRANA
ULJE MASLINOVO ED BEZ GRANICA 0.25L KONFIN,90498738,KONFIN,0.25 l,ko,9.95,39.8,,7.96,9.95,3859893661006,HRANA
JOGURT B'AKTIV JAGODA 330g DUKAT,90514024,B'AKTIV,0.33 kg,ko,1.65,5,,1.29,1.29,3850354015864,HRANA
DET FAKS AQUAMA SMART CL 3.51kg=54PR,90553345,FAKS,3.51 kg,ko,13.15,3.75,,13.15,13.15,3850105176769,SREDSTVA ZA ČIŠĆENJE
VINO PJENUŠAVO BRUT ZIGANTE 0.75L,90568573,ZIGANTE,0.75 l,ko,22.09,29.45,,22.09,22.09,3858891983554,PIĆE
MLIJEKO SVJ ESL 3.2% M.M.1L KRAVICA,90570300,KRAVICA KRALJICA,1.00 l,ko,1.29,1.29,,1.29,1.29,3856015324399,HRANA
AROMA BADEMA 38ml DR OETKER,90572101,DR OETKER,0.04 l,ko,1.69,44.47,,1.19,1.69,5907707053160,HRANA
DEO GARNIER MIN HYAL CARE 150ml,90598192,GARNIER,0.15 l,ko,,24.6,3.69,4.59,4.99,3600542399302,KOZMETIKA
BOJA EXCELL 9 UNIV V LIGHT BLOND,90598614,LOREAL EXCELLANCE,1.00 ko,ko,7,7,,7,7,3600523998227,KOZMETIKA
SLAD GELATISSIMO BIG BANG 8X52ml,90599191,GELATISSIMO,0.42 kg,ko,3.49,8.39,,3.49,3.49,3850334009609,HRANA
RUM LA HECHICERA GIFT BOX 0.7L ,90599854,LA HECHICERA,0.70 l,ko,42.49,60.7,,42.49,42.49,7707180703013,PIĆE
NAPITAK HELL ENERGY ZERO 0.25L,90603229,HELL,0.25 l,ko,1.09,4.36,,1.09,1.09,5999884034445,PIĆE
MUESLI GRANOLA FITNESS HONEY 300g NESTLE,90617873,NESTLE ŽITAR,0.30 kg,ko,4.69,15.63,,4.59,4.59,7613035619456,HRANA
ČAJ LIPA FILTAR 15/1,90623762,SUBAN,0.03 kg,ko,2.65,106,,2.45,2.65,3858882913997,HRANA
BUDDY SP GOVEDINA POVRĆE 10KG,90649411,BUDDY,10.00 kg,ko,11.89,1.19,,9.99,11.89,3850334009982,PROIZVODI ZA KUĆANSTVO
MJEŠAVINA KINESKA 400g LEDO,90668479,LEDO,0.40 kg,ko,,6.23,2.49,3.49,3.49,3850116053400,HRANA
MALINA 300g LEDO,90668501,LEDO,0.30 kg,ko,4.49,14.97,,3.79,4.49,3850116053615,HRANA
DEO MELEM GOLDEN MARUL 150ML,90669046,MELEM,0.15 l,ko,3.99,26.61,,3.19,3.99,3856007910333,KOZMETIKA
BOMBONI GUMENI KISS 100g TROLLI,90673188,TROLLI,0.10 kg,ko,1.65,16.5,,1.65,1.65,4003084319422,HRANA
BOMBONI GUMENI SQUIGGLE TWIST 100g TROLLI,90673192,TROLLI,0.10 kg,ko,1.65,16.5,,1.65,1.65,4003084319286,HRANA
NAMAZ POVRTNI SLANUTAK 95g ARGETA,90675212,ARGETA,0.10 kg,ko,1.89,19.89,,1.39,1.89,8606018021826,HRANA
PIVO GARDEN TAMA 0.44L,90677975,GARDEN,0.44 l,ko,3.25,7.39,,3.25,3.25,3858893811299,PIĆE
POLLEO SHAKER GO HARD OR GO HOME 0.6L,90678292,POLLEO,0.60 l,ko,3.49,5.82,,3.49,3.49,3856026804750,HRANA
SOK 100% MOJ DAN ANANAS 1L,90683064,MOJ DAN,1.00 l,ko,2.15,2.15,,2.15,2.15,3850334020864,PIĆE
SOK 100% MOJ DAN JABUKA 1L,90683067,MOJ DAN,1.00 l,ko,1.29,1.29,,1.29,1.29,3850334020840,PIĆE
OM SILAN ROSE 1.1L,90744973,SILAN,1.10 l,ko,,2.54,2.79,2.79,2.79,9000101800913,SREDSTVA ZA ČIŠĆENJE
RAJČICA PASIRANA GARDEN GOOD ST 690g,90750164,GARDEN GOOD,0.69 kg,ko,1.69,2.45,,1.69,1.69,3850334070937,HRANA
KOPAR 30g SOTINAC,90750973,OPG SOTINAC,0.03 kg,ko,1.39,46.33,,1.39,1.39,3859893718328,HRANA
VREĆICE RUČKA SENDVIČ 100/1 ALUFIX,90754950,ALUFIX,100.00 ko,ko,3.19,0.03,,3.19,3.19,4823071655797,PROIZVODI ZA KUĆANSTVO
BOMBON RICOLA LIMUN MINT VR 75 g,90770190,RICOLA,0.08 kg,ko,2.69,35.87,,2.69,2.69,7610700945131,HRANA
BALZAM ZA RUKE EVELINE BANANA 50 ml,90774891,EVELINE,0.05 l,ko,1.55,31,,1.55,1.55,5901761968569,KOZMETIKA
KREMA LICE OLIVAL ROUT REPLUMP 50 ml,90775510,OLIVAL,0.05 l,ko,4,80,,4,4,3858892694794,KOZMETIKA
SMOOTHIE BETT'R ANANAS MENTA 250 ml,90775698,BETT R,0.25 l,ko,3.09,12.36,,3.09,3.09,3800233782387,PIĆE
PALAČINKE PROT UNFLAV PROSERIES 500 g,90789672,PROSERIES,0.50 kg,ko,11.99,23.98,,11.99,11.99,3856026807713,HRANA
BOMBON GUM KIS PAINTER STRIPS 75g ZOZOLE,90809803,ZOZOLE,0.08 kg,ko,1.19,15.87,,1.19,1.19,5900353702147,HRANA
DET ARIEL EXTRA CLEAN 1.95L=39PR,90705935,ARIEL,1.95 l,ko,10,5.13,,10,10,8006540878774,SREDSTVA ZA ČIŠĆENJE
PIVO GARDIA BEZGLUTENSKO 0.33L LIM ,90706315,GARDIA,0.33 l,ko,2.05,6.21,,2.05,2.05,0764460287950,PIĆE
SNACK HUMMUS & PITA CHIPS 130g,90707291,ESTI,0.13 kg,ko,1.99,15.3,,0.67,1.99,5201310722506,HRANA
TJEST SVJ TAGLIATEL 250g DE ANGELIS,90707588,DE ANGELIS,0.25 kg,ko,1.39,5.56,,1.39,1.39,8021228310018,HRANA
NAMAZ LINO LADA GOLD  CREAMY 350g PODRAVKA,90707717,LINO LADA,0.35 kg,ko,3.99,11.4,,3.29,3.99,3856020265366,HRANA
TJESTENINA FUSILLI BG 400g RUMMO,90707760,RUMMO,0.40 kg,ko,4.19,10.48,,4.19,4.19,8008343880480,HRANA
TJESTENINA SPAGHETTI BG 400g RUMMO,90707764,RUMMO,0.40 kg,ko,4.19,10.48,,4.19,4.19,8008343880039,HRANA
100% MAGNEZIJEV CITRAT 250G,90707823,PROSERIES,0.25 kg,ko,19.99,79.96,,19.99,19.99,3856026802084,HRANA
AJAX SHOWER POW SPR 500ml,90714957,AJAX,0.50 l,ko,3.99,7.98,,3.99,3.99,8718951533691,SREDSTVA ZA ČIŠĆENJE
ZOBENA PLOČICA PISTACIJA 90g MB,90724939,MA BAKER,0.09 kg,ko,1.79,19.89,,1.79,1.79,5034444101219,HRANA
KREKER KUKUR S HELJ PROS I LAN 100g NAT,90726849,NATUREL,0.10 kg,ko,1.89,18.9,,1.89,1.89,3858889366277,HRANA
KREMA LICE AFRODITA GROŽĐE HIDR 50ml,90729659,AFRODITA,0.05 l,ko,10.99,219.8,,10.99,10.99,3831070659594,KOZMETIKA
DESERT GO ON PROTEIN BRUSNICA 50g,90730799,GO ON,0.05 kg,ko,1.49,29.8,,1.49,1.49,5900617013149,HRANA
UMAK TACO 230g LA FIESTA,90731689,LA FIESTA,0.23 kg,ko,2.99,13,,2.99,2.99,5412514935139,HRANA
VREĆA SMEĆE FINO GRE LIF 35L 22/1,90732205,FINO,22.00 ko,ko,2.79,0.13,,2.19,2.19,5900536335964,PROIZVODI ZA KUĆANSTVO
PROTEIN SNACK 40g Z BREGOV,90732991,Z BREGOV,0.04 kg,ko,1.49,37.25,,1.49,1.49,3850108049909,HRANA
KREKER RIŽA CHIA KVIN AMAR 100g B YOND,90739834,B YOND,0.10 kg,ko,1.29,12.9,,1.29,1.29,3800233091199,HRANA
LIKER PELINKOVAC ANTIQUE 3L,90740034,BADEL 1862,3.00 l,ko,75.05,25.02,,75.05,75.05,3850112112422,PIĆE
DET PERSIL GEL SENSITIVE 3.6L=80PR,90745004,PERSIL,16.00 l,ko,17.99,1.12,,17.99,17.99,9000101806458,SREDSTVA ZA ČIŠĆENJE
DET PERWOLL DARK BLOOM 1L=20PR,90745049,PERWOLL,1.00 l,ko,4,4,,4,9.99,9000101810622,SREDSTVA ZA ČIŠĆENJE
PAH RISE&SMILE 3 ŽITARICE 500 g,90749828,RISE&SMILE,0.50 kg,ko,0.99,1.98,,0.99,0.99,3850334107268,HRANA
DESERT NESTLE GRIZ VANILIJA 4X100 g,90759694,NESTLE,0.40 kg,ko,3.59,8.98,,3.59,3.59,7613034515667,HRANA
COCKTAIL GIN & TONIC 0.5 L,90764649,JOHAN FREITAG,0.50 l,ko,2.15,4.3,,2.05,2.05,4750142005758,PIĆE
SIR POLUTVRDI NAREZ 140g LEERDAMMER,90770428,LERRDAMMER,0.14 kg,ko,3.49,24.93,,3.49,3.49,8721800401294,HRANA
SIR GRILL NATUR 200g DIVAN GARDEN,90770452,DIVAN GARDEN,0.20 kg,ko,2.99,14.95,,2.99,2.99,3858894600113,HRANA
BOMBON LOOK JAGODA TVRDI 90 g PIONIR,90770512,PIONIR,0.09 kg,ko,1.45,16.11,,1.45,1.45,8602300211920,HRANA
LARDO 90g NAR,90770669,FRATELLI PARMIGIANI,0.09 kg,ko,2.99,33.22,,2.99,2.99,8007699009101,HRANA
FLUID GARNIER VITAMIN C SPF50+ 40 ml,90774654,GARNIER,0.04 l,ko,12.49,312.25,,12.49,12.49,3600542573009,KOZMETIKA
GRAH ŠARENI 400/240 g GUSTO SANO,90774855,GUSTO SANO,0.24 kg,ko,1.19,4.96,,1.19,1.19,8057733190104,HRANA
PATRONE WILKINS ESSEN 3 HYBRID 4/1,90775549,WILKINSON,4.00 ko,ko,4,1,,4,4,4027800503605,KOZMETIKA
CEDEVITA ANANAS MANGO 455 g,90784737,CEDEVITA,0.46 kg,ko,3.95,8.68,,3.95,3.95,3850322016268,PIĆE
VODA SENSATION TONIC 1.5 L,90784802,SENSATION,1.50 l,ko,1.59,1.06,,1.39,1.59,3875000183278,PIĆE
THE PINK STUFF PODOVI 1 L ,90789827,THE PINK STUFF,1.00 l,ko,3.69,3.69,,3.69,3.69,5060033821527,SREDSTVA ZA ČIŠĆENJE
ZUBATAC 5000-10000,90794724,ŽUVELA,1.00 kg,kg,35.99,35.99,,21.58,35.99,,HRANA
KAKAO NAPITAK 15g STEVIQ,90794782,STEVIQ,0.02 kg,ko,0.89,59.33,,0.89,0.89,3858893680222,HRANA
NEKTAR JABUKA CAPPY 1 l,90794948,CAPPY,1.00 l,ko,1.99,1.99,,1.99,1.99,5449000018564,PIĆE
PRŠUT IBERICO BEZ KOSTI 50% CHEBO,90795059,REVISAN,1.00 kg,kg,54.99,54.99,,54.99,54.99,8436024010916,HRANA
SALV PALOMA BOŽIĆ LEAVES 33X33 20/1,90800082,PALOMA,20.00 ko,ko,2.29,0.11,,2.29,2.29,3838952035552,PROIZVODI ZA KUĆANSTVO
PIRE VOĆNI JAB BRES MANG 200 g BB,90800614,BOOM BOX,0.20 kg,ko,1.99,9.95,,1.49,1.99,3856027801277,HRANA
JOGURT SENSIA FIBERS NATUR PET 1KG,90800734,SENSIA,1.00 kg,ko,2.55,2.55,,2.55,2.55,3850354018674,HRANA
PIZZA ROCK&ROLL PEPPERONI 2X430 g,90800916,ROCK & ROLL,0.86 kg,ko,2,2.32,,2,2,5201310722940,HRANA
BOMBON KAR KIKI PUNIOZA LIMETA COLA 90g,90804925,KIKI,0.09 kg,ko,1.29,14.33,,0.97,1.29,3850102009909,HRANA
GEL TUŠ J&J ADULT NAR 400 ml,90765113,J&J,0.40 l,ko,,7.13,2.85,4.09,4.09,3574661093956,KOZMETIKA
SLAD LOACKER NAPOLITANER 4x115 ml,90769911,CORNETTO,0.47 l,ko,4.99,10.73,,4.99,4.99,8005840020289,HRANA
ČOKOLADA LUMPI MLIJEČNA 8/1 100 g,90770858,LUMPI,0.10 kg,ko,1.29,12.9,,1.19,1.19,8605028605811,HRANA
PIVO BENEDIKTINER PŠENIČNO 5 L BAČVICA,90795383,BENEDIKTINER,5.00 l,ko,15.79,3.16,,15.79,15.79,3859892482121,PIĆE
ROVUS SPRAY MOP NAVLAKA 2/1,90795566,ROVUS,1.00 ko,ko,5.99,5.99,,3.99,5.99,3858894408542,PROIZVODI ZA KUĆANSTVO
INSTANT JACOBS MONARCH 2X200g,90814649,JACOBS,0.40 kg,ko,17.98,44.95,,17.98,17.98,3858893908838,HRANA
MANGO SUŠENI BIO 200 g NUTRIGOLD,90825632,NUTRIGOLD,0.20 kg,ko,3.49,17.45,,3.49,3.49,3858891973609,HRANA
ČIPS PRINGLES HOT CHILLI&LIME 160g,90826556,PRINGLES,0.16 kg,ko,,11.81,1.89,3.49,3.49,5053990176168,HRANA
ČAJ ADVENT KAL ORGANIC 46 g YOGI TEA,90850839,YOGI TEA,0.05 kg,ko,7,152.17,,7,7,4012824723566,HRANA
DEO DOVE Ž PEAR&ALOE 150 ml,90885076,DOVE,0.15 l,ko,,26.73,4.01,5.35,5.35,8720181291746,KOZMETIKA
ROLL ON LACTOVIT SENSITIVE 50 ml,90885252,LACTOVIT,0.05 l,ko,3.95,79,,2.99,3.95,8411135353435,KOZMETIKA
SRDELA DIM ČILI 160 g/112 g BANGA,90886127,BANGA,0.11 kg,ko,2.99,26.7,,2.99,2.99,4751017407417,HRANA
OM LENOR PT LOTUS DIAMOND 987 ml,90886178,LENOR,0.99 l,ko,,3.54,3.49,4.79,6.39,8700216724258,SREDSTVA ZA ČIŠĆENJE
SLAD MILKA VANIL ČOKOLAD ČAŠA 425 ml,90886498,MILKA,0.43 l,ko,7.99,18.8,,6.99,7.99,4007993035862,HRANA
VODA VITAMIN WELL HYDRATE 0.5 L,90889879,VITAMIN WELL,0.50 l,ko,1.99,3.98,,1.99,1.99,7350042716166,PIĆE
SOK 100% MRKVA NATURA 0.7 L,90889965,FRUCTAL,0.70 l,ko,3.19,4.56,,3.19,3.19,3838945515436,PIĆE
SENF DELIKATES 290 g ZVIJEZDA,90890078,ZVIJEZDA,0.29 kg,ko,1.79,6.17,,1.49,1.79,3856015332523,HRANA
NEKTAR GUSTI TO 1 L,90890090,TO,1.00 l,ko,1.59,1.59,,1.29,1.59,3858890973150,PIĆE
ČIPS PRINGLES HOT&SPICY 165g,01311185,PRINGLES,0.17 kg,ko,,11.45,1.89,3.49,3.49,5053990101542,HRANA
KUPUS KISELI GLAVE,01400319,KORA,1.00 kg,kg,1.99,1.99,,1.99,1.99,3850334101754,HRANA
ŠPINAT 400 grama,01409001,KORA,0.40 kg,ko,1.99,4.98,,1.99,1.99,3850334386366,HRANA
LUBENICA,01411533,,1.00 kg,kg,1.69,1.69,,1.69,1.99,3858885876732,HRANA
AJVAR BLAGI 680G,01480138,SLOVA,0.68 kg,ko,2.49,3.66,,2.49,2.49,3850334079657,HRANA
ZAČIN MEXICO FAJITA 40g VR KOTANY,01490840,KOTANYI,0.04 kg,ko,1.69,42.25,,1.39,1.69,9001414011539,HRANA
UMAK SOJA 150ML KIKOMAN,01491485,KIKKOMAN,0.15 l,ko,,17.27,2.59,3.99,3.99,8715035110205,HRANA
GRAŠAK LIM 530g BONDUELLE,01550054,BONDUELLE,0.53 kg,ko,3.29,6.21,,2.3,3.29,3083680004275,HRANA
FEFERON LJUTI 300g PODRAVKA,01560141,PODRAVKA,0.30 kg,ko,3.29,10.97,,2.49,3.29,3850104011689,HRANA
MASLINE CRNE 200g ZVIJEZDA,01580219,ZVIJEZDA,0.20 kg,ko,3.19,15.95,,3.19,3.19,3858882213714,HRANA
MASLINE ZELENE 400g ZVIJEZDA,01580710,ZVIJEZDA,0.40 kg,ko,4.19,10.48,,3.69,4.19,3858882213738,HRANA
MASLINE K PLUS CRNE 400g,01581055,K PLUS,0.40 kg,ko,3.19,7.98,,3.19,3.19,3850334154767,HRANA
BUDDY MP GOVEDINA 405g,01647057,BUDDY,0.41 kg,ko,0.99,2.45,,0.75,0.99,3850334018236,PROIZVODI ZA KUĆANSTVO
ZIMSKA SALAMA 330g MA PIK,02024474,PIK VRBOVEC,0.33 kg,ko,,17.24,5.69,7.99,7.99,3850139010626,HRANA
NAREZAK MESNI 150g PODRAVKA,02160091,PODRAVKA,0.15 kg,ko,1.89,12.6,,1.89,1.89,3859890848196,HRANA
PANIRANI FILET OSLIĆA 400g LEDO,02195477,LEDO,0.40 kg,ko,5.99,14.98,,4.99,4.99,3850116881973,HRANA
MAJONEZA S KEČAP THOMY TUB 190g THOMY,02200811,THOMY,0.19 kg,ko,2.49,13.11,,2.49,2.49,7613287146694,HRANA
ACIDOFIL 3.2% 180g ČAŠA,02334070,DUKAT,0.18 kg,ko,0.69,3.83,,0.69,0.69,3850354001560,HRANA
SV VRAT SK U SLAVONSKOJ MARINADI,02400198,KONZUM,1.00 ko,ko,7.85,7.85,,5.49,7.85,,HRANA
SV MLJEV MESO 450g MA PIK VRBOVEC,02404333,PIK VRBOVEC,0.45 kg,ko,1.85,4.11,,1.29,1.85,3850139435146,HRANA
JUN MR S BIFTEKOM ,02410101,PIK VRBOVEC,1.00 kg,kg,9.49,9.49,,9.49,9.49,3850139410020,HRANA
FRITESI PANIRANI PILEĆI 350g SVJ,02435507,CEKIN,0.35 kg,ko,5.29,15.11,,5.29,5.29,3850159140471,HRANA
PUREĆI ZABATAK PODL VINDIJA,02450383,VINDON,1.00 kg,kg,10.69,10.69,,10.69,10.69,3850339403006,HRANA
BACARDI BREEZER LIME RTD 0.275L,03075783,BACARDI,0.28 l,ko,3.25,11.82,,3.25,3.25,5010677551397,PIĆE
PIVO ERDINGER SVIJE PŠENIČ 0.5L LIM,03130657,ERDINGER,0.50 l,ko,2.05,4.1,,1.49,2.05,4002103003014,PIĆE
NEGAZIRANO PIĆE VIŠNJA YIPPY 0.33L PET,03141847,YIPPY,0.33 l,ko,1.39,4.21,,1.25,1.25,9008700142007,PIĆE
NAPITAK PRO SPORT LIM/GREJP 0.75L,03160421,PRO SPORT,0.75 l,ko,1.59,2.12,,1.59,1.59,3858884601830,PIĆE
GAZ PIĆE PEPSI BEZ ŠEĆERA 2l  PET,03164133,PEPSI,2.00 l,ko,2.05,1.03,,1.85,2.05,3830065020364,PIĆE
PECIVO MIJEŠANI KRUŠČIĆ 120g KLARA,04020533,KLARA,0.12 kg,ko,0.95,7.92,,0.95,0.95,3858881321397,HRANA
RIŽA CARNAROLI 1kg SCOTTI,04064010,RISO SCOTTI,1.00 kg,ko,6.99,6.99,,6.99,6.99,8001860010019,HRANA
ČAJ EARL GREY TWININGS 50g,04095846,TWININGS,0.05 kg,ko,4.51,90.2,,4.51,4.51,0070177077563,HRANA
FANT GULAŠ I PAPRIKAŠ 65g VREĆ PODR,04163600,FANT,0.07 kg,ko,1.39,21.38,,0.93,1.39,3850104075537,HRANA
KAŠICA INST ČOKOLINO 200g,04174520,LINO,0.20 kg,ko,2.59,12.95,,1.99,1.99,3850104230011,HRANA
GUSTIN 200G+50G GRATIS DR OETKER,04183875,DR OETKER,0.20 kg,ko,1.89,9.45,,1.29,1.89,5997381348584,HRANA
BOMBON ŠUMI FRU FRU TATOO 74g ŽITO,04196764,ŠUMI,0.07 kg,ko,1.69,22.84,,1.69,1.69,3838700040548,HRANA
DESERT CORNY BIG ČOKOLADA 50g,04210475,SCHWARTAU,0.05 kg,ko,1.19,23.8,,1.19,1.19,4011800586515,HRANA
BOJA EXCELLENCE 6,90154958,LOREAL EXCELLANCE,1.00 ko,ko,,6.69,6.69,8.59,8.99,3600523731886,KOZMETIKA
GEL NIVEA SENSITIVE COOL 200ML,90156868,NIVEA,0.20 l,ko,7.59,37.95,,5.69,7.59,9005800305080,KOZMETIKA
KRISPI ŠVEDSKI BŠ 225g,90169213,PAGEN KRISPR,0.23 kg,ko,2.89,12.84,,2.89,2.89,7311070331318,HRANA
ČOKOLADNO PISMO 75g DR OETKER,90185554,DR OETKER,0.08 kg,ko,3.89,51.87,,3.89,3.89,4000521025458,HRANA
ČAJ KAMILICA XXL 40G,90187661,PODRAVKA,0.04 kg,ko,2.29,57.25,,2.29,2.29,3850104249105,HRANA
PAP RUPČIĆI NATUR 3SL 10/1,90189770,NATUR,10.00 ko,ko,0.99,0.1,,0.99,0.99,3838900965627,TOALETNE POTREPŠTINE
KRUMPIR ZA PEČENJE I PRŽENJE 2.5 kg,90201911,KORA,2.50 kg,ko,2.79,1.12,,1.99,2.79,3850334151490,HRANA
MUESLI JASTUČIĆI ČOK 300g DR OETKER,90207906,VITALIS,0.30 kg,ko,4.19,13.97,,4.19,4.19,4000521018245,HRANA
VODA MICELARNA SKIN NATURALS DVOFAZNA 400ML,90214828,GARNIER,0.40 l,ko,,14.48,5.79,7.59,7.79,3600541744493,KOZMETIKA
PIVO KOZEL PREMIUM LIM 0.5L,90232964,ASAHI,0.50 l,ko,1.59,3.18,,1.59,1.59,8594404005782,PIĆE
BOMBO STEV EXTRA STRONG 45g PULMOLL,90236691,PULMOLL,0.05 kg,ko,2.19,48.67,,2.19,2.19,4002590703930,HRANA
SALVETE NATUR PREMIUM RED 33X33 3SL 30/1,90261032,NATUR,30.00 ko,ko,1.06,0.04,,1.06,1.06,3838900953686,PROIZVODI ZA KUĆANSTVO
ULJE MASLINOVO EX DJEV 1L HARMONIJA,90273092,ORGULA,1.00 l,ko,11,11,,11,11,3859890446200,HRANA
PLATA DOMAĆA 8 OSOBA KONZUM,90273249,,0.83 kg,ko,19.91,23.89,,19.91,19.91,,HRANA
ŠPAR SVJ MEDUZA,90273994,MEDUZA,1.00 kg,kg,4.19,4.19,,2.51,4.19,,HRANA
SV LOPATICA BK MHF,90283092,,1.00 kg,kg,,4.69,4.69,4.49,5.99,3850139523447,HRANA
SV CARSKO MESO NEOB MHF,90284716,,1.00 kg,kg,,4.29,4.29,3.79,3.79,3850139281378,HRANA
KRUŠNE MRVICE SA SEZAMOM 500g MOJ KR,90291763,MOJ KRUH,0.50 kg,ko,1.55,3.1,,1.55,1.55,3859892992033,HRANA
KOZICE 80/100 SVJ KONZUM,90298465,,1.00 kg,kg,12.19,12.19,,7.31,12.19,,HRANA
BREF HYGIENE GEL FLORAL 700ml,90325421,BREF,0.70 l,ko,2.99,4.27,,2.99,2.99,9000101311853,SREDSTVA ZA ČIŠĆENJE
TJESTENINA U ČAŠI CHILI 63g MAGGI,90360849,MAGGI,0.06 kg,ko,,23.65,1.49,1.55,2.09,7613036884945,HRANA
KAVA DG RISTRETTO NAPOLI 16/1 128g,90362762,DOLCE GUSTO,0.13 kg,ko,6.49,50.7,,5.29,6.49,8445290421456,HRANA
TP VLAŽNI VIOLETA NEVEN 120/1,90363690,VIOLETA,120.05 ko,ko,3.58,0.03,,3.58,3.58,3870128018204,TOALETNE POTREPŠTINE
PEL LUMPI MAXI 4 50/1,90370148,LUMPI,50.00 ko,ko,7.17,0.14,,7.17,7.17,3850334153494,TOALETNE POTREPŠTINE
NAPITAK POWERADE CITRUS 0.5L,90382417,POWERADE,0.50 l,ko,1.65,3.3,,1.45,1.45,54492806,PIĆE
POSLASTICA PREMIO PILEĆI KOMADI LIGHT 100g,90406934,TRIXIE,0.10 kg,ko,2.79,27.9,,2.79,2.79,4011905315331,PROIZVODI ZA KUĆANSTVO
PIĆE GAZ COCA COLA ZERO 12PACK 0.15L,90407076,COCA COLA,1.80 l,ko,6.85,3.81,,6.85,6.85,5449000138156,PIĆE
RAMSTEK 400g DF PIK VRBOVEC,90408883,PIK VRBOVEC,0.40 kg,ko,7.99,19.98,,4.89,7.99,3850139520217,HRANA
SIR MEKI GORGONZOLA BALLARINI 150g,90308138,BALLARINI,0.15 kg,ko,3.09,20.6,,3.09,3.09,8011940101018,HRANA
TUBA VOĆ HIPPIS BIO SP KRUŠ/BAN/GROŽ/ZOB 120g,90308410,HIPP,0.12 kg,ko,1.39,11.58,,1.09,1.39,4062300325197,HRANA
CAPP ARABESCA CLASIC 200g,90308843,ARABESCA,0.20 kg,ko,2.99,14.95,,2.99,2.99,3858886804123,HRANA
HYDROGEN CREAM 6% 120ml,90311811,ILIRIJA,0.12 l,ko,1.99,16.58,,1.99,1.99,3838980501968,KOZMETIKA
ZP AQF ACTIVE WHITE 125ml,90311863,AQUAFRESH,0.13 l,ko,2.99,23.92,,2.99,2.99,5054563204097,KOZMETIKA
SOL MORSKA SITNA EKO 600g SOLANA NIN,90312612,SOLANA NIN,0.60 kg,ko,2.39,3.98,,2.39,2.39,3859888595989,HRANA
KEKS MINI BŠ SA RAZNIM ŽITAR 120g MISURA,90324886,MISURA,0.12 kg,ko,1.46,12.17,,1.46,1.46,8002590045630,HRANA
NEGAZ PIĆE YIPPY JAGODA 0.33L PET,90325184,YIPPY,0.33 l,ko,1.39,4.21,,1.25,1.25,9008700192392,PIĆE
KREKER SLANI 80g ELEPHANT,90342947,ELEPHANT,0.08 kg,ko,,9.38,0.75,0.99,0.99,5949040201044,HRANA
KUPUS KIS ČEŠNJAK PAPAR 250g,90348706,KORA,0.25 kg,ko,1.59,6.36,,1.59,1.59,3859891493623,HRANA
BAKLAVA PISTACIJA 500g NUBAKE,90350419,NUBAKE,0.50 kg,ko,5.31,10.62,,3.45,3.45,3859892847678,HRANA
FANT ZA LAZANJE 70g PODRAVKA,90351306,FANT,0.07 kg,ko,1.39,19.86,,1.39,1.39,3850104295492,HRANA
MARGARIN 60% K PLUS 250g,90352815,K PLUS,0.25 kg,ko,0.77,3.08,,0.59,0.77,3850334268532,HRANA
TUNA SALATA MEXICO FRINSA 210/160G,90354033,OCEAN,0.16 kg,ko,2.25,14.06,,2.25,2.25,3850334074034,HRANA
ŠAMPON J&J BABY KAMILICA 500ml,90361037,J&J,0.50 l,ko,7.69,15.38,,7.69,7.69,3574661593180,KOZMETIKA
GIN HENDRICK'S 0.35L,90361933,HENDRICKS,0.35 l,ko,22.05,63,,22.05,22.05,5010327717029,PIĆE
GEL ZA BRIJANJE SENS CARE 200ml,90362388,VENUS,0.20 l,ko,,21.15,4.23,4.19,4.19,7702018012466,KOZMETIKA
VERMOUTH LA DOLCE ITALIA BIANCO 1L,90364120,LA DOLCE ITALIA,1.00 l,ko,9.15,9.15,,9.15,9.15,8000428029654,PIĆE
FANT ZAP.TJ.ŠUNKA.SIR 40g PODRAVKA,90364170,FANT,0.04 kg,ko,1.39,34.75,,1.39,1.39,3850104295126,HRANA
SIR POLUTV SPORT 400g,90365082,ZDENKA,0.40 kg,ko,5.69,14.23,,5.69,5.69,3858888597955,HRANA
ŠAMPON H&S COCONUT OIL 400ml,90377612,HEAD&SHOULDE,0.40 l,ko,6.69,16.73,,3.29,6.69,8001841406688,KOZMETIKA
ULJE BUČINO TOPLO PREŠA 0.25L OPG CESAREC,90377955,OPG CESAREC,0.25 l,ko,6.99,27.96,,6.99,6.99,3859893456367,HRANA
TLAČENICA 300g SILMA,90382402,SLIMA,0.30 kg,ko,2.59,8.63,,2.07,2.59,3859892782344,HRANA
FROSCH SPIRITUS STAKLO 500ml,90382851,FROSCH,0.50 l,ko,2.65,5.3,,1.85,2.65,4009175953759,SREDSTVA ZA ČIŠĆENJE
KAVA PERFETTO IRISH CREAM DG 10/1 140g,90386038,BARCAFFE,0.14 kg,ko,3.98,28.43,,3.98,3.98,3838471038102,HRANA
ČOK TAMNA 71% SA SMOK 90g RAJSKA PTICA,90412495,RAJSKA PTICA,0.09 kg,ko,6.59,73.22,,6.59,6.59,3830042995685,HRANA
STICK DEO OLD SPICE WHITE 2x50ML,90425032,OLD SPICE,0.10 l,ko,9.49,94.9,,9.49,9.49,8006530049023,KOZMETIKA
PAGAR 1-3 RZ KOMIŽA ,90428176,RZ KOMIŽA,1.00 kg,kg,37.99,37.99,,22.78,37.99,,HRANA
DET ČARLI ORIGINAL 1.35L,90468633,ČARLI,1.35 l,ko,,1.29,1.74,3.49,3.49,3850111304194,SREDSTVA ZA ČIŠĆENJE
DET ČARLI DIVLJA TREŠNJA 900ml,90468638,ČARLI,0.90 l,ko,2.69,2.99,,2.55,2.55,3850111304101,SREDSTVA ZA ČIŠĆENJE
PIĆE GAZ SCHWEPPES PINK GRAPEFR 0.5L,90484756,SCHWEPPES,0.50 l,ko,1.39,2.78,,1.39,1.39,5449000089496,PIĆE
ČAJ ŠUMSKA JAGOD/ACAI 50g PODRAVKA,90494828,PODRAVKA,0.05 kg,ko,2.85,57,,2.85,2.85,3856020249076,HRANA
SALVETE PALOMA ELITE 33x33 3sl 16/1,90498384,PALOMA,16.00 ko,ko,2.55,0.16,,2.55,2.55,3838952028165,PROIZVODI ZA KUĆANSTVO
GIN AURA KARBUN 0.75L,90528136,AURA,0.75 l,ko,37.99,50.65,,37.99,37.99,3859892613099,PIĆE
HARINGA SVJ TOTAL FISH,90528251,TOTAL,1.00 kg,kg,2.55,2.55,,1.53,2.55,,HRANA
ZP AQF ACTIVE FRESH 125ml,90571573,AQUAFRESH,0.13 l,ko,2.99,23.92,,2.99,2.99,5054563200686,KOZMETIKA
CEDEVITA LIMETA 455g,90571962,CEDEVITA,0.46 kg,ko,4.19,9.21,,4.19,4.19,3850322014929,PIĆE
KREMA NIVEA Q10 NOĆ ENERGY 50ml,90572186,NIVEA,0.05 l,ko,,254.4,12.72,18.19,18.19,9005800379722,KOZMETIKA
LECHAT EX. MM KITTEN TUNA 100g,90572768,LECHAT EXCELLENCE,0.10 kg,ko,0.99,9.9,,0.69,0.99,8009470061797,PROIZVODI ZA KUĆANSTVO
KOLAČ SACHER KOCKA 300g BREDA I PITA,90573024,BREDA I PITA,0.30 kg,ko,5.71,19.03,,5.71,5.71,3857500074157,HRANA
SPUŽVA VILEDA GLITZI PLUS 3/1,90573993,VILEDA,3.00 ko,ko,3.59,1.2,,2.51,3.59,4003790001444,PROIZVODI ZA KUĆANSTVO
VINO SAUVIGNON BLANC SALTWATER IURIS 0.75L,90599535,IURIS,0.75 l,ko,10.45,13.93,,10.45,10.45,3859891102044,PIĆE
BOMBONI MR TWISTER KISELI CRVI 100g,90600622,MR TWISTER,0.10 kg,ko,0.99,9.9,,0.99,0.99,3850334413123,HRANA
PUDING HIGH PROTEIN ČOK 400g DR OETKER,90602774,DR OETKER,0.40 kg,ko,2,5,,2,2,4023600013474,HRANA
PISTACIO 125g VREĆ NUTLINE,90607835,NUTLINE,0.13 kg,ko,4.19,33.52,,4.19,4.19,5941445676229,HRANA
RUČNIK VIOLETA BONUS PACK 3SL 4/1,90617801,VIOLETA,4.00 ko,ko,2.19,0.55,,2.19,2.19,3859892288112,PROIZVODI ZA KUĆANSTVO
KREMA ZOR MAST HIDR MEDIT 50M,90669447,ZORINA MAST,0.05 l,ko,12.49,249.8,,12.49,12.49,3857500100368,KOZMETIKA
 MASLINE K PLUS ZELENE OTKOŠTIČENE 350g/200g,90670316,K PLUS,0.20 kg,ko,2.09,10.45,,2.09,2.09,3850334021052,HRANA
DESERT VAFL MANNER LJEŠNJ MLIJ 5X25g,90672830,MANNER,0.13 kg,ko,1.59,12.72,,1.59,1.59,9000331625614,HRANA
VOĆNE KUGLICE DAT KAK LJEŠ 144g FITFIT,90675278,FIT&FIT,1.00 ko,ko,4.49,4.49,,4.49,4.49,8681917255831,HRANA
KREKER RIŽIN PAPRIKA 85g N A,90675297,NATURE ADDICTS,0.09 kg,ko,2.52,29.65,,2.52,2.52,3609200011013,HRANA
MUESLI TEFF VOĆ BG 500g GRANA,90677927,GRANA,0.50 kg,ko,4.64,9.28,,4.64,4.64,3859893457760,HRANA
ŠUM. TABL.VITAMIN C 80g ACTIVE ZONE,90698016,ACTIVE ZONE,0.08 kg,ko,1.15,14.38,,1.15,1.15,3850334036148,HRANA
SLAD GELATISSIMO ROLLER 7x80ml,90704562,GELATISSIMO,0.56 l,ko,2.99,5.35,,2.99,2.99,3850334043382,HRANA
MASKA LICE AFR VIT REG 2X6ml,90362660,AFRODITA,0.01 l,ko,2.49,207.5,,2.49,2.49,3830001296211,KOZMETIKA
VINO ORAHOVICA SAUVIGNON KV 0.75L,90380615,PP ORAHOVICA,0.75 l,ko,5.55,7.4,,5.55,5.55,3859888114104,PIĆE
PURICA BOŽIĆNA 2.5kg AIA,90386429,AIA,1.00 kg,kg,4.49,4.49,,4.49,4.49,,HRANA
PILEĆA KRILA 500G PP,90393133,PERUTNINA PT,0.50 kg,ko,2.79,5.58,,2.19,2.79,3850220115858,HRANA
COCKTAIL RTD BEEFEATER PINK GIN 0.25L,90404659,BEEFEATER,0.25 l,ko,2.49,9.96,,2.49,2.49,5000299618448,PIĆE
PUREĆA PRSA VAKUM CCA 1 kg,90408545,AIA,1.00 kg,kg,9.99,9.99,,7.29,9.99,,HRANA
PAH ZOBENE RISE&SMILE KRUPNE 500g,90410922,RISE&SMILE,0.50 kg,ko,0.79,1.58,,0.79,0.79,3838900820698,HRANA
JUHA BOGATA S JEČAM POVRĆ 70g PODRAVKA,90423555,PODRAVKA,0.08 kg,ko,1.49,18.63,,1.09,1.49,3856020218881,HRANA
KEKS LEIBNIZ KEKS&CHOCO CREAM 190g,90479110,BAHLSEN,0.19 kg,ko,3.09,16.26,,3.09,3.09,5901414204983,HRANA
VINO VRANEC SPECIAL SELECTION 0.75l,90484882,TIKVEŠ,0.75 l,ko,9.89,13.19,,9.89,9.89,5310008005033,PIĆE
DESERT MONTE LJEŠNJ -30% ŠEĆ 4x55g ZOTT,90488307,MONTE,0.22 kg,ko,1.72,7.82,,1.72,1.72,4014500518077,HRANA
KAVA CREMA MLJEV 400g VR FRANCK,90493443,FRANCK CREMA,0.40 kg,ko,8.29,20.73,,6.49,8.29,3850291051956,HRANA
SOK NUTRINO CIJEĐ JAB 200ml,90494041,NUTRINO,0.20 l,ko,,3.75,0.75,0.95,0.95,8606019651992,PIĆE
PROTEIN BAR 50% CHOCO-BANANA 50g,90568641,PROSERIES,0.05 kg,ko,1.99,39.8,,1.99,1.99,3858892299340,HRANA
ČOKOLADA VRUĆA 0.5L DUKAT,90569938,DUKAT,0.50 l,ko,1.99,3.98,,1.99,1.99,3850354016786,HRANA
PJENA LICE AFROD MIC CL PHASE 150ml,90598592,AFRODITA,0.15 l,ko,7.99,53.27,,7.99,7.99,3831070654957,KOZMETIKA
SLAD GELATISSIMO KOR VANIL 8X110ml,90599611,GELATISSIMO,0.88 l,ko,3.69,4.21,,3.69,3.69,3838900955352,HRANA
GAZ PIĆE COCKTA BLONDIE 0.5L,90600097,COCKTA,0.50 l,ko,1.25,2.5,,1.25,1.25,3838471047302,PIĆE
VRHNJE ZA KUHANJE 500g DUKAT,90602851,BRZO&FINO,0.50 kg,ko,,5.98,2.99,2.99,3.39,3850354017158,HRANA
ŠAMPON&GEL NV SPIDERMAN 250ml,90622995,NATURAVERDE,0.25 l,ko,3.39,13.56,,3.39,3.39,8029241115511,KOZMETIKA
RAŽNJIĆI BUT/ČMT PAPRIKA 510g PPK,90623242,PPK,0.51 kg,ko,4.79,9.39,,3.35,4.79,3858881619838,HRANA
BOMBON KAVABON VREĆ 80g,90673096,KAVABON,0.08 kg,ko,0.73,9.13,,0.73,0.73,8605073300020,HRANA
KOLAČ FINE OBLATNE 300g MARICA,90675023,MARICA PEKARICA,0.30 kg,ko,3.99,13.3,,3.39,3.99,3859890947745,HRANA
PRAŠAK CREATINE MONOHYDRAT 250g,90346281,POLLEO,0.25 kg,ko,,71.96,17.99,23.99,23.99,3858892293508,HRANA
TAB FINISH QUANTUM MAX 72,90316153,FINISH ADW,72.05 ko,ko,,0.18,12.99,24.49,24.49,5908252004904,SREDSTVA ZA ČIŠĆENJE
SPIRALA INOX ZA RIBANJE 2+1,90488327,VILEDA,1.00 ko,ko,3.55,3.55,,2.48,3.55,4023103210370,PROIZVODI ZA KUĆANSTVO
PLJESKAVICA PUNJENA ŠUN I SIR 465g PPK,90499171,PPK,0.47 kg,ko,4.59,9.87,,3.21,4.59,3858890186512,HRANA
DET FAKS AQUAMARINE 1.17kg=18 PR,90518684,FAKS,1.17 kg,ko,7.99,6.83,,7.99,7.99,3850105176820,SREDSTVA ZA ČIŠĆENJE
TORTILLA PŠEN 8x20cm 320g HRUSTY,90533230,HRUSTY,0.32 kg,ko,1.59,4.97,,1.19,1.59,8605002359723,HRANA
ALU PLADANJ 1/1 GASTRO,90572008,KONZUM,1.00 ko,ko,0.5,0.5,,0.5,0.5,,PROIZVODI ZA KUĆANSTVO
NEKTAR HAPPY DAY FAMILY RED MULTI 1L,90572376,HAPPY DAY,1.00 l,ko,2.29,2.29,,2.29,2.29,9008700181822,PIĆE
MAJONEZA CLASS SA ČEPOM 270g DIJAMAN,90573004,DIJAMANT,0.27 kg,ko,2.39,8.85,,2.39,2.39,8600498177103,HRANA
LOSOS HLAD DIMLJ 200g LASCHINGER,90670530,LASCHINGER,0.20 kg,ko,12.87,64.35,,12.87,12.87,4010871053353,HRANA
KAMENKO EKO 500ml,90673068,SAFEATHOME,0.50 l,ko,3.15,6.3,,3.15,3.15,3859892818845,SREDSTVA ZA ČIŠĆENJE
PIVO STAROČEŠKO 6PACK 0.5L ,90674158,STAROČEŠKO,3.00 l,ko,,1.9,5.69,5.89,6.95,3859893750366,PIĆE
ZP COLG MAX WHTE PURPLE REV 75ml,90699280,COLGATE,0.08 l,ko,3.99,53.2,,2.79,3.99,8718951540033,KOZMETIKA
ŠAMPON SYOSS OLEO INTENSE 440ML,90699285,SYOSS OLEO,0.44 l,ko,,10.2,4.49,4.49,4.49,9000101712353,KOZMETIKA
ČIPS CRUNCHIPS PEČENA REBRICA 120g,90704858,LORENZ,0.12 kg,ko,2.25,18.75,,1.89,2.25,4018077005510,HRANA
KAVA DOLCE GUS CORTADO ESP DECAF 16/1 99.2g,90707257,DOLCE GUSTO,0.10 kg,ko,6.49,65.42,,5.29,6.49,7613033494765,HRANA
PIVO ERDINGER HELLES 0.5 L LIM.,90714499,ERDINGER,0.50 l,ko,1.99,3.98,,1.49,1.99,4005873211740,PIĆE
KREMA LICE AFRODITA KAMIL HRANJ 50ml,90729649,AFRODITA,0.05 l,ko,11.99,239.8,,11.99,11.99,3830001297690,KOZMETIKA
TUNJ FILET 100 g/70 g EVA,90749653,EVA,0.07 kg,ko,,35.57,2.49,3.49,3.49,3856020263096,HRANA
ČOKOLADA DORINA JAGODA VANILIJA 95 g,90765218,DORINA,0.10 kg,ko,1.99,20.95,,1.45,1.45,3850102009947,HRANA
PAŠTETA TUNA LIMUN TIMIJAN 95 g ARGETA,90765316,ARGETA,0.10 kg,ko,1.99,20.95,,1.69,1.99,3838471052313,HRANA
MASLINE ZELENE 300/165g GAEA,90765331,GAEA,0.17 kg,ko,3.99,24.18,,3.99,3.99,5201671000510,HRANA
TACO SHELLS 12KOM 156 g OLD EL PASO,90775662,OLD EL PASO,0.16 kg,ko,2.85,18.27,,2.85,2.85,8410076480637,HRANA
VINO GRAŠEVINA VUPIK 3 L BIB,90810716,VUPIK,3.00 l,ko,7.99,2.66,,7.99,7.99,3858882617437,PIĆE
SNACK MALINA BADEM 70 g LOV BITES,90826262,LOV BITES,0.07 kg,ko,2.49,35.57,,2.49,2.49,5201044011228,HRANA
DET PERSIL GEL COLOR 3.96 L=88PR,90859726,PERSIL,3.96 l,ko,18.99,4.8,,18.99,18.99,9000101566086,SREDSTVA ZA ČIŠĆENJE
DESERT KINDER SCHOKO BONS T1 46 g,90869753,FERRERO,0.05 kg,ko,1.89,41.09,,1.51,1.89,4008400284620,HRANA
ŠAMPON H&S OS 800 ml,90885588,HEAD&SHOULDE,0.80 l,ko,12.49,15.61,,12.49,12.49,8700216658317,KOZMETIKA
SLAD KORNET TIRAMISU 110 ml LEDO,90885773,LEDO,0.11 l,ko,1.79,16.27,,1.79,1.79,3850116065946,HRANA
JAJA SVJEŽA PODNI S 20/1 LUKAČ,90904730,LUKAČ,20.00 ko,ko,2.39,0.12,,2.39,2.39,3859889820783,HRANA
BOJA SYOSS 3/3 TAMNO LJUBIČASTA,06544308,SYOSS,1.00 ko,ko,,5.69,5.69,6.99,5.59,9000100632966,KOZMETIKA
RETOUCHER SC ROOT SMEĐA 120ML,90281691,SYOSS RETUOCHER,0.12 l,ko,,47.4,5.69,6.99,6.99,9000101052978,KOZMETIKA
BOJA SYOSS 10-55 ULTRA PLATINASTA PLAVA,90310695,SYOSS,1.00 ko,ko,,5.69,5.69,6.99,5.59,9000101210453,KOZMETIKA
BRIJAČ FUSION PROGL RAZOR 2UP,90169023,GILLETTE,1.00 ko,ko,,16.59,16.59,20.79,16.59,7702018390816,KOZMETIKA
SHAKER POLLEO SPORT 300ml NANO WAVE CRNI,90348733,POLLEO,0.30 l,ko,,9.97,2.99,3.99,3.99,3858892290385,HRANA
GEL BRIJ GILL SENSITIVE 240 ML,90396605,GILLETTE,0.24 l,ko,,17.46,4.19,5.29,4.19,7702018982011,KOZMETIKA
MALIDŽANO DOMAĆI LJUTI 290 g MAMAS,90900149,MAMA'S,0.29 kg,ko,1.69,5.83,,1.69,1.69,5310146002673,HRANA
DET FAKS AQUAMARINE 6.5 kg=100PR,90900311,FAKS,6.50 kg,ko,16.69,2.57,,16.69,16.69,3850105190253,SREDSTVA ZA ČIŠĆENJE
GROŽĐICE ZLATNE 200g KRESTO,01310472,KRESTO,0.20 kg,ko,1.89,9.45,,1.89,1.89,3858882290845,HRANA
UMAK PESTO 190g SACLA,01490560,SACLA,0.19 kg,ko,3.59,18.89,,3.59,3.59,8001060001848,HRANA
SENF ESTRAGON TUBA 100g PODRAVKA,01530317,PODRAVKA,0.10 kg,ko,1.59,15.9,,1.59,1.59,3850104023019,HRANA
FRISKIES SP ACTIVE 10KG,01640352,FRISKIES,10.00 kg,ko,36.99,3.7,,23.99,23.99,7613031395484,PROIZVODI ZA KUĆANSTVO
PEDIGREE MP JUNIOR PILET 100G VR,01647061,PEDIGREE,0.10 kg,ko,0.89,8.9,,0.69,0.89,5900951017247,PROIZVODI ZA KUĆANSTVO
GOURMET GOLD MM 4X85G,01647062,GOURMET,0.34 kg,ko,3.09,9.09,,2.49,3.09,7613032958824,PROIZVODI ZA KUĆANSTVO
ZIMSKA SALAMA GAVRILOVIĆ,02024088,GAVRILOVIĆ,1.00 kg,kg,28.99,28.99,,22.99,28.99,3858881220799,HRANA
JOGURT TEKUĆI 180g DUKAT,02330863,DUKAT,0.18 kg,ko,0.44,2.44,,0.44,0.44,3850354000921,HRANA
LISNATO TIJESTO 500g LEDO,02370039,LEDO,0.50 kg,ko,2.49,4.98,,1.99,1.99,3850116558981,HRANA
SV POLOVICA KLASIČNA E KL ,02401020,PIK VRBOVEC,1.00 kg,kg,4.29,4.29,,4.29,4.29,3850139430042,HRANA
ROŠTILJ KOBASICA,02403736,KONZUM,1.00 ko,ko,8.23,8.23,,5.76,8.23,,HRANA
VINO KAIKEN RESERVE MALBEC 0.75L,03021708,KAIKEN,0.75 l,ko,9.15,12.2,,9.15,9.15,7804303555013,PIĆE
VINO SYRAH 0.75L KORLAT,03023334,KORLAT,0.75 l,ko,16.05,21.4,,14.49,16.05,3850112170545,PIĆE
VISKI JAMESON 0.7 LIT - GOLA BOCA,03082776,JAMESON,0.70 l,ko,23.05,32.93,,19.49,23.05,5011007003005,PIĆE
KOLAČ BALCONI MIX/MAX 350g,04022256,BALCONI,0.35 kg,ko,4.79,13.69,,4.79,4.79,8001585001040,HRANA
BRAŠNO GLATKO T-550 1kg BELJE,04031817,BELJE,1.00 kg,ko,0.78,0.78,,0.78,0.78,3850257015657,HRANA
TIJESTO LAZANJE 500g KLARA M,04050508,KLARA M,0.50 kg,ko,4.39,8.78,,3.09,4.39,3859888499249,HRANA
TIJESTO RIB KAŠ MRK JAJ 400g MARODI,04051161,MARODI,0.40 kg,ko,2.49,6.23,,2.49,2.49,3859888666238,HRANA
BAKE ROLLS PIZZA 80g,04141302,CHIPITA,0.07 kg,ko,0.82,11.71,,0.82,0.82,7622202016196,HRANA
POPCORN K PLUS HRUSTY MASLAC 3X100g,04146102,HRUSTY,0.30 kg,ko,1.39,4.63,,1.39,1.39,3838900841846,HRANA
MUESLI CRUNCH NATU ČOK/BAN 350g,04171156,NATUREL,0.35 kg,ko,,7.4,2.59,2.59,3.59,3858887240722,HRANA
ŽV GUMA ORBIT WINTERFRESH 14g,04200018,WRIGLEY,0.01 kg,ko,0.99,70.71,,0.99,0.99,50173976,HRANA
ČOKOL LINDT DARK EXCELL 70% 100g,04210560,LINDT,0.10 kg,ko,4.29,42.9,,4.29,4.29,3046920071086,HRANA
RUPČIĆI PAP VIOLETA LJUBIČICA 3SL 10/1,05083089,VIOLETA,10.00 ko,ko,1.99,0.2,,1.49,1.99,3870128000742,TOALETNE POTREPŠTINE
ULTRAMAX BRISAČ S TELESKOP DRŠKOM,05511099,VILEDA,1.00 ko,ko,38.99,38.99,,38.99,38.99,4023103201200,PROIZVODI ZA KUĆANSTVO
GEL TUŠ PALM OS MLIJ MED 250ml 2313,06520410,PALMOLIVE,0.25 l,ko,2.99,11.96,,1.49,2.99,5996175232313,KOZMETIKA
BOJA PALETTE ICC R4     0163,06540421,PALETTE ICC,1.00 ko,ko,,3.49,3.49,3.49,3.49,3838824159751,KOZMETIKA
BOJA PALETTE ICC N5 TAMNOPLAVA,06541301,PALETTE ICC,1.00 ko,ko,,3.49,3.49,3.49,3.49,3838824159577,KOZMETIKA
ROLL ON FA PINK P 50ml  6193,06550257,FA,0.05 l,ko,3.99,79.8,,2.49,3.99,9000100326193,KOZMETIKA
ROLL ON NIVEA BLACK&WHITE PURE 50ml,06552611,NIVEA,0.05 l,ko,,83.8,4.19,4.19,4.19,42240563,KOZMETIKA
BRIJAČ Ž FW GILL VENUS BREEZE,06560936,VENUS,1.00 ko,ko,,9.67,9.67,9.59,9.59,7702018886166,KOZMETIKA
PATRONE GILL MACH 3 8/1,06561244,GILLETTE,8.00 ko,ko,23.89,2.99,,23.89,23.89,8700216066556,KOZMETIKA
MR MUSCOLO ODČEP  1L    0263,08030251,MR MUSCOLO,1.00 l,ko,7.29,7.29,,6.99,6.99,5000204275711,SREDSTVA ZA ČIŠĆENJE
KORIJANDER SVJEŽI ZB BIO,90035606,KORA,0.13 kg,ko,,9.52,1.19,1.09,1.69,3856028689157,HRANA
GOLUB RZ LIBURNIJA,90097436,,1.00 kg,kg,2.59,2.59,,1.55,2.59,,HRANA
ZAGREBAČKI ODREZAK 400G LEDO,90157439,LEDO,0.40 kg,ko,7.49,18.73,,6.69,7.49,3850116102917,HRANA
PAHULJICE CINI MINIS 375g NESTLE,90170808,NESTLE ŽITAR,0.38 kg,ko,4.49,11.97,,3.39,4.29,5900020022769,HRANA
SUSHI MINI CALIF ROLL 199G GRUPO OHA,90183988,AS SUSHI,0.20 kg,ko,6.22,31.26,,6.22,6.22,0604580001749,HRANA
TEMPURA SHRIMP ROLL 226G GRUPO OHANA,90184073,AS SUSHI,0.23 kg,ko,9.27,41.02,,9.27,9.27,0604580001824,HRANA
PASTRVA KUPA,90227805,,1.00 kg,kg,7.19,7.19,,4.31,7.19,,HRANA
ZUBATAC KONZUM,90298420,MEDUZA,1.00 kg,kg,25.89,25.89,,15.52,25.89,,HRANA
OM FROSCH CVIJET PAMUKA 750ml,08020290,FROSCH,0.75 l,ko,2.69,3.59,,1.88,2.69,4009175193612,SREDSTVA ZA ČIŠĆENJE
WC NET SUMM BREZZE 750  6837,08035933,WC NET,0.75 l,ko,3.45,4.6,,1.59,3.45,,SREDSTVA ZA ČIŠĆENJE
VINO CUVEE 0.75 L BENKOVAC,90036092,VIN BENKOVAC,0.75 l,ko,6.99,9.32,,6.99,6.99,3850112170675,PIĆE
JUHA GOVEĐA SA ZVJEZD 52g PODR,90045359,PODRAVKA,0.05 kg,ko,0.89,17.12,,0.89,0.89,3850104251924,HRANA
BLAZINICE LOLETE MAXI SENS 50/1,90047734,LOLETE,50.00 ko,ko,1.65,0.03,,1.65,1.65,3858881100800,TOALETNE POTREPŠTINE
VISKI GLENFIDDICH 15Y 0.7L,90062338,GLENFIDDICH,0.70 l,ko,74.99,107.09,,74.99,74.99,5010327325125,PIĆE
KREKER TUC BACON 100g,90063063,TUC,0.10 kg,ko,1.15,11.5,,0.79,1.15,7622300570293,HRANA
ŠUM TBL ŽELJ+VIT C 96G 24TAB NATUREL,90078994,NATUREL,0.10 kg,ko,2.25,23.44,,2.25,2.25,3858887246489,HRANA
PRŠUT DALMATINSKI BK 1/2 VOŠTANE,90080342,VOŠTANE,1.00 kg,kg,33.99,33.99,,33.99,33.99,3858889491931,HRANA
GULAŠ GOVEĐI PIKANT 300g PODRAVKA,90087698,PODRAVKA,0.30 kg,ko,3.99,13.3,,2.99,3.99,3858886468950,HRANA
KONCENTRAT RAJČICA TUBA 300g,90091815,PODRAVKA,0.30 kg,ko,3.29,10.97,,2.39,2.39,3850104268533,HRANA
GAZ PIĆE THOMAS HENRY G BEER 0.75L,90404609,THOMAS HENRY,0.75 l,ko,5.05,6.73,,3.99,5.05,4251760802540,PIĆE
UMAK BOLOGNESE MINUTE 400g,90406504,MINUTE,0.40 kg,ko,2.29,5.73,,1.79,2.29,3850334130273,HRANA
NAPITAK SOJA ČOKO PROTEIN 1L ALPRO,90409784,ALPRO,1.00 l,ko,3.89,3.89,,3.89,3.89,5411188130055,HRANA
ŠTAPIĆ VANILIJA 2g DR OETKER,90412533,DR OETKER,0.00 kg,ko,6,3000,,6,6,5997381367851,HRANA
PEL VIOLETA AD NEWB 1 44/1 PREM,90442963,VIOLETA,44.01 ko,ko,,0.22,9.69,9.69,11.89,3870128024342,TOALETNE POTREPŠTINE
ŠAMPON SCHAUMA CHAMOM EXTRACT 400ml,90478917,SCHAUMA,0.40 l,ko,,7.48,2.99,2.99,4.19,9000101627428,KOZMETIKA
MARAMICE VL ASEPSOL SENS 20/1,90484552,ASEPSOLETA,20.00 ko,ko,1.59,0.08,,1.59,1.59,3856007908446,KOZMETIKA
TAMPONI OB ORGANIC SUPER 16,90484569,OB,16.00 ko,ko,4.65,0.29,,4.65,4.65,3574661618104,TOALETNE POTREPŠTINE
KAŠA ZOB BOOM BOX ČOK/BANA/LJEŠ 60g,90493470,BOOM BOX,0.06 kg,ko,0.99,16.5,,0.99,0.99,3858890477221,HRANA
BADEM MLJEVENI 200g SWEET CHEF,90513453,SWEET CHEF,0.20 kg,ko,2.71,13.55,,2.71,2.71,3838900987797,HRANA
SMOOTHIE B'AKTIV JAG/ANAN 330g,90514035,B'AKTIV,0.33 kg,ko,1.85,5.61,,1.39,1.85,3850354015901,HRANA
JOG VOĆNI JOGO ŠUMSKO VOĆE 1KG,90514049,JOGO,1.00 kg,ko,2.55,2.55,,2.55,2.55,3850354016052,HRANA
NAPITAK ZOB ČOKO 1L DAR,90528257,DAR,1.00 l,ko,2.99,2.99,,2.99,2.99,3850108028034,HRANA
KEKS PETIT 1kg,90533201,SLOVA,1.00 kg,ko,2.59,2.59,,2.59,2.59,3850334520241,HRANA
SJEMENKE BUNDEVE HRUSTY SUHO PRŽENE 100g,90553584,HRUSTY,0.10 kg,ko,1.29,12.9,,1.29,1.29,3838900988077,HRANA
KAŠA ZOB BOOM BOX KOKOS/ČOKO 60g,90570799,BOOM BOX,0.06 kg,ko,0.99,16.5,,0.99,0.99,3858890478112,HRANA
OCAT BALZAMSKI BIJELI 250ml DUE VITTORIE,90571658,DUE VITTORIE,0.25 kg,ko,7.69,30.76,,7.69,7.69,8022734000318,HRANA
ZP KALODONT ZEOLIT 75ml,90571781,KALODONT,0.08 l,ko,1.79,23.87,,1.39,1.79,3850105178558,KOZMETIKA
CEDEVITA LIMETA 900g,90571934,CEDEVITA,0.90 kg,ko,6.39,7.1,,5.79,5.79,3850322015025,PIĆE
SPECIAL DOG EX. SP ADULT MINI 800g,90572783,SPECIAL DOG EXCELLENCE,0.80 kg,ko,6.39,7.99,,4.47,6.39,8009470060004,PROIZVODI ZA KUĆANSTVO
GOURMET NATURE'S MM PILETINA 85g,90573106,GOURMET,0.09 kg,ko,1.09,12.82,,0.89,1.09,7613038059853,PROIZVODI ZA KUĆANSTVO
PIVO KARLOVAČKO 0.5L  LIM 6 PAK,90573287,KARLOVAČKO,3.00 l,ko,7.69,2.56,,6.49,7.69,3850103902360,PIĆE
TIJESTO SLOVA S JAJ I MRK 400g MARODI ,90573794,MARODI,0.40 kg,ko,2.69,6.73,,2.69,2.69,3859888666757,HRANA
PAHULJICE LUMPI COCOA CRUNCH 250g,90593664,LUMPI,0.25 kg,ko,1.06,4.24,,1.06,1.06,3850334009357,HRANA
ŠAMPON ELSEVE HYALURON 400ml,90598172,LOREAL ELSEVE,0.40 l,ko,,11.23,4.49,4.79,5.99,3600524029883,KOZMETIKA
DEO MADLENE WONDER 75ml,90598969,MADLENE,1.00 ko,ko,1.99,1.99,,1.99,1.99,5997001715130,KOZMETIKA
ZAČIN ZA KRUMPIR ORGINAL 80g KOTANYI,90599435,KOTANYI,0.08 kg,ko,2.55,31.88,,1.27,2.55,9001414206874,HRANA
MASLAC LIGHT 250g PRESIDENT,90602839,PRESIDENT,0.25 kg,ko,4.29,17.16,,4.29,4.29,3228020390131,HRANA
BLISTA UNIVERSAL 750ml,90603104,BLISTA,0.75 l,ko,2.49,3.32,,2.49,2.49,3859890063858,SREDSTVA ZA ČIŠĆENJE
VREĆICE SA ZATVARAČEM FINO 3L 12/1  ,90603252,FINO,1.00 ko,ko,2.52,2.52,,2.52,2.52,5201314185710,PROIZVODI ZA KUĆANSTVO
SOK MACE ŠIPAK JABUKA 250ml,90642789,MACE,0.25 l,ko,1.89,7.56,,1.89,1.89,8032523373066,PIĆE
DET JAR PLAT PLUS LEMON 42 TAB,90662882,JAR ADW,42.00 ko,ko,28.49,0.68,,14.23,28.49,8006540751237,SREDSTVA ZA ČIŠĆENJE
FISH CHIPS ŠARAN 300g,90669683,PANONA MARE,0.30 kg,ko,4.49,14.95,,4.49,4.49,3858889833052,HRANA
NAPITAK ISO SPORT LIMUN GREJP NEG. 0.5L ,90672898,ISO SPORT,0.50 l,ko,1.39,2.78,,1.39,1.39,3850108073164,PIĆE
KREKER RIŽIN MORSKA SOL 85g NA,90675208,NATURE ADDICTS,0.09 kg,ko,2.52,29.65,,2.52,2.52,3609200010054,HRANA
OM VIOLETA SENSITIVE 1.71L,90699053,VIOLETA,1.71 l,ko,4.55,2.66,,2.99,4.55,3870128034686,SREDSTVA ZA ČIŠĆENJE
OM LENOR DIAMOND 700ml,90703535,LENOR,0.70 l,ko,2,2.86,,2,2,8006540909430,SREDSTVA ZA ČIŠĆENJE
ULJE MASL EX DJEV ILIADA PREMIUM  0.5L,90704488,ILIADA,0.50 l,ko,9.99,19.98,,8.99,9.99,5201043103504,HRANA
ČOKOLADA FINESSE TAMNA NARANČA 100g,90356900,FINESSE,0.10 kg,ko,1.79,17.9,,1.79,1.79,3850334152138,HRANA
VODA JAMNICA 4PACK 1.5L PET,90359895,JAMNICA,6.00 l,ko,3.49,0.58,,3.49,3.49,3858890874525,PIĆE
SLAD MAGNUM ALMOND 440ml,90360539,MAGNUM,0.44 l,ko,7.99,18.16,,6.99,7.99,8714100289983,HRANA
DOMESTOS TB CITRUS 1250ml,90360827,DOMESTOS,1.25 l,ko,4.05,3.24,,4.05,4.05,8712561293518,SREDSTVA ZA ČIŠĆENJE
MIX NES CLASSIC 2U1 10X8G VR 80g,90362747,NESCAFE,0.08 kg,ko,2.99,37.38,,2.29,2.99,7613036870115,HRANA
JOGURT VOĆ JOGOBELLA MUSLI 200g ZOTT,90364553,JOGOBELLA,0.20 kg,ko,0.86,4.3,,0.86,0.86,5906040063553,HRANA
MOČO VILEDA MICROFIBRE ECO RESE S DRŠKOM,90382685,VILEDA,1.00 ko,ko,19.49,19.49,,19.49,19.49,4023103198401,PROIZVODI ZA KUĆANSTVO
MARAMICE DEZIFEK. SANYTOL VIŠENAM 36/1,90403870,SANYTOL,36.01 ko,ko,3.45,0.1,,3.45,3.45,8411660000224,SREDSTVA ZA ČIŠĆENJE
PANIRANI FILET OSLIĆA MINUTE 500g,90488284,MINUTE,0.50 ko,ko,4.79,9.58,,4.79,4.79,3850334393913,HRANA
TUNJ FILETI U SL VODI 105g AQ,90493786,ADRIATIC QUEEN,0.11 kg,ko,3.69,35.14,,3.69,3.69,3850160120806,HRANA
LIKER PELINKOVAC GORKI 1L DALMVINO,90498915,DALMACIJAVINO,1.00 l,ko,14.05,14.05,,14.05,14.05,3858892460061,PIĆE
PROTEINSKI NAPITAK PISTACIO 0.5L VI,90518419,Z BREGOV,0.50 l,ko,,3.98,1.99,2.55,2.55,3850108023794,HRANA
KAVA GLORIA MLJEVENA VR 400g,90528321,GLORIA,0.40 kg,ko,7.79,19.48,,7.79,7.79,3850291052380,HRANA
PIZZA MARGHERITA 300g MINUTE,90593052,MINUTE,0.30 kg,ko,,4.96,1.49,1.49,1.79,3850334132673,HRANA
SLAD KIT KAT KORNET 4x100ml,90703694,KIT KAT,0.40 l,ko,6.99,17.48,,6.99,6.99,7613032407759,HRANA
SLAD GRČKI JOGURT MED 500ml,90703954,KRI KRI,0.50 l,ko,3.99,7.98,,3.99,3.99,5202234251394,HRANA
MEDALJONI HELJDA O'PLANT 400g,90704580,O PLANT,0.40 kg,ko,3.99,9.98,,3.99,3.99,3856020261207,HRANA
PEL PAMPERS PREMIUM JP 78 5-9kg,90706575,PAMPERS,78.00 ko,ko,27.69,0.35,,27.69,27.69,8006540857755,TOALETNE POTREPŠTINE
PILEĆI STRIPS CEKIN 350 g,90707055,CEKIN,0.35 kg,ko,5.25,15,,5.25,5.25,3850159112836,HRANA
VL. MAR VIOLETA B SOFT MED/KAM 51/1,90707820,VIOLETA,50.99 ko,ko,1.59,0.03,,1.59,1.59,3870128036512,TOALETNE POTREPŠTINE
KOKOSOV ŠEĆER BIO ZONE 250 g,90713104,BIO ZONE,0.25 kg,ko,2.99,11.96,,1.99,2.99,3838900841143,HRANA
GEL TUŠ FA PINK JASMIN 400ml DUO,90713853,FA ,0.80 l,ko,4.99,6.24,,4.99,4.99,3838824432953,KOZMETIKA
SNACK NATURAL 130 g RIBELLA,90730862,RIBELLA,0.12 kg,ko,1.99,16.58,,1.99,1.99,8606011896414,HRANA
PAŠTETICA PIL JETR KIDS 100g,90732113,CEKIN KIDS,0.10 kg,ko,0.99,9.9,,0.99,0.99,3850159132742,HRANA
ŠAMPON OLEA 7 TRAVA 500ml,90735082,OLEA,0.50 l,ko,1.39,2.78,,1.39,1.39,3850334073310,KOZMETIKA
PEL LUMPI PREM MAXI 4 (7-14KG) 42/1,90749885,LUMPI,42.02 ko,ko,6.65,0.16,,5.65,5.65,3850334071026,TOALETNE POTREPŠTINE
JOGURT JAGODA 1L TTOP Z BREGOV,90759912,Z BREGOV,1.00 l,ko,2.49,2.49,,2.49,2.49,3850108037586,HRANA
BLAZINICE DJ SEPTONA 50/1,90765154,SEPTONA,50.00 ko,ko,1.99,0.04,,1.99,1.99,5201410606003,TOALETNE POTREPŠTINE
BOMBONI MEK SPLASHZ FRUIT 120g BAZOOKA,90769661,BAZOOKA,0.12 kg,ko,1.99,16.58,,1.99,1.99,5011053026591,HRANA
ČAJNA KOBASICA 250g PODRAVKA,90770486,PODRAVKA,0.25 kg,ko,6.49,25.96,,6.49,6.49,3856020271695,HRANA
PIVO FAVORIT 6PACK 0.5L LIM ,90770592,FAVORIT,0.50 l,ko,7.19,14.38,,7.19,7.19,3850172200206,PIĆE
JUHA ALPSKA 46g MAGGI,90770637,MAGGI,0.05 kg,ko,1.39,30.22,,1.39,1.39,8445291126084,HRANA
ŽV GUMA ORBIT WHITE FRESHMINT BOČ 64 g,90770766,WRIGLEY,0.06 kg,ko,3.69,57.66,,3.69,3.69,4009900538237,HRANA
JELO U ČAŠI CHILI 92 g NISSIN,90770833,NISSIN,0.09 kg,ko,2.99,32.5,,2.99,2.99,5997523313135,HRANA
MILK SHAKE KAKAO STAY STRONG 250 ml,90770857,STAY STRONG,0.25 l,ko,1.55,6.2,,1.55,1.55,8002580321140,HRANA
ŠAMPON H&S PROEXPERT7 DANDR 250 ml,90771160,HEAD&SHOULDE,0.25 l,ko,4,16,,4,4,8700216156882,KOZMETIKA
KREMA EVELINE LIFT BOOSTER 40+ 50 ml,90774885,EVELINE,0.04 l,ko,,133.75,5.35,7.15,7.15,5903416062486,KOZMETIKA
MASKA BOTANIC THERAPY RICINUS 340 ml,90774944,BOTANIC THERAPY,0.34 l,ko,,13.79,4.69,6.29,6.29,3600542509954,KOZMETIKA
GEL TUŠ LACTOVIT LACT FIRMING 300 ml,90775020,LACTOVIT,0.30 l,ko,2.65,8.83,,2.65,2.65,8411135008465,KOZMETIKA
MEĐ PILE PIL JETRA SA SRCEM 400 g,90775729,MEĐIMURSKO PILE,0.40 kg,ko,1.69,4.23,,1.69,1.69,3850220408981,HRANA
KREKER KUK SLANI ACTIVE ZONE 120 g,90779960,ACTIVE ZONE,0.12 kg,ko,0.99,8.25,,0.79,0.99,3838900837450,HRANA
ISOTONIC DRINK MALINA 0.75 L,90789676,POLLEO,0.75 l,ko,1.85,2.47,,1.85,1.85,3856026808611,PIĆE
ŠTRUDLICE PREKRAŠNI JABUKA 200g,90789855,PREKRAŠNI ŠTRUDLICE,0.20 kg,ko,1.99,9.95,,1.39,1.39,3850102009985,HRANA
PIVO HEINEKEN 5L DRAUGHT KEG,90804657,HEINEKEN,5.00 l,ko,19.99,4,,19.99,19.99,8712000025649,PIĆE
ŠPINAT BABY BIO 90 g,90809861,ORGANIC WILD ROCKET,0.09 kg,ko,1.49,16.56,,1.49,1.49,3856028689218,HRANA
KIKIRIKI SUHO PRŽ SL 150g MOGYI,90809909,MOGYI,0.15 kg,ko,1.39,9.27,,1.04,1.39,5997347540236,HRANA
STAKLENA BOCA ZOE PINK 0.75 l,90809995,ZOE,1.00 ko,ko,6,6,,6,6,3858892667033,HRANA
PROTEIN BAR ZOE WHITE CHOCO 50 G,90810000,ZOE,0.05 kg,ko,2.99,59.8,,2.99,2.99,3856026709680,HRANA
ZIMSKA 300 g XXL NAR PODRAVKA,90810344,PODRAVKA,0.30 kg,ko,5.99,19.97,,5.99,5.99,3856020261900,HRANA
TORTILLA PROTEIN 6/1 ACTIVE ZONE 370 g,90825687,ACTIVE ZONE,0.37 kg,ko,1.99,5.38,,1.59,1.99,3838900841372,HRANA
SET NIVEA BC KREMA75+SG250,90826265,NIVEA,1.00 ko,ko,5,5,,5,5,9005800382388,KOZMETIKA
ZP ELMEX SENSITIVITY&GUM 75 ml,90850518,ELMEX,0.08 l,ko,6.29,83.87,,5.99,5.99,8718951679603,KOZMETIKA
RAJČICA SJECKANA GARDEN GOOD 400 g,90854732,GARDEN GOOD,0.40 kg,ko,1.19,2.98,,0.79,1.19,3838900843161,HRANA
CAPPUCCINO NESCAFE CHOCO 8/1 112 g,90869935,NESCAFE,0.11 kg,ko,3.99,35.62,,2.99,2.99,8445291532090,HRANA
PILEĆI ZABATAK 8 kg RFZ,90874652,PERUTNINA,1.00 kg,kg,2.69,2.69,,2.59,2.59,93850220111396,HRANA
KEKS DOMAĆICA ORIGINAL MINI VR 100 g,90875325,DOMAĆICA,0.10 kg,ko,1.29,12.9,,1.29,1.29,3850102014620,HRANA
SALV PALOMA EAST EGG 33X33 3SL 20/1,90885064,PALOMA,1.00 ko,ko,1.69,1.69,,1.35,2.29,3838952036092,PROIZVODI ZA KUĆANSTVO
SPREJ ZORINA MAST ANTIOX 100 ml,90885223,ZORINA MAST,0.10 l,ko,16.79,167.9,,16.79,16.79,3859894008466,KOZMETIKA
SPREJ TIJELO ZORINA 300 ml,90885225,ZORINA MAST,0.30 l,ko,13.99,46.63,,13.99,13.99,3859894008459,KOZMETIKA
ČETKICA ELMEX ZA ZUBE EXP UL SOFT,90885371,ELMEX,1.00 ko,ko,,4.09,4.09,5.49,5.49,8718951658875,KOZMETIKA
SIR U LISTIĆIMA MILD&NUSS 150 g MEG,90885975,MEGGLE,0.15 kg,ko,3.19,21.27,,3.19,3.19,4006265000645,HRANA
VRH KIS ZA SVJ SIR 22%MM 430 g MEGGL,90886151,MEGGLE,0.43 kg,ko,2.99,6.95,,2.99,2.99,3870085020784,HRANA
OM LENOR SPRING AWAKE 1.239 L,90886217,LENOR,1.25 l,ko,,2.79,3.49,4.79,6.39,8700216724012,SREDSTVA ZA ČIŠĆENJE
DET ARIEL COLOR 44TAB,90886245,ARIEL,44.01 ko,ko,25.49,0.58,,16.49,25.49,8700216764544,SREDSTVA ZA ČIŠĆENJE
PERLICE LENOR SPRING AWAK 495 g,90886312,LENOR,0.50 kg,ko,16.99,34.32,,16.99,16.99,8700216704779,SREDSTVA ZA ČIŠĆENJE
ČIPS CHIO OVEN PAPRIKA 100 g,90886920,CHIO,0.10 kg,ko,2.19,21.9,,1.79,2.19,5996253002326,HRANA
MUESLI GRANOLA GOLD ČOKO/NARANČA 300g SANTE,90809706,SANTE,0.30 kg,ko,3.99,13.3,,3.99,3.99,5900617037176,HRANA
SOK FRUVITA VOĆNI JABUKA 330 ml,90809890,FRUVITA,0.33 l,ko,1.49,4.51,,0.97,0.97,8606030051399,PIĆE
KRUPICA KUKURUZNA XXL 1kg ŠAFRAM,90824885,ŠAFRAM,1.00 kg,ko,1.39,1.39,,1.39,1.39,3858893691365,HRANA
BRAŠNO ZOBENO BIO 1 KG NUTRIGOLD,90825049,NUTRIGOLD,1.00 kg,ko,3.79,3.79,,3.03,3.79,3858891973678,HRANA
BRAZILSKI ORAH BIO 500 g NUTRIGLOD,90825259,NUTRIGOLD,0.50 kg,ko,8.89,17.78,,7.11,8.89,3858891974996,HRANA
OAT BAR ZOE APPLE PIE 65 g,90839952,ZOE,0.07 kg,ko,1.69,26,,1.69,1.69,3856026710976,HRANA
BROKULA BIO kom,90840030,ENNA FRUIT,0.50 kg,ko,1.79,3.58,,1.49,1.79,3856028689607,HRANA
GEL TUŠ MELEM VITAMIN 250 ml,90850555,MELEM,0.25 l,ko,2.99,11.96,,2.49,2.99,3856007912191,KOZMETIKA
ĐUMBIR LISTIĆI 125 g NATURA,90850599,NATURA,0.13 kg,ko,1.99,15.92,,1.39,1.99,3859893124723,HRANA
KIKIRIKI LJUSKA PEČENA 400 g NATURA,90850604,NATURA,0.40 kg,ko,3.49,8.73,,2.44,3.49,3859892798901,HRANA
ČAJ IMMUNITY 10/1 18G TEEKANNE,90864654,TEEKANNE,0.02 kg,ko,1.89,105,,1.89,1.89,9001475062761,HRANA
KAVA MELANGE MLJEVENA 500 g JULIUS,90874685,JULIUS MEINL,0.50 kg,ko,11.99,23.98,,11.99,11.99,9000403975494,HRANA
VINO BABIĆ DALMATIAN DOG 0.75 L,90874786,DALMATIAN DOG,0.75 l,ko,12.59,16.79,,12.59,12.59,3859893402128,PIĆE
TJEST SIMPLY PASTA SPIRALI TRIC 500g,90875094,SIMPLY PASTA,0.50 kg,ko,1.29,2.58,,0.89,1.29,3858884500645,HRANA
SARDINA DIMLJENA 100 g/ 70 g EVA,90886017,EVA,0.07 kg,ko,1.69,24.14,,1.69,1.69,3856020276881,HRANA
OM LENOR PT FLORAL BOUQUET 987 ml,90886165,LENOR,1.00 l,ko,,3.49,3.49,4.79,6.39,8700216723879,SREDSTVA ZA ČIŠĆENJE
DET ARIEL COLOR 2.2 kg=40PR,90886305,ARIEL,2.20 kg,ko,17.99,8.18,,11.49,17.99,8700216733311,SREDSTVA ZA ČIŠĆENJE
KOMPOT BRESKVA POL 820/480 g EXCELS,90886691,EXCELSIOR,0.48 kg,ko,2.99,6.23,,2.99,2.99,9001397506107,HRANA
LUK MLADI VEZICA KOM,01400163,,0.15 kg,ko,,3.93,0.59,0.1,0.75,3850334092236,HRANA
LIMUN,01411805,,1.00 kg,kg,1.49,1.49,,1.49,1.49,3856017202480,HRANA
UMAK RAJČICA SIR RICOTTA 400g BARILL,01490223,BARILLA,0.40 kg,ko,4.69,11.73,,2.99,4.69,8076809521543,HRANA
RAJČICA POLPA ST 690g MUTTI,01570010,MUTTI,0.69 kg,ko,3.39,4.91,,3.39,3.39,8005110171215,HRANA
CIKLA K PLUS 360g,01590015,K PLUS,0.36 kg,ko,1.79,4.97,,1.79,1.79,3850334150080,HRANA
DEBRECINKA 440g VAC PIK VRBOVEC,02036535,PIK VRBOVEC,0.44 kg,ko,4.39,9.98,,3.39,4.39,3850139330977,HRANA
PAŠTETA JETRENA 100g  GAVRILOVIĆ,02165862,GAVRILOVIĆ,0.10 kg,ko,,11.5,1.15,1.15,1.55,3858881221543,HRANA
MUZGAVAC BIJELI SVJ FIORITAL,02190503,,1.00 kg,kg,5.59,5.59,,3.35,5.59,93856024300936,HRANA
REP GRDOBINE +2 FIORITAL,02195386,,1.00 kg,kg,21.99,21.99,,13.19,21.99,93856024301230,HRANA
TUNJ SALATA MEXICO 160g BOWL RIO MAR,02198508,RIO MARE,0.16 kg,ko,4.69,29.31,,2.15,4.69,8004030026018,HRANA
MLIJEKO TR 2.8%MM 2L ČEP VINDIJA,02233994,Z BREGOV,2.00 l,ko,,0.89,1.78,2.04,2.04,3850108020656,HRANA
VRHNJE KISELO ZB 20%MM 200g VINDIJA,02330189,Z BREGOV,0.20 kg,ko,1.19,5.95,,1.19,1.19,3850108033106,HRANA
SLAD LEDO MACHO VANILIJA 75ML,02350680,MACHO,0.08 l,ko,1.89,25.2,,1.89,1.89,3850116641942,HRANA
SV REBRA   ,02402334,PIK VRBOVEC,1.00 kg,kg,6.25,6.25,,6.25,6.25,3850139541571,HRANA
VINO PINOT SIVI PP KV ORAHOV 0.75L,03020054,PP ORAHOVICA,0.75 l,ko,5.55,7.4,,5.55,5.55,3859888114067,PIĆE
LAVOV 0.10L 32% BADEL 1862,03070100,LAVOV,0.10 l,ko,1.69,16.9,,1.69,1.69,3850112110404,PIĆE
LIKER CHERRICA ČUTURICA 0.7L MARASKA,03070784,MARASKA,0.70 l,ko,13.05,18.64,,13.05,13.05,3850158401122,PIĆE
LIKER JAGERMEISTER 0.1L,03080254,JAGERMEISTER,0.10 l,ko,4.19,41.9,,4.19,4.19,40677859,PIĆE
VODKA KEGLEVICH CLASIC 38% 1L,03081039,KEGLEVICH,1.00 l,ko,13.05,13.05,,13.05,13.05,8000440112372,PIĆE
NEG PIĆE FIS NARANČA 1L,03160759,FIS,1.00 l,ko,1.09,1.09,,1.09,1.09,3850108072938,PIĆE
ULJE MASLIN BIJELI TARTUF 60ML,03210100,ZIGANTE,0.06 l,ko,7.99,133.17,,7.99,7.99,3859889179515,HRANA
MRVICE KRUŠNE 1000g KLARA,04010251,KLARA,1.00 kg,ko,3.39,3.39,,3.39,3.39,3858881322233,HRANA
KRUH FITNESS 500g MASTER,04010635,MASTERMACHER,0.50 kg,ko,2.39,4.78,,2.39,2.39,4000446001780,HRANA
PALENTA MAXX 540g  FRANCK,04030846,FRANCK,0.54 kg,ko,1.39,2.57,,1.09,1.39,3858881083882,HRANA
KUS KUS 500g KUT TIPIAK,04055023,TIPIAK,0.50 kg,ko,2.99,5.98,,2.99,2.99,3165440007082,HRANA
INSTANT NES CL 250g LIM NESTLE,04070004,NESCAFE,0.25 kg,ko,,39.96,9.99,11.99,11.99,7891000254912,HRANA
ČAJ TEEKANNE PLANINSKI RAJ 36g,04090348,TEEKANNE,0.04 kg,ko,1.59,44.17,,1.59,1.59,5901086001491,HRANA
ČAJ ZELENI K 70g MAXI FRANCK,04090867,FRANCK,0.07 kg,ko,3.29,47,,3.29,3.29,3858881086661,HRANA
ŠTAPIĆI KVIKI 50g PODRAVKA,04140364,KVIKI,0.05 kg,ko,0.79,15.8,,0.79,0.79,3850104007309,HRANA
FANTAZIJA EC MAHUN ŽITAR MIX  500g,04160956,EUROCOMPANY,0.50 kg,ko,1.99,3.98,,1.99,1.99,3872084000927,HRANA
JUHA GOVEĐ TIJES I MESO 60g PODRAVKA,04162614,PODRAVKA,0.06 kg,ko,1.29,21.5,,1.29,1.29,3850104002410,HRANA
JUHA LOVAČKA 68g PODRAVKA,04162711,PODRAVKA,0.07 kg,ko,1.39,20.44,,1.39,1.39,3850104002700,HRANA
FANT PUNJ PAPRIKA SARMA 60g VREĆ PO,04163561,FANT,0.06 kg,ko,1.39,23.17,,0.93,1.39,3850104075513,HRANA
PUDING ČOKOLADA 49G 3+1GRAT DR OETK,04180920,DR OETKER,0.15 kg,ko,2.16,14.69,,1.29,2.16,5997381375658,HRANA
BOMBON SMARTIES 38g NESTLE,04191408,SMARTIES,0.04 kg,ko,1.35,35.53,,0.99,1.35,7613034462961,HRANA
BOMBON BRONHI 100g KARAMELA KRAŠ,04191766,BRONHI,0.10 kg,ko,1.29,12.9,,1.29,1.29,3850102516797,HRANA
TP VLAŽNI VIOLETA NEVEN 60/1,05081541,VIOLETA,59.99 ko,ko,2.25,0.04,,1.69,2.25,3870128001664,TOALETNE POTREPŠTINE
TAMPONI OB PROCOMF SUPER 16 4503,06500167,OB,16.00 ko,ko,4.19,0.26,,4.19,4.19,3574660234541,TOALETNE POTREPŠTINE
MARAMICE K PLUS OLEA SENS 25/1,06500236,OLEA,25.00 ko,ko,0.99,0.04,,0.99,0.99,3850334129420,KOZMETIKA
GEL TUŠ ZIAJA KOZ MLIJ 500ml,06522925,ZIAJA,0.50 l,ko,3.19,6.38,,3.19,3.19,5901887007241,KOZMETIKA
ZP AQUA FRESH 100ml 8062,06530299,AQUAFRESH,0.10 l,ko,2.69,26.9,,2.69,2.69,5054563203649,KOZMETIKA
BOJA PALETTE ICC N2     0057,06540411,PALETTE ICC,1.00 ko,ko,,3.49,3.49,3.49,3.49,3838824159454,KOZMETIKA
BOJA PALETTE ICC W5 NUGAT,06540965,PALETTE ICC,1.00 ko,ko,,3.49,3.49,3.49,3.49,3838824184203,KOZMETIKA
BOJA COLOR NAT 4.3 CH DO 5760,06542055,GARNIER COL NATURALS,1.00 ko,ko,,3.69,3.69,4.99,4.99,3600540335760,KOZMETIKA
STICK DOVE 40ml     2577,06550241,DOVE,0.04 l,ko,3,75,,3,3,80466437,KOZMETIKA
KREMA ZA RUKE ATRIX 100ML TUBA 4932,06591062,ATRIX,0.10 l,ko,3.59,35.9,,3.59,3.59,9005800374826,KOZMETIKA
KREMA DJ BECUTAN 100ML  6894,06600610,BECUTAN,0.10 l,ko,,30.7,3.07,3.85,3.85,5310001146894,KOZMETIKA
OPAL KREM DETERV 375ML  2156,08013266,OPAL,0.38 l,ko,2.45,6.53,,2.35,2.35,3859890222156,SREDSTVA ZA ČIŠĆENJE
WC NET ENERGY GEL ODČEP ODVOD 1L,08030591,WC NET,1.00 l,ko,4.45,4.45,,4.45,4.45,8004050036486,SREDSTVA ZA ČIŠĆENJE
ROLL ON GARNIER NEUTRALIZER M 50ml,90034470,GARNIER,0.05 l,ko,,73.8,3.69,4.49,4.99,3600541151383,KOZMETIKA
ČOKOLADA TAMNA BEZ ŠEĆ 80g DORINA,90062787,DORINA,0.08 kg,ko,2.99,37.38,,2.99,2.99,3850102128440,HRANA
KAŠA ZOB JAB CIM 4X65g DOBRA,90073927,DOBRA,0.26 kg,ko,3.25,12.5,,2.29,2.29,8595054901097,HRANA
BOMBON GUMENI ŠTAPIĆ JAGODA 80g,90081745,CANDY,0.08 kg,ko,1.29,16.13,,1.29,1.29,8422885001385,HRANA
NAMAZ  ALPINESSE 250g MEGGLE,90083827,ALPINESSE,0.25 kg,ko,3.99,15.96,,3.59,3.99,4034900008190,HRANA
PAŠTETA PILEĆA  95g LO PODRAVKA,90087648,PODRAVKA,0.10 kg,ko,1.29,13.58,,0.89,1.29,3858886469179,HRANA
SIR TVRDI LIVANJSKI VAC PUĐA,90092360,PUĐA,1.00 kg,kg,21.23,21.23,,21.23,21.23,,HRANA
SIR TVRDI DALMATINSKI VAC PUĐA,90092396,PUĐA,1.00 kg,kg,21.23,21.23,,21.23,21.23,,HRANA
ŠTRUDLA VIŠNJA -SIR-BRESKVA PAK 24,90123639,,1.00 ko,ko,3.19,3.19,,3.19,3.19,3859891673278,HRANA
UMAK SWEET&SOUR SQUEEZE 250ML DEVELEY,90140646,DEVELEY,0.25 l,ko,2.99,11.96,,2.09,2.99,4006824000970,HRANA
MLIJEKO UHT K PLUS 1L 2.8%,90182947,K PLUS,1.00 l,ko,0.79,0.79,,0.75,0.79,3850334544636,KOZMETIKA
CHILI LJUTI BIRDSEYE 24G BOČ KOTANYI,90185532,KOTANYI,0.02 kg,ko,3.98,165.83,,3.98,3.98,9001414700280,HRANA
SOK HIPP JAB/ GROŽĐE 500ML,90212953,HIPP,0.50 l,ko,1.65,3.3,,1.65,1.65,4062300393639,PIĆE
ČAJ ZEL S ĐUMBIROM 20X2g NATURAVITA,90212988,NATURAVITA,0.04 kg,ko,1.99,49.75,,1.99,1.99,3858884090603,HRANA
ZAČIN VRATINA VR 30g VEGETA NATUR,90215089,VEGETA NATUR,0.03 kg,ko,1.19,39.67,,0.79,1.19,3850104277245,HRANA
SIR K PLUS TILZIT 100G,90216548,K PLUS,0.10 kg,ko,1.39,13.9,,1.19,1.19,3850334571083,HRANA
KRUH DOMAĆI MIJEŠANI 400G DON DON,90228061,DON DON,0.40 kg,ko,1.95,4.88,,1.85,1.85,3830043040353,HRANA
DET JAR APPLE 450ML,90232321,JAR HDW,0.45 l,ko,2.39,5.31,,1.65,2.39,4015400922599,SREDSTVA ZA ČIŠĆENJE
SHEBA PILETINA U UMAKU VR 85G,90260752,SHEBA,0.09 kg,ko,0.99,11.64,,0.79,0.79,4770608257170,PROIZVODI ZA KUĆANSTVO
PIVO GARDEN STOUT LIMENKA 0.33L,90274036,GARDEN,0.33 l,ko,1.65,5,,1.32,1.65,3859893153037,PIĆE
PECIVO GOLOSINI S MARELICOM 200G RUGGERI,90278045,LA CROISSANTERIE,0.20 kg,ko,1.94,9.7,,1.94,1.94,8001618991904,HRANA
DŽEM VIŠNJA  430g MADRE NATURA,90300420,MADRE NATURA,0.43 kg,ko,3.99,9.28,,3.99,3.99,3859892918422,HRANA
MASLINE ZELENE BEZ KOŠT. 455g AGROSEVILLA,90303290,AGROSEVILLA,0.46 kg,ko,5.99,13.16,,5.99,5.99,8410522006800,HRANA
ČAJ SEDAM BILJAKA MJEŠAVINA 50g,90308795,AGRISTAR,0.05 kg,ko,3.09,61.8,,3.09,3.09,3858886505006,HRANA
GEL TUŠ OLD SPICE ORIGINAL 400ml,90311183,OLD SPICE,0.40 l,ko,,9.35,3.74,4.99,4.99,4084500978881,KOZMETIKA
KOKOS BRAŠNO 100g NATURA,90311337,NATURA,0.10 kg,ko,0.8,8,,0.8,0.8,3859893124655,HRANA
PEDIGREE MARKIES 500g,90320321,PEDIGREE,0.50 kg,ko,3.99,7.98,,3.99,3.99,5010394996587,PROIZVODI ZA KUĆANSTVO
PRAŠAK CREATINE MONOHYDRAT 500g,90346282,POLLEO,0.50 kg,ko,39.99,79.98,,39.99,39.99,3858892293515,HRANA
TOFFIFEE USKRS BOX 375g,90353747,TOFFIFEE,0.38 kg,ko,8.49,22.64,,6.79,8.49,4014400924503,HRANA
MIX ANAMARIA 3U1 MACCHIATO 15g,90361836,ANAMARIA,0.02 kg,ko,0.37,24.67,,0.37,0.37,3858881774551,HRANA
KREMA DN OLEA REGENER 50ml,90362336,OLEA,0.05 l,ko,,53,2.65,3.35,3.35,3850334150721,KOZMETIKA
ŠLJIVA GARDEN GOOD SUHA B/K 200g,90363933,GARDEN GOOD,0.20 kg,ko,1.49,7.45,,1.09,1.49,3838900807859,HRANA
ZAČIN BURGER CLASSIC VR 30g  VEGETA NATUR,90364131,VEGETA NATUR,0.03 kg,ko,1.19,39.67,,0.79,1.19,3856020228910,HRANA
UMAK  BUFFALO WINGS 148ml FRANK’S,90364157,FRANK'S REDHOT,0.15 l,ko,3.89,26.28,,3.89,3.89,0041500888200,HRANA
VREĆICE ZA PEČENJE FINO 5/1,90364665,FINO,5.00 ko,ko,1.72,0.34,,1.39,1.72,5201314961109,PROIZVODI ZA KUĆANSTVO
BOMBON NIMM2 GUMENI HEROES 90g,90365258,NIMM2,0.09 kg,ko,1.19,13.22,,1.19,1.19,4014400922950,HRANA
BOMBON KAR KIKI PLUS C 100g,90373546,KIKI,0.10 kg,ko,1.29,12.9,,0.97,1.29,3850102005871,HRANA
HAMBURGER PEČENI CCA 300-400g VAK KUDELIĆ,90382398,KUDELIĆ,1.00 kg,kg,6.99,6.99,,6.99,6.99,,HRANA
SIR CHEDDAR NAR 100G PRESIDENT,90392126,PRESIDENT,0.10 kg,ko,2.29,22.9,,2.29,2.29,8595021607441,HRANA
JESETRA SVJEŽA KUPA,90401766,RIBNJACI KUPA,1.00 kg,kg,8.49,8.49,,5.09,8.49,,HRANA
AMUR ŽIVI KUPA,90402972,RIBNJAK,1.00 kg,kg,3.49,3.49,,2.09,3.49,,HRANA
DET DAX GEL SENSITIVE 1.5L=41PRANJE,90407496,DAX,1.50 l,ko,3.75,2.5,,3.75,3.75,3850334132505,SREDSTVA ZA ČIŠĆENJE
TJESTENINA U VREĆICI GOVEDINA 59.2g MAGGI,90407799,MAGGI,0.06 kg,ko,,7.6,0.45,0.55,0.79,5201219488794,HRANA
TJESTENINA U VREĆICI GLJIVE 59.2g MAGGI,90407803,MAGGI,0.06 kg,ko,,7.6,0.45,0.55,0.79,5201219488862,HRANA
ROLL ON GARNIER MAGNES MEN 50ml,90410198,GARNIER,0.05 l,ko,,73.8,3.69,4.49,4.99,3600542310055,KOZMETIKA
RAVIOLI SA SIROM 250g DIVITA,90411669,DIVITA,0.25 kg,ko,2.65,10.6,,2.65,2.65,3831001823773,HRANA
KVASAC SUHI BG 2X10G 20g DR SCHAR,90412761,DR SCHAR,0.02 kg,ko,,71.5,1.43,1.79,1.79,8008698005828,HRANA
ČETKICA COLG 360 CHARC 1+1,90424589,COLGATE,1.00 ko,ko,4.89,4.89,,3.42,4.89,8718951197183,KOZMETIKA
LIKER PELINKOVAC GORKI BOX BADE 0.7L,90425305,BADEL 1862,0.70 l,ko,13.05,18.64,,13.05,13.05,3850112111555,PIĆE
MAJONEZA 270g ZVIJEZDA,90432850,ZVIJEZDA,0.27 kg,ko,3.19,11.81,,3.19,3.19,3856015322098,HRANA
NAPITAK MENTA KAPRONCA 290ml,90433197,KAPRONCA,0.29 l,ko,1.75,6.04,,1.75,1.75,3859892896287,PIĆE
GAZ PIĆE ORANGINA 1.25L PET,90623212,ORANGINA,1.25 l,ko,2.55,2.04,,1.99,2.55,3877000209613,PIĆE
VINO GRAŠEVINA JAKOVAC VRH 0.75L,90669334,JAKOVAC,0.75 l,ko,10.05,13.4,,10.05,10.05,3857500058935,PIĆE
VL MARAM PAMPER FR CLEAN 5X52,90674541,PAMPERS,260.42 ko,ko,7.85,0.03,,7.85,7.85,8001841078137,TOALETNE POTREPŠTINE
DET SUĐE VIO LAVAN MOR SOL 450ml,90683090,VIO,0.45 l,ko,1.59,3.53,,1.19,1.59,3870128034389,SREDSTVA ZA ČIŠĆENJE
NEG PIĆE FRUCTAL CLASSIC ŠUM.VOĆE 2L,90698020,FRUCTAL,2.00 l,ko,2.19,1.1,,1.45,2.19,3838945041034,PIĆE
PAPRIKA PEPPADEW 400/140g,90698527,PEPPADEW,0.14 kg,ko,3.99,28.5,,3.99,3.99,6007788005443,HRANA
INSTANT NES GOLD ESPRESSO ST 100G NESTLE,90442874,NESCAFE,0.10 kg,ko,8.99,89.9,,8.99,8.99,7613036600996,HRANA
ČETKICA COLG ZIG ZAG CHARC 3PACK,90478580,COLGATE,1.00 ko,ko,5.49,5.49,,3.84,5.49,8718951305212,KOZMETIKA
ŽV GUMA ORBIT REFRESH SPEARMINT 15.6g,90485446,WRIGLEY,0.02 kg,ko,,50.64,0.79,0.99,0.99,4009900535519,HRANA
VINO TO GO MERLOT 0.187L PET,90495071,WINE TO GO,0.19 l,ko,2.39,12.78,,2.39,2.39,3859893101946,PIĆE
KOBASICA KRANJSKA IVANEČKA 400g IMISIMO,90498760,IMISIMO,0.40 kg,ko,4.79,11.98,,4.79,4.79,3859893866029,HRANA
KUKURUZ KOKIČAR VEDRINI 1000g,90514095,VEDRINI,1.00 kg,ko,1.89,1.89,,1.89,2.19,3858889333231,HRANA
PAPRIKA SLATKA 150g KOTANYI,90553173,KOTANYI,0.15 kg,ko,3.45,23,,3.05,3.45,9001414008140,HRANA
KAVA NOTA LUNGO DG 16/1 112g FRANCK,90569657,FRANCK NOTA,0.11 kg,ko,5.99,53.48,,5.99,5.99,3850291053042,HRANA
NAPITAK ZOB BG 1L RISO SCOTTI,90573455,RISO SCOTTI,1.00 ko,ko,,1.69,1.69,2.65,2.65,8001860191459,HRANA
BRAŠNO UNI. MIX PREM BG 1kg NO NO,90577989,NO NO,1.00 ko,ko,3.99,3.99,,3.99,3.99,3858887101238,HRANA
BRAŠNO TAPIOKA BG 500 g NO NO,90577991,NO NO,0.50 kg,ko,3.98,7.96,,3.98,3.98,3858887101214,HRANA
SIRUP MARASKA NARANČA  1L,90587828,MARASKA,1.00 l,ko,2.99,2.99,,2.99,2.99,3850158105006,PIĆE
REGENER SCHAUMA REG/NJEGA 250ml,90587886,SCHAUMA,0.25 l,ko,,11.96,2.99,2.99,4.19,9000101658163,KOZMETIKA
MARAMICE VL K PLUS DAX STAKLO 20/1,90593006,DAX,20.00 ko,ko,1.99,0.1,,1.19,1.99,3850334520043,SREDSTVA ZA ČIŠĆENJE
STICK OLD SPICE WHITEWATER 85ml,90598671,OLD SPICE,0.09 l,ko,7.49,88.12,,7.49,7.49,8700216357814,KOZMETIKA
VANISH OXI SPRAY WHITE 500ml,90602918,VANISH,0.50 l,ko,7.79,15.58,,6.23,7.79,5999109561435,SREDSTVA ZA ČIŠĆENJE
PAŠTETA TUNA CREAM 50g LINO,90623064,LINO,0.05 kg,ko,1.19,23.8,,1.19,1.19,3856020259396,HRANA
SLAD KORNET MONTE ZOTT 120ml,90628246,MONTE,0.12 l,ko,2.5,20.83,,2.5,2.5,4014500519357,HRANA
KRUH RAŽENA RUSTIKA 500g NAR PAK KLARA,90632842,KLARA,0.50 kg,ko,2.09,4.18,,1.35,2.09,3856016906563,HRANA
KULEN K PLUS NAR 250G,90648011,K PLUS,0.25 kg,ko,4.59,18.36,,3.59,4.59,3850334011527,HRANA
BRANCIN 2500 – 3000 ŽUVELA,90648275,ŽUVELA,1.00 kg,kg,25.09,25.09,,15.04,25.09,,HRANA
DEO BOROTALCO SOFT 150ML,90669168,BOROTALCO,0.15 l,ko,,13.27,1.99,1.99,3.99,8002410045079,KOZMETIKA
PANCETA 1/4 DOBRO,90670324,DOBRO,1.00 kg,kg,22.49,22.49,,11.79,22.49,3850133812486,HRANA
KAVA DOLCE GUSTO ESP INT BK 16/1 99.2g,90670456,DOLCE GUSTO,0.10 kg,ko,6.49,65.42,,5.29,6.49,8445290352194,HRANA
OM LENOR TROPICAL SUNSET 462ML,90672717,LENOR,0.46 l,ko,3,6.49,,3,3,8001090907127,SREDSTVA ZA ČIŠĆENJE
MED CVJETNI HR 900g  MEDO FLOR,90674865,MEDO FLOR,0.90 kg,ko,7.49,8.32,,7.49,7.49,3859892827823,HRANA
MAJONEZA DELIKATES 820g ZVIJEZDA,90675311,ZVIJEZDA,0.82 kg,ko,4.99,6.09,,4.99,4.99,3856015327222,HRANA
PROIZV BILJ BAZ VEGAN CREME 200g,90678076,GREEN VIE,0.20 kg,ko,3.18,15.9,,3.18,3.18,5292874002272,HRANA
VODA VIT OSHEE JUNIOR LIM JAB 0.555L,90732576,OSHEE,0.56 l,ko,1.69,3.05,,1.49,1.49,5908260256524,PIĆE
KEČAP BLAGI PREMIUM 760 g ZVIJEZDA,90770105,ZVIJEZDA,0.76 kg,ko,3.49,4.59,,3.49,3.49,3856015330499,HRANA
PLATA FIUME 1150 g PLATA DO VRATA,90774870,PLATA DO VRATA,1.15 kg,ko,27.5,23.91,,24.5,24.5,3859894230010,HRANA
PIVO VUKOVARSKO 0.5L LIMENKA ,90543119,VUKOVARSKO,0.50 l,ko,1.55,3.1,,1.55,1.55,3859893353406,PIĆE
BUĐOLA 80g GROTA,90669799,GROTA,0.08 kg,ko,3.19,39.88,,3.19,3.19,3859893167256,HRANA
DEO NIVEA FRESH M SENS FRESH 150ml,90699015,NIVEA,0.15 l,ko,,21.27,3.19,3.95,5.29,9005800365732,KOZMETIKA
ORADA OČIŠĆENA KONZUM,90699410,,1.00 kg,kg,13.99,13.99,,7.19,11.99,,HRANA
TJESTENINA S CARBONARA UMAKOM 160g MINUTE,90677709,MINUTE,0.16 kg,ko,1.69,10.56,,1.29,1.69,3850334042866,HRANA
NEG. PIĆE MEDONJA NARANČA 0.2L,90677838,MEDONJA,0.20 l,ko,0.43,2.15,,0.43,0.43,8606100139897,PIĆE
SET CURAPROX PUTNO PAK,90702837,CURAPROX,1.00 ko,ko,12.49,12.49,,12.49,12.49,7612412428889,KOZMETIKA
LIKER ROSSI PELINKOVAC EPULON 0.5L,90703368,ROSSI,0.50 l,ko,19.65,39.3,,19.65,19.65,3859891585557,PIĆE
TABLETE COREGA BIO 108/1,90703559,COREGA,107.99 ko,ko,,0.08,8.91,10.49,10.49,5054563226242,KOZMETIKA
BOMBONI MIX FIZZ HARIBO 100g,90704305,HARIBO,0.10 kg,ko,1.59,15.9,,1.19,1.59,9002975331579,HRANA
FRUTABELA PROTEIN ČOK 40g FRUCTA,90705172,FRUTABELA,0.04 kg,ko,1.89,47.25,,1.89,1.89,3838945040419,HRANA
NAPITAK ZOB VANILIJA EKO 500ml BOOM BOX,90707645,BOOM BOX,0.50 l,ko,1.99,3.98,,1.99,1.99,3856027800249,HRANA
ŠAMPON GLISS 400ml+REG ULT REP 200ml,90714509,GLISS,1.00 ko,ko,5.99,5.99,,5.99,5.99,3838824433035,KOZMETIKA
LIP BALM LABELLO MEN ACTIVE 4.8g,90726953,LABELLO,0.01 kg,ko,2,416.67,,2,2,9005800363011,KOZMETIKA
MUESLI VOĆE BEZ DOD ŠEĆE 500g KOLLN,90733504,KOLLN,0.50 kg,ko,5.99,11.98,,5.99,5.99,4000540001341,HRANA
ČOKOLADA MILKA NOUGAT CREME 85 g,90749732,MILKA,0.09 kg,ko,2.49,29.29,,1.39,2.49,7622202013218,HRANA
MIX RITUAL 3U1 10X18 g VR,90750211,RITUAL,0.18 kg,ko,1.49,8.28,,1.49,1.49,3850334100177,HRANA
ČOK. CREMISSIMO KAKAO LJEŠNJAK 40g,90754832,POLLEO,0.04 kg,ko,2.49,62.25,,2.49,2.49,3856026808482,HRANA
KROASAN ČOKOLADA BG 60 g NUTRIFREE,90754924,NUTRIFREE,0.06 kg,ko,2.99,49.83,,2.99,2.99,8008696031058,HRANA
SPUŽVA 3SL KUPAONICA REKORD,90754965,REKORD TIM,1.00 ko,ko,1.29,1.29,,1.29,1.29,3858882683449,PROIZVODI ZA KUĆANSTVO
METLA MALA SIRAK,90754978,SUDOMAT,1.00 ko,ko,3.49,3.49,,3.49,3.49,3856007706233,PROIZVODI ZA KUĆANSTVO
SLAD CINQUE STELLE LJEŠNJAK 4x90 ml,90759869,SAMMONTANA,0.24 l,ko,5.99,24.98,,5.99,5.99,8005840020753,HRANA
PARTY TRIK MIX 500 g,90769669,TRIK,0.50 kg,ko,2.29,4.58,,2.29,2.29,8600462023573,HRANA
FANT UMAK ZELENI PAPAR 30 g PODRAVKA,90770336,FANT,0.03 kg,ko,1.19,39.67,,1.19,1.19,3856020269463,HRANA
DESERT FINESSE PARTY MIX 23/1 450 g,90770398,FINESSE,0.45 kg,ko,4.99,11.09,,4.99,4.99,3838900833889,HRANA
BOMBONI GUMENI KISELI MEDVJEDIĆI 100 g PIONIR,90770509,PIONIR,0.10 kg,ko,1.55,15.5,,1.55,1.55,8600091370314,HRANA
ADVENTUROS TRAINING LOSOS 115 g,90771295,ADVENTUROS,0.12 kg,ko,2.69,23.39,,2.02,2.69,8445290990785,PROIZVODI ZA KUĆANSTVO
PEDIGREE TASTY MINI SIR 140 g,90774740,PEDIGREE,0.14 kg,ko,2.19,15.64,,2.19,2.19,5998749145333,PROIZVODI ZA KUĆANSTVO
VAFL NAPOLITANKA ČOK PRELJ KOKOS 250 g KRAŠ,90775770,KRAŠ,0.25 kg,ko,3.99,15.96,,2.79,3.99,3850102012442,HRANA
TIKVICA BIO 500 g,90794993,HORTAMIRA,0.50 kg,ko,1.39,2.78,,1.19,1.49,3856028689096,HRANA
CHANTECLAIR UNIV KAMENAC OCAT 625 ml,90804760,CHANTE CLAIR,0.63 l,ko,3.65,5.84,,3.65,3.65,8015194518394,SREDSTVA ZA ČIŠĆENJE
BOMBON MENTOS LEMON MELISSA 21g,90809887,MENTOS,0.02 kg,ko,1.3,61.9,,1.3,1.3,80999300,HRANA
VINO TERAN BARBAROSA TOMAZ 0.75 L,90814918,TOMAZ,0.75 l,ko,24.99,33.32,,24.99,24.99,3857500055057,PIĆE
LIKER ORAHOVAC S ČOKOLADOM 0.7 L,90824738,MARASKA,0.70 l,ko,12.05,17.21,,12.05,12.05,3850158406141,PIĆE
TRGANE PALAČINKE TONI KAISER 250 g,90825023,TONI KAISER,0.25 ko,ko,3.99,15.96,,2.79,3.99,9002050201162,HRANA
IND ORAŠČIĆ I BRUS BIO SNACK 100 g NUTRIGOLD,90825228,NUTRIGOLD,0.10 kg,ko,1.99,19.9,,1.59,1.99,3858894431397,HRANA
KOBASICA DOMAĆA DIMLJENA 270 g VP MM,90825765,MM,0.27 kg,ko,3.69,13.67,,3.69,3.69,3859894129307,HRANA
RIŽIN POPS BIO 100 G NUTRIGOLD,90826434,NUTRIGOLD,0.10 kg,ko,1.65,16.5,,1.65,1.65,3858891972404,HRANA
MLIJEKO ZAMJ NAN PRO 1 TEK 200 ml,90839932,NAN,0.20 l,ko,1.69,8.45,,1.69,1.69,8445290748133,HRANA
MUESLI LINO MULTIGRAIN/ČOK 150 g,90874776,LINO,0.15 kg,ko,,13.27,1.99,1.99,2.79,3856020277222,HRANA
NAMAZ SPECIAL MOMENTS PISTACIJA 190g,90880045,SPECIAL MOMENTS,0.19 kg,ko,5.99,31.53,,5.99,5.99,3850334437624,HRANA
KULTURA KOMBUCHA MEN I LIME 330 ml,90885453,KULTURA,0.33 l,ko,2.89,8.76,,2.89,2.89,3859893720253,PIĆE
ŽVAKAĆE GUME LUBENICE 12/1 80 g FINI,90886093,FINI,0.08 kg,ko,1.99,24.88,,1.99,1.99,8410525212475,HRANA
WANPY CAT CREAMY TUNA BAKALAR 5X14 g,90886099,WANPY,0.07 kg,ko,2.59,37,,2.59,2.59,6927749871125,PROIZVODI ZA KUĆANSTVO
ŠTRUDLA FINESSE ČOKO VIŠNJA 145 g,90889647,FINESSE,0.15 kg,ko,1.19,8.21,,1.19,1.19,3850334437099,HRANA
NAPOLITANKE ČOKOLADA 180 g LASTA,90889861,LASTA,0.18 kg,ko,1.69,9.39,,1.69,1.69,3870128037847,HRANA
VANILICE SA BADEMOM I LJEŠNJ 240 g,90890379,PIRAMIDA,0.24 kg,ko,2.99,12.46,,1.99,1.99,8606104138940,HRANA
RUČNIK PALOMA DESIGN PLUS 3SL 3/1,90890608,PALOMA,3.00 ko,ko,2.79,0.93,,1.99,1.99,3838952035903,PROIZVODI ZA KUĆANSTVO
NARANČA 2 kg,01410027,,2.00 kg,ko,2.49,1.25,,2.49,2.49,0000020241681,HRANA
KEČAP LJUTI 500g ZVIJEZDA,01490073,ZVIJEZDA,0.50 kg,ko,2.09,4.18,,1.49,1.49,3858882210898,HRANA
SENF ESTRAGON ST 350g PODRAVKA,01530155,PODRAVKA,0.35 kg,ko,2.49,7.11,,2.15,2.49,3850104023484,HRANA
MAHUNA 180g PODRAVKA,01551590,PODRAVKA,0.18 kg,ko,1.59,8.83,,1.59,1.59,3850104050015,HRANA
FRISKIES PICNIC PILET 42g,01642012,FRISKIES,0.04 kg,ko,0.79,18.81,,0.59,0.79,4000487223349,PROIZVODI ZA KUĆANSTVO
ZIMSKA 300g PODRAVKA,02024510,PODRAVKA,0.30 kg,ko,6.99,23.3,,6.99,6.99,3858886466239,HRANA
HRENOVKE WUDY KLASIK 100g,02048539,WUDY,0.10 kg,ko,0.59,5.9,,0.59,0.59,8008110002015,HRANA
SIR NAM ABC 100g BELJE,02102802,ABC,0.10 kg,ko,1.25,12.5,,1.05,1.05,3856015324153,HRANA
KOCKA GOVEĐA 120g MAGGI,90092066,MAGGI,0.12 kg,ko,2.09,17.42,,2.09,2.09,8585002419538,HRANA
SRDELA SVJ LIBURNIJA,90096529,,1.00 kg,kg,2.89,2.89,,1.73,2.89,,HRANA
PLOČICA ENER KAKAO EKO 50g RAW BITE,90106657,RAW BITE,0.05 kg,ko,2.59,51.8,,2.59,2.59,5712840020029,HRANA
SKUŠA FILET U M. ULJU DELAMARIS 125,90112798,DELAMARIS,0.13 kg,ko,3.49,27.92,,3.49,3.49,3838929568298,HRANA
SALAMA POSEBNA WUDY POP 500g,90114551,WUDY,0.50 kg,ko,1.89,3.78,,1.89,1.89,8008110001049,HRANA
HIG UL VIOLETA COTTON NORMAL 20/1,90152815,VIOLETA,20.00 ko,ko,,0.1,1.99,1.99,2.65,3870128007949,TOALETNE POTREPŠTINE
ŠAMPON ELSEVE EXTRAORD OIL 250ml,90154877,LOREAL ELSEVE,0.25 l,ko,,13.16,3.29,4.09,4.39,3600522449393,KOZMETIKA
KREMA NIVEA MEN 75ML,90156872,NIVEA,0.08 l,ko,,43.73,3.28,3.49,4.69,9005800239989,KOZMETIKA
PITA KRUH 400G GECCHELE,90158099,GECCHELE,0.40 kg,ko,2.12,5.3,,2.12,2.12,8015854166507,HRANA
RAJČICA PASIRANA PODRAVKA 200G,90168392,PODRAVKA,0.20 kg,ko,0.79,3.95,,0.79,0.79,3850104213120,HRANA
ŠAMPON SCHAUMA POWER VOLUME 48H 400ml,90185209,SCHAUMA,0.40 l,ko,,7.48,2.99,2.99,4.19,9000100952330,KOZMETIKA
DEKOR MIX ZVJEZDICE 10G DR OETKER,90185551,DR OETKER,0.01 kg,ko,0.69,69,,0.69,0.69,5907707057076,HRANA
TARTUFI I ŠAMPINJONI 80G SPECIAL MOM,90193285,SPECIAL MOMENTS,0.08 kg,ko,4.38,54.75,,4.38,4.38,3850334566249,HRANA
PLATA DALMATINSKA 8 KONZUM,90204670,,0.83 kg,ko,19.91,23.89,,19.91,19.91,,HRANA
FILET OSLIĆA,90222053,,1.00 kg,kg,17.99,17.99,,9.59,15.99,,HRANA
NAMAZ LINO LADA KOKOS 350g PODRAVKA,90231961,LINO LADA,0.35 kg,ko,3.99,11.4,,3.29,3.99,3850104284458,HRANA
RUČNIK VIOLETA LOVE 3/1 3SL,90260686,VIOLETA,3.03 ko,ko,3.32,1.1,,3.32,3.32,3859892288952,PROIZVODI ZA KUĆANSTVO
ŽV GUMA WHITE CLASSIC 14G,90263717,WRIGLEY,0.01 kg,ko,0.99,70.71,,0.99,0.99,40099484,HRANA
HRANA ZA ZAMORCE CRISPY VIT 400G,90280205,VERSELE LAGA,0.40 kg,ko,1.99,4.98,,1.99,1.99,5410340616987,PROIZVODI ZA KUĆANSTVO
GEL TUŠ NIVEA CARE&DIAMOND 500ML,90280305,NIVEA,0.50 l,ko,6.29,12.58,,6.29,6.29,9005800282480,KOZMETIKA
ZAČIN PERŠIN USITNJ VR 7g VEGETA MAESTRO,90282115,VEGETA MAESTRO,0.01 kg,ko,0.89,127.14,,0.49,0.89,3850104294549,HRANA
DESERT KINDER DELICE  39g,90298357,FERRERO,0.04 kg,ko,0.79,20.26,,0.79,0.79,8000500267035,HRANA
BOMBONI TVRDI FRUTIC 390g,90298508,PECCINI,0.39 kg,ko,3.09,7.92,,3.09,3.09,4840095019893,HRANA
ULJE OLIVAL RICINUSOVO 60ml,90311194,OLIVAL,0.06 l,ko,3.99,66.5,,3.99,3.99,3859893186202,KOZMETIKA
VINO VRANAC VINEA 1L,90311359,VIZBA VALANDOVO,1.00 l,ko,,3.35,3.35,4.75,4.75,3859892866938,PIĆE
VINO GROZD BIJELO 1L,90311364,GROZD,1.00 l,ko,2.15,2.15,,2.15,2.15,3850334378750,PIĆE
VINO BON CASTELLO MALVAZIJA 0.75L,90320112,BON CASTELLO,0.75 l,ko,6.35,8.47,,6.35,6.35,3859889986755,PIĆE
LIST 400/600 DIVLJI MEDUZA,90356778,MEDUZA,1.00 kg,kg,17.56,17.56,,10.53,17.56,,HRANA
FLIPS HRUSTY TORNADO PAPRIKA 30g,90356905,HRUSTY,0.03 kg,ko,0.35,11.67,,0.35,0.35,3850334001061,HRANA
PIVO ISTARSKO GOLD 0.33l NB,90403679,ISTARSKO,0.33 l,ko,1.45,4.39,,1.45,1.45,3850172202095,PIĆE
VINO OD ARONIJE 0.5l BOBO,90403977,BOBO,0.50 l,ko,11.19,22.38,,11.19,11.19,3859893313301,PIĆE
PIVO SAN SERVOLO SVIJETLO 0.33L NB,90300329,SAN SERVOLO,0.33 l,ko,2.39,7.24,,2.39,2.39,3859893049019,PIĆE
VINO MALVAZIJA LECTUS 0.75L,90308723,LECTUS,0.75 l,ko,12.05,16.07,,12.05,12.05,3859893101359,PIĆE
VINO MALVAZIJA 0.75L VINA LAGUNA,90311356,LAGUNA,0.75 l,ko,8.85,11.8,,7.85,8.85,3858881190443,PIĆE
ČAJNA 80g NAR PODRAVKA,90316894,PODRAVKA,0.08 kg,ko,1.95,24.38,,1.95,1.95,3856020213121,HRANA
OM COCCOLINO KONC BLUE BOOST 925ml,90319558,COCCOLINO,0.93 l,ko,4.99,5.39,,4.99,4.99,8720181409677,SREDSTVA ZA ČIŠĆENJE
ULJE U SPREJU NIVEA SUN S KAROTENOM 200ml,90319639,NIVEA,0.20 l,ko,13.49,67.45,,13.49,13.49,4005900478566,KOZMETIKA
SRIJEMSKA KOB 80g NAR PODRAVKA,90319786,PODRAVKA,0.08 kg,ko,2.09,26.13,,2.09,2.09,3856020213213,HRANA
ČETKICA COLG MAX WHITE 1+1 ECONOMY PACK,90323325,COLGATE,1.00 ko,ko,3.49,3.49,,2.44,3.49,8714789490113,KOZMETIKA
ULJE MASLINOVO EX DJEV 0.75L FARCHIONI,90340365,FARCHIONI,0.75 l,ko,8.49,11.32,,8.49,9.49,8007153078049,HRANA
BOJA COL SENSAT 8.12,90341742,GARNIER COL SENSATION,1.00 ko,ko,,3.99,3.99,4.99,5.29,3600542161121,KOZMETIKA
TOLSTOLOBIK FILET  KONZUM,90345055,KONZUM,1.00 kg,kg,5.29,5.29,,3.17,5.29,,HRANA
DESERT DUPLO T5 91g,90352886,FERRERO,0.09 kg,ko,1.69,18.57,,1.69,1.69,4008400300429,HRANA
DESERT MLIJ K PLUS ČOKO-LJEŠNJ 4X57.5g,90354835,K PLUS,0.23 kg,ko,1.39,6.04,,1.39,1.39,3850334341112,HRANA
MASLINE KALAMATA OTKOŠ ILIADA 370g,90355209,ILIADA,0.19 kg,ko,4.49,23.63,,3.49,4.49,5201043115910,HRANA
CAPP GLORIA IRISH 200g,90362173,GLORIA,0.20 kg,ko,2.79,13.95,,2.29,2.29,3850291049090,HRANA
PEDIGREE SP MINI PILETINA POVRĆE 2kg,90362790,PEDIGREE,2.00 kg,ko,10.49,5.25,,7.89,10.49,5900951272400,PROIZVODI ZA KUĆANSTVO
MED BAGREM HR 900g APIMEL,90363449,APIMEL,0.90 kg,ko,11.99,13.32,,11.99,11.99,3859888851740,HRANA
MLIJ NAP POPY SHAKE VAN 200ml VIND,90363584,Z BREGOV,0.20 l,ko,1.15,5.75,,1.15,1.15,3850108035421,HRANA
BOMBONIJERA MERCI PETITS MILK CREAM 125g,90364049,MERCI,0.13 kg,ko,3.49,27.92,,3.49,3.49,4014400927399,HRANA
ZAČIN PERŠIN LIST POS. 13g VEGETA MAESTRO,90364210,VEGETA MAESTRO,0.01 kg,ko,1.79,137.69,,1.79,1.79,3850104294938,HRANA
KREKER RIŽA PAPRIKA 60g RICE UP,90364916,RICE UP,0.06 kg,ko,1.39,23.17,,1.39,1.39,3800233070248,HRANA
BOMBON KAR KIKI TUTTI FRUTTI 400g,90370534,KIKI,0.40 kg,ko,3.99,9.98,,2.99,3.99,3850102516759,HRANA
GAZ PIĆE THOMAS HENRY BOTANICAL 0.75L,90599840,THOMAS HENRY,0.75 l,ko,5.05,6.73,,3.99,5.05,4260310559599,PIĆE
ČAJ CITRUS&GINGER 20/1 30g ETS,90674806,ENGLISH TEA SHOP,0.03 kg,ko,4.49,149.67,,4.49,4.49,0680275029137,HRANA
KOŠARICE 100g SWEET CHEF,90675342,SWEET CHEF,0.10 kg,ko,3.49,34.9,,3.49,3.49,3850334036612,HRANA
ČAJ EARL GREY 25X2g AHMAD,90678359,AHMAD,0.05 kg,ko,2.39,47.8,,2.39,2.39,0054881009690,HRANA
SALATA TUNA KUS KUS 275g FRAGARIA,90698436,FRAGARIA,0.28 kg,ko,3.99,14.52,,3.99,3.99,3858893253327,HRANA
ČOKOLADNA JAJA LINDOR MILK 90g,90699198,LINDT,0.09 kg,ko,2.5,27.78,,2.5,3,4000539680625,HRANA
BRIJAČ Ž VENUS EXTRA SMOOTH,90699357,VENUS,1.00 ko,ko,14,14,,14,14,7702018517886,KOZMETIKA
SIRUP K PLUS BRUSNICA JABUKA 1L,90703472,K PLUS,1.00 l,ko,2.55,2.55,,2.55,2.55,3850334044402,PIĆE
ZP ELMEX ANTICAR PROFES JUNIOR 75ml,90703717,ELMEX,0.08 l,ko,,67.73,5.08,5.99,5.99,8718951573345,KOZMETIKA
MALINE GARDEN GOOD 400g,90704069,GARDEN GOOD,0.40 kg,ko,2.99,7.48,,2.49,2.49,8605002359914,HRANA
NEKTAR FRUCTAL JAB-ARONIJA-GROŽĐE 1L,90705887,FRUCTAL,1.00 l,ko,2.29,2.29,,1.59,1.59,3838945041317,PIĆE
DET ARIEL M SPRING 2.4L=48PR,90705929,ARIEL,2.48 l,ko,10,4.04,,10,10,8006540874745,SREDSTVA ZA ČIŠĆENJE
KEKS BOOM B MINI ŠUM VOĆE BIJ ČOK 20g,90706588,BOOM BOX,0.02 kg,ko,0.49,24.5,,0.49,0.49,3856027800553,HRANA
SARDINA U BILJNOM ULJU 70g EVA ,90707430,EVA,0.07 kg,ko,1.69,24.14,,1.69,1.69,3856020262525,HRANA
HRVATSKO PILE PODLOŽAK SVJEŽE CEKIN,90713242,CEKIN,1.00 kg,kg,3.31,3.31,,3.18,3.31,3850159112829,HRANA
NAPITAK ZOB EKO 1L BRIDGE,90713254,THE BRIDGE,1.00 l,ko,2.69,2.69,,2.69,2.69,8019428000105,HRANA
FRIEND MM MINI PILETINA 100g,90719889,FRIEND,0.10 kg,ko,0.59,5.9,,0.59,0.59,3870547072542,PROIZVODI ZA KUĆANSTVO
BRIJAČ M BIC FLEX 3 3+1,90725082,BIC,4.00 ko,ko,,0.95,3.81,5.09,5.09,3086123399389,KOZMETIKA
MUESLI GRAN FUN&FIT CRVENO VOĆE 330g,90726754,FUN&FIT,0.25 kg,ko,3.99,15.96,,3.99,3.99,8606015857237,HRANA
SOK 100% LUMPI NARANČA 3X0.2L ,90730185,LUMPI,0.60 l,ko,1.29,2.15,,1.29,1.29,3850334044655,PIĆE
AJVAR BLAGI 300g GURMANO,90732547,GURMANO,0.30 kg,ko,5.69,18.97,,5.69,5.69,5319991599376,HRANA
CIKLA NAREZANA NA PARI  MARINIR 350g,90733268,MADIG,0.35 kg,ko,1.69,4.83,,1.69,1.69,3856028688761,HRANA
SLANUTAK KUHANI 350g,90733275,MADIG,0.35 kg,ko,1.49,4.26,,1.49,1.49,3859891496839,HRANA
MJEŠAV ZA FRANCUSKU GARDEN GOOD 1kg,90739839,GARDEN GOOD,1.00 kg,ko,1.39,1.39,,1.39,1.39,3838900835371,HRANA
PRALINE MASLAC KIKIRIKI 39g BETT R,90739975,BETT R,0.04 kg,ko,2.79,71.54,,1.99,2.79,3800233781250,HRANA
ČOKOLADNA MINI JAJA LJEŠNJAK KREMA 115 g WITORS,90749747,WITORS,0.12 kg,ko,0.7,6.09,,0.7,1,8003535081690,HRANA
KAVA CREMA MLJEV 3U1 9 g FRANCK,90750358,FRANCK CREMA,0.01 kg,ko,0.39,43.33,,0.39,0.39,3850291054100,HRANA
SIR TOPLJ LIST MILA 450g,90750921,MILA,0.45 kg,ko,2.99,6.64,,2.99,2.99,3850334082695,HRANA
JOGURT LAGANO JUTRO 330g DUKAT,90764658,LAGANO JUTRO,0.33 kg,ko,1.59,4.82,,1.59,1.59,3850354018186,HRANA
PUDING LAGANO JUTRO ČOKOLADA 4X125g,90764666,LAGANO JUTRO,0.50 kg,ko,2.4,4.8,,2.4,2.4,3850354018148,HRANA
SLAD GELATISSIMO BOURBON VANIL 900ml,90764949,GELATISSIMO,0.90 l,ko,3.99,4.43,,2.99,3.99,3850334108074,HRANA
LOSOS FILETI BILJ ULJE 100/70 g EVA,90765210,EVA,0.07 kg,ko,5.49,78.43,,5.49,5.49,3856020271268,HRANA
PIVO STELLA ARTOIS 0.33L LIM ,90770566,STELLA ARTOIS,0.33 l,ko,1.29,3.91,,1.29,1.29,3850131005972,PIĆE
KREMA TIJ MIXA UREA CICA REP 400 ml,90774956,MIXA,0.40 l,ko,9.49,23.73,,8.99,9.49,3600551135922,KOZMETIKA
TRETMAN GLISS NIGHT SPLIT END 100 ml,90775217,GLISS,0.10 l,ko,6,60,,6,6,9000101702286,KOZMETIKA
KREMA RUKE BIOB CREAM SILKY C 50 ml,90775393,BIOBAZA,0.05 l,ko,2.99,59.8,,2.99,2.99,3856020914530,KOZMETIKA
CEDEVITA ANANAS MANGO 900 g,90784745,CEDEVITA,0.90 kg,ko,6.39,7.1,,5.79,5.79,3850322016626,PIĆE
DET VESH COLOR 14/1,90784987,VESH,14.00 ko,ko,7.15,0.51,,7.15,7.15,3870128037328,SREDSTVA ZA ČIŠĆENJE
MARINIRANI RAŽNJIĆI FILEA PRSA RAW-ŠTILJ,90785418,RAW ŠTILJ,1.00 kg,kg,8.69,8.69,,7.39,8.69,3850159155369,HRANA
LIKER VIŠNJA 0.5 L IGGY POP,90800274,IGGY POP,0.50 l,ko,13.09,26.18,,13.09,13.09,3859893459245,PIĆE
PERECI LOMLJENI SRI UMAK I SIR 125g ELEPHANT,90809885,ELEPHANT,0.13 kg,ko,1.89,15.12,,1.59,1.89,5949040203567,HRANA
VINO PUŠIPEL ST.JEROME 0.75 L,90824960,ST.JEROME,0.75 l,ko,12.55,16.73,,12.55,12.55,3858893390619,PIĆE
MJEŠAVINA SKANDINAVIJA 480 g LEDO,90825001,LEDO,0.48 kg,ko,3.99,8.3,,3.19,3.19,3850116065267,HRANA
SET OS ROCK STICK50+SG400,90826369,OLD SPICE,1.00 ko,ko,6,6,,6,6,8700216569422,KOZMETIKA
TRIMER ZA BRADU KCG PRO,90850674,GILLETTE,1.00 ko,ko,69.49,69.49,,69.49,69.49,8700216659659,KOZMETIKA
KULEN NARESCI 90 g PREMIUM DOBRO,90851043,DOBRO,0.09 kg,ko,3.99,44.33,,3.99,3.99,3850133816255,HRANA
TUNJ OCEAN KOM MAS ULJE 3X70/3X52 g ,90869911,OCEAN,0.17 kg,ko,3.79,22.56,,3.79,3.79,3850334114402,HRANA
VINO ROSE PUTNIKOVIĆ 0.75 L,90874740,PUTNIKOVIĆ,0.75 l,ko,6.29,8.39,,6.29,6.29,3859889291408,PIĆE
SERUM VENUS SATIN CARE 50 ml,90885639,VENUS,0.05 l,ko,,170.2,8.51,13.29,13.29,8700216026642,KOZMETIKA
SET MELEM KIKI ŽUTI,90885726,MELEM,1.00 ko,ko,,15.99,15.99,15.11,18.89,3856007912795,KOZMETIKA
ČETK ORAL B PRO SENS Cl 2/1,90885824,ORAL B,2.00 ko,ko,8.79,4.4,,8.79,8.79,8700216567923,KOZMETIKA
DET ARIEL EX STAIN REMOVAL38TAB,90886271,ARIEL,38.01 ko,ko,25.49,0.67,,16.49,25.49,8700216764254,SREDSTVA ZA ČIŠĆENJE
FLUID NIVEA Q10 SPF50 40 ml,90886606,NIVEA,0.04 l,ko,19.79,494.75,,19.79,19.79,9005800389554,KOZMETIKA
DET PERSIL EXPERT LAVANDER 17 TAB,90889870,PERSIL,17.00 ko,ko,4.99,0.29,,4.99,4.99,9000101801538,SREDSTVA ZA ČIŠĆENJE
SOK 100% MALINA  NATURA 0.7 L,90889970,FRUCTAL,0.70 l,ko,4.49,6.41,,4.49,4.49,3838945042291,PIĆE
NEKTAR JABUKA NARANČA TO 2 L,90890082,TO,2.00 l,ko,2.59,1.3,,2.09,2.59,3858890977998,PIĆE
NEKTAR A MULTIVITAMIN TO 0.2 L,90890105,TO,1.00 ko,ko,0.49,0.49,,0.49,0.49,3858890974645,PIĆE
BRIJAČ FUSION PROGL POWER RAZOR 1UP,90168959,GILLETTE,1.00 ko,ko,,20.29,20.29,25.39,20.29,7702018390786,KOZMETIKA
BRIJAČ GILL MACH3+5PATRONA,90478652,GILLETTE,1.00 ko,ko,,17.39,17.39,21.75,17.39,7702018610181,KOZMETIKA
OM SILAN AT LOTUS 1.1 L,90890212,SILAN,1.10 l,ko,,2.54,2.79,5.65,5.65,9000101584059,SREDSTVA ZA ČIŠĆENJE
GEL TUŠ FA MYSTIC MOM 250ml,06521094,FA,0.25 l,ko,,7.16,1.79,2.79,2.79,9000100634007,KOZMETIKA
ŠTAPIĆI TRIK KIKIRIKI 110 g,90887272,TRIK,0.11 kg,ko,,7.18,0.79,0.99,0.99,8600462041928,HRANA
PROTEIN ZOE VEGAN VANILLA MADAG 454 g,90839908,ZOE,0.45 kg,ko,,36.32,16.49,21.99,21.99,3856026709765,HRANA
ČOKOL MILKA CHOCO&COOKIE 300g,90494290,MILKA,0.30 kg,ko,6.79,22.63,,3.99,3.99,7622201787790,HRANA
MAJONEZA POP 165g,90498232,PLANET OF PLANTS,0.17 kg,ko,2.49,15.09,,2.49,2.49,3856015322449,HRANA
KAVA LEDENA CAFEMIO VANILLA 250ml,90513266,CAFEMIO,0.25 l,ko,1.85,7.4,,1.85,1.85,90020711,HRANA
PIVO STAROČEŠKO 0.5L LIM,90514001,STAROČEŠKO,0.50 l,ko,1.39,2.78,,1.09,1.39,3859892222185,PIĆE
RIŽA DUGO ZRNO 500G 4X125g BEN'S,90577700,BEN’S ORIGINAL,0.50 kg,ko,3.69,7.38,,3.69,3.69,5410673007490,HRANA
VODICA LACALUT MICEL SENSIT 500ml,90598941,LACALUT,0.50 l,ko,5.59,11.18,,4.45,5.59,4016369546994,KOZMETIKA
GAZ PIĆE COCA COLA ZERO ZERO 1L,90600365,COCA COLA,1.00 l,ko,1.49,1.49,,1.29,1.49,5449000195906,PIĆE
PROSECCO VILLA BRAIDA BRUT 0.75L,90622704,VILLA BRAIDA,0.75 l,ko,11.99,15.99,,11.99,11.99,8032611631115,PIĆE
DESERT ČOK DRAŽE SELECTION 350g,90649025,KRAŠ SELECTION,0.35 kg,ko,12.49,35.69,,9.36,12.49,3850102002139,HRANA
KUPKA FA JOGHURT VANILLA HON 750ML,90698863,FA,0.75 l,ko,,5.32,3.99,3.99,3.99,9000101263916,KOZMETIKA
DEO DOVE W TALCO 150ml,90702942,DOVE,0.15 l,ko,,26.73,4.01,5.35,5.35,8720181291876,KOZMETIKA
DEO DOVE W ORIGINAL 200ml,90702959,DOVE,0.20 l,ko,6.49,32.45,,6.49,6.49,8720181291999,KOZMETIKA
PIVO CARLSBERG 0.4L PB,90704310,CARLSBERG,0.40 l,ko,1.15,2.88,,1.15,1.15,8600331002203,PIĆE
DET ARIEL COLOR 2.475kg=45PR,90706068,ARIEL,2.48 kg,ko,10,4.04,,10,10,8006540940112,SREDSTVA ZA ČIŠĆENJE
KREMA ČOK LJEŠ EKO 250g NOCCIOL,90706992,NOCCIOLATA,0.25 kg,ko,4.49,17.96,,4.49,4.49,8052575091176,HRANA
TUBA FRUTOLINO JAB/MAN/BRES 100g,90707660,LINO,1.00 ko,ko,1.39,1.39,,1.39,1.39,3856020261412,HRANA
KOLAČIĆ IND ORAH PROTEIN 40g BITEME,90713984,BITEME,0.04 kg,ko,2.49,62.25,,2.49,2.49,3859893725364,HRANA
TJESTENINA BOLOGNESE 160g MINUTE,90730515,MINUTE,0.16 kg,ko,1.69,10.56,,1.29,1.69,3850334063267,HRANA
BRIJAČ GILL MACH 3 UGLJEN+2PATRONE,90730519,GILLETTE,1.00 ko,ko,,14.19,14.19,17.79,14.19,8700216074308,KOZMETIKA
SET OS WOLF GAMER SG250+STICK50,90731919,OLD SPICE,1.00 ko,ko,5,5,,5,5,8700216131803,KOZMETIKA
ŠUNKICA PILEĆA KIDS 350g,90732771,CEKIN KIDS,0.35 kg,ko,3.79,10.83,,3.79,3.79,3850159127076,HRANA
HIG UL NAT CLASSIC NORMAL 18/1,90732961,NATURELLA,18.00 ko,ko,2.39,0.13,,2.39,2.39,8001090850638,TOALETNE POTREPŠTINE
NEG PIĆE OMG BUBBLE TEA LIMUN 0.27 L,90775813,OMG BUBBLE TEA,0.27 l,ko,3.75,13.89,,3.75,3.75,4779056910194,PIĆE
ROVUS SPIN MOP,90795582,ROVUS,1.00 ko,ko,39.99,39.99,,27.99,39.99,3858894408511,PROIZVODI ZA KUĆANSTVO
MLIJEKO UHT 2.8% mm 1 L MLJEKAR LOG,90799757,KRIŽEVAČKA MLJEKARA,1.00 l,ko,0.69,0.69,,0.69,0.69,3859893374081,HRANA
KOKOS MLIJEKO 400 ml GO-TAN,90819892,GO-TAN,0.40 l,ko,3.29,8.23,,3.29,3.29,8710605092196,HRANA
JOGURT ACTIMEL JAGODA 4X100 g,90830028,ACTIMEL,0.40 kg,ko,2.49,6.23,,1.99,2.49,5997536303703,HRANA
SIR POLUTVRDI TILZIT 200 g,90834940,VINDIJA,0.20 kg,ko,3.59,17.95,,3.59,3.59,3850108057997,HRANA
LIGNJA 200-300 ŽUVELA,90850957,ŽUVELA,1.00 kg,kg,13.29,13.29,,7.97,13.29,,HRANA
USKRSNI KOLAČ COLOMB CHANTILLY 750 g,90869992,PALUANI,0.75 kg,ko,4,5.33,,4,5,8002540023336,HRANA
SIR SV KRAV SKUTA CCA 250 g VERONIKA,90875135,VERONIKA,1.00 kg,kg,13.49,13.49,,13.49,13.49,,HRANA
SKUŠA S POVRĆEM PIKNIK 125 g DEL,90889685,DELAMARIS,0.13 kg,ko,2.49,19.92,,2.49,2.49,3838929567758,HRANA
BOJA SYOSS 4/1 SREDNJE SMEĐA,06544307,SYOSS,1.00 ko,ko,,5.69,5.69,6.99,5.59,9000100632744,KOZMETIKA
GEL TUŠ ŠAMP FA DJ 250ml,06601225,FA,0.25 l,ko,,7.16,1.79,2.79,2.79,9000100662468,KOZMETIKA
BROKULA,01409937,,1.00 kg,kg,2.49,2.49,,2.49,2.49,3850334386489,HRANA
GLJIVA SHIITAKE 100 grama,01400103,,0.10 kg,ko,1.89,18.9,,1.89,1.89,3850334356192,HRANA
NARANČA,01411575,,1.00 kg,kg,,1.19,1.19,0.99,1.49,3850334173690,HRANA
UMAK SALSA DIP MILD 315g LA FIESTA,01496018,LA FIESTA,0.32 kg,ko,3.15,10,,3.15,3.15,5412514935092,HRANA
ČIPS TORTILLA OBIĆNI 200g LA FIESTA,01495135,LA FIESTA,0.20 kg,ko,2.39,11.95,,2.39,2.39,5412514934842,HRANA
MASLINE ZELENE 400G MEDITERAN,01580564,MEDITERAN,0.40 kg,ko,3.79,9.48,,3.79,3.79,3859889307109,HRANA
PEDIGREE DENTASTIX MALI 110G,01640063,PEDIGREE,0.11 kg,ko,2.19,19.91,,1.75,2.19,5010394984577,PROIZVODI ZA KUĆANSTVO
KITTY MM DIVLJAČ 100G ALU,01640556,KITTY,0.10 kg,ko,0.49,4.9,,0.39,0.49,3850334028402,PROIZVODI ZA KUĆANSTVO
PARIZER PUREĆI 500g VINDON,02044227,VINDON,0.50 kg,ko,1.99,3.98,,1.59,1.99,3850159128561,HRANA
ŽV GUMA ORBIT WHITE SPEARMINT 14g,04200201,WRIGLEY,0.01 kg,ko,0.99,70.71,,0.99,0.99,42113164,HRANA
DESERT CORNY BIG LJEŠNJAK 50g,04210529,SCHWARTAU,0.05 kg,ko,1.19,23.8,,1.19,1.19,4011800581510,HRANA
BOMBON HARIBO ZLATNI MEDO 200g,04380768,HARIBO,0.20 kg,ko,2.45,12.25,,2.45,2.45,9002975301268,HRANA
RUPČIĆ ZEWA SOFT&STRONG 3SL KUT,05080257,ZEWA,90.01 ko,ko,2.35,0.03,,2.35,2.35,4006670128002,TOALETNE POTREPŠTINE
ŽICA INOX REKORD 2/1,05640392,REKORD TIM,2.00 ko,ko,1.49,0.75,,1.49,1.49,3859888122512,PROIZVODI ZA KUĆANSTVO
ŠAMPON H&S 400ml ČISTA NJEGA,06520521,HEAD&SHOULDE,0.40 l,ko,6.69,16.73,,3.29,6.69,5011321336049,KOZMETIKA
GEL TUŠ NIVEA CARE 250ml,06520808,NIVEA,0.25 l,ko,2.99,11.96,,1.89,2.99,9005800222936,KOZMETIKA
SERUM OLIVAL SILIKONSKI ZA KOSU 30ML,06524189,OLIVAL,0.03 l,ko,6.89,229.67,,6.89,6.89,3859888345256,KOZMETIKA
BOJA CASTING CR GLOSS 550 ACAJO,06540746,LOREAL CASTING CREME GLOSS,1.00 ko,ko,7.99,7.99,,7.79,7.99,3600521372784,KOZMETIKA
GEL NIVEA VIS 150ML NOR I MJ KOŽ,06590049,NIVEA,0.15 l,ko,,37.67,5.65,8.09,8.09,4005808669202,KOZMETIKA
KREMA NIVEA 150ML       1046,06590239,NIVEA,0.15 l,ko,,23.27,3.49,3.75,4.99,4005808157983,KOZMETIKA
GEL KUPKA HIPP BABYSANFT 400ML,06600442,HIPP,0.40 l,ko,6.19,15.48,,6.19,6.19,4062300419391,KOZMETIKA
FLUX 1L ZA ČIŠĆENJE ODVODA,08030137,FLUX,1.00 l,ko,4.09,4.09,,3.69,3.69,3859888110892,SREDSTVA ZA ČIŠĆENJE
RAJČICA CHERRY 250 grama,90036532,,0.25 kg,ko,2.79,11.16,,2.79,2.79,3850334386281,HRANA
ČOKOLADA KANDI NUGASSO 90g,90047123,KANDIT,0.09 kg,ko,1.85,20.56,,1.85,1.85,3858881046726,HRANA
RIŽA SA SUSHI 500g SAITAKU,90056042,SAITAKU,0.50 kg,ko,3.71,7.42,,3.71,3.71,5060194790069,HRANA
ČAJ VOĆNI LIMUN LIMETA 50g PODR,90074555,PODRAVKA,0.05 kg,ko,2.06,41.2,,2.06,2.06,3850104267062,HRANA
PRALINE KINDER BUENO MINI 108g,90080684,FERRERO,0.11 kg,ko,3.39,31.39,,3.39,3.39,8000500180709,HRANA
NAMAZ SPECIAL M KAKAO ŠLJIVA 230g,90825412,SPECIAL MOMENTS,0.23 kg,ko,2.99,13,,2.99,2.99,3850334430618,HRANA
SNACK DRAGEELINOS BEZ DOD ŠEĆ 60 g NEOH,90826021,NEOH,0.06 kg,ko,4.59,76.5,,4.59,4.59,9120085631713,HRANA
KEKS TUTKU KAKAO 54g ETI,90826488,ETI,0.05 kg,ko,0.69,12.78,,0.69,0.69,8690526040349,HRANA
SARDINA MAR OD LIMUNA 100/70g MARDEŠIĆ,90830115,MARDEŠIĆ,0.07 kg,ko,1.89,27,,1.89,1.89,3859891129041,HRANA
BOMBONIJERA BAJADERA 175 g KRAŠ,90834900,BAJADERA,0.18 kg,ko,6.99,39.94,,5.24,6.99,3850102009770,HRANA
SET LIKER BAJADERA 0.7 L + BAJADERA 87 g,90835065,BADEL 1862,0.70 l,ko,24.99,35.7,,24.99,24.99,3850112112538,PIĆE
POSLASTICA FELIX DM PILETINA 4X10 g,90864717,FELIX,0.04 kg,ko,2.19,54.75,,1.69,2.19,8445291532526,PROIZVODI ZA KUĆANSTVO
ČAJ ŠUMSKO VOĆE 40/1 100 g PODRAVKA,90869776,PODRAVKA,0.10 kg,ko,3.09,30.9,,3.09,3.09,3856020201531,HRANA
RIŽA ARBORIO BIO ZONE 500 g,90869939,BIO ZONE,0.50 kg,ko,2.79,5.58,,2.79,2.79,3850334428738,HRANA
BOMBONI GUMENI SOUR LITTLE MIX 90 g,90886062,FINI,0.09 kg,ko,1.39,15.44,,1.39,1.39,8410525160554,HRANA
POLI CHILLI 150 G NAREZAK,90886733,POLI,0.15 ko,ko,1.99,13.27,,1.99,1.99,3838977043730,HRANA
NEKTAR JABUKA JUICY 2 L,90889903,JUICY,2.00 l,ko,3.39,1.7,,2.99,3.39,3858890979787,PIĆE
ZOB KEKSI SRCA LJEŠ/ČOK 100 g ROW S,90890170,ROW SPIRIT,0.10 kg,ko,2.19,21.9,,2.19,2.19,3859894094179,HRANA
KH-7 ODMAŠČ 750ml+ ODSTR OXY 750 ml,90895115,KH-7,1.50 l,ko,6.49,4.33,,6.49,6.49,3858885022306,SREDSTVA ZA ČIŠĆENJE
FINISH ULTIMATE GEL LEMON 2X1 L,90899660,FINISH ADW,2.00 l,ko,35.99,18,,35.99,35.99,5999109583697,SREDSTVA ZA ČIŠĆENJE
TARTUFI I ŠAMPINJONI 80g ZIGANTE,01600101,ZIGANTE,0.08 kg,ko,7.03,87.88,,5.99,7.03,3859889179409,HRANA
TRLJA I KAMEN,02197656,,1.00 kg,kg,15.99,15.99,,9.59,15.99,,HRANA
PLJESKAVICA SVJEŽA 400g MA PIK VRBOV,02404067,PIK VRBOVEC,0.40 kg,ko,3.59,8.98,,2.51,3.59,3850139435726,HRANA
PUREĆA KRILA CIJ PODL VINDIJA,02450374,VINDON,1.00 kg,kg,3.89,3.89,,3.89,3.89,3850339405000,HRANA
VINO DINGAČ BARIQUE 0.75L VRH MADIRA,03020928,MADIRAZZA,0.75 l,ko,43.99,58.65,,43.99,43.99,3859889833363,PIĆE
NAPITAK RED BULL 4-PACK 4X0.25L,03163560,RED BULL,1.00 l,ko,6.29,6.29,,6.29,6.29,9002490100490,PIĆE
BOMBONJERA MERCI HERBE 250g,04430980,MERCI,0.25 kg,ko,7.99,31.96,,7.99,7.99,4014400901412,HRANA
LOSION NIV SUN PROT&BRON F30 200ml,06596983,NIVEA,0.20 l,ko,16.49,82.45,,16.49,16.49,9005800386355,KOZMETIKA
CROISSANT 7DAYS MINI KAK/VAN 60g,90034912,CHIPITA,0.06 kg,ko,1.09,18.17,,1.09,1.09,7622202214660,HRANA
BUĐOLA K PLUS 1/2,90043578,K PLUS,1.00 kg,kg,19.99,19.99,,15.49,19.99,,HRANA
MAJONEZA ULTRA HOT 400g ZVIJEZDA,90083758,ZVIJEZDA,0.40 kg,ko,4.49,11.23,,4.49,4.49,3856015307873,HRANA
JOGURT NATUR DUKATOS 450g KANTICA,90087182,DUKATOS,0.45 kg,ko,2.59,5.76,,2.19,2.59,3850354010784,HRANA
ŠTAPIĆI SALTAS KIKIRIKI 4PACK 160g,90089551,SALTAS,0.16 kg,ko,1.79,11.19,,1.34,1.79,3856014114205,HRANA
ŽELIN 2:1 25g PODRAVKA,90091430,DOLCELA,0.03 kg,ko,1.25,50,,1.25,1.25,3850104268748,HRANA
KAVA DOLCE GUS CORT ESP MACC 16/1 100.8g,90096977,DOLCE GUSTO,0.10 kg,ko,6.49,64.38,,5.29,6.49,7613032827014,HRANA
SANITAR FRESH LAVANDA 650ml,90108169,SANITAR,0.65 l,ko,2.49,3.83,,2.19,2.49,3850111503849,SREDSTVA ZA ČIŠĆENJE
ČOKOLADA DADO KANDI 90 g,90142849,KANDIT,0.09 kg,ko,1.69,18.78,,1.69,1.69,3858881046764,HRANA
ČAJ KAMILICA&LEMONGR AHMAD 20X2g,90147004,AHMAD,0.04 kg,ko,2.65,66.25,,2.65,2.65,054881000062,HRANA
HIG UL VIOLETA COTTON SUPER+ 10/1,90152820,VIOLETA,10.00 ko,ko,,0.12,1.19,1.19,1.59,3870128008045,TOALETNE POTREPŠTINE
FILET SOMA KUPA,90161301,,1.00 kg,kg,9.09,9.09,,5.45,9.09,,HRANA
VINO ROSE 0.75L KV KUTJEVO,90394551,KUTJEVO,0.75 l,ko,7.65,10.2,,7.65,7.65,3850156001072,PIĆE
KEKS DOLCI CANTUCCINI DULCETTI 200g,90400687,DULCETTI,0.20 kg,ko,2.15,10.75,,2.15,2.15,3850334131324,HRANA
ŠAMPON MUSTELA NJEŽNI 200ml,90403694,MUSTELA,0.20 l,ko,5,25,,5,5,3504105028442,KOZMETIKA
KRAŠ SLATKI USKRSNI MIX 337 g,90875404,KRAŠ,0.34 kg,ko,4.99,14.81,,3.99,4.99,3850102015047,HRANA
VAFL JAJA SPECIAL M KAKAO VAN 200 g,90879826,SPECIAL MOMENTS,0.20 kg,ko,1,5,,1,1.5,3850334436894,HRANA
SALV NATUR PIK BIJ 30X30 1SL 100/1,90890309,NATUR,100.00 ko,ko,0.99,0.01,,0.99,0.99,3850334432193,PROIZVODI ZA KUĆANSTVO
NEG PIĆE BAZGA LIM JUICY FRUITS 1.5L,90890431,JUICY FRUITS,1.50 l,ko,1.69,1.13,,1.39,1.69,3858890978360,PIĆE
GAZ PIĆE SCHWEPPES PURPLE TONIC 1 L,90890633,SCHWEPPES,1.00 l,ko,1.79,1.79,,1.79,1.79,5449000338419,PIĆE
CORDON BLUE PILEĆI 600g CEKIN,02371683,CEKIN,0.60 kg,ko,9.29,15.48,,9.29,9.29,3850159141522,HRANA
ULJE MASLIN CRNI TARTUF 100ML,90039053,ZIGANTE,0.10 l,ko,9.99,99.9,,9.99,9.99,3859892291891,HRANA
GURMANSKA KOBASICA SVJEŽA 600g PIK,90053107,PIK VRBOVEC,0.60 kg,ko,,5.81,3.49,3.14,3.14,3850139441710,HRANA
ŠKAMP 6-9 KOM/KG FIORITAL,90067276,,1.00 kg,kg,43.69,43.69,,26.2,43.69,93856024301414,HRANA
GROŽĐICE  ŠAFRAM 200g,90097962,ŠAFRAM,0.20 kg,ko,1.29,6.45,,1.29,1.29,3859888163683,HRANA
ČAJ ZELENI LIMUN ĐUMBIR TEEKANNE 35g,90146199,TEEKANNE,0.04 kg,ko,1.99,56.86,,1.99,1.99,5901086002658,HRANA
NAPITAK KOKOS BADEM 1L ALPRO,90149151,ALPRO,1.00 l,ko,3.79,3.79,,3.79,3.79,5411188118732,HRANA
MARINIRANI SVINJSKI FILE PIK,90154859,PIK VRBOVEC,1.00 kg,kg,8.59,8.59,,5.94,8.49,3850139437768,HRANA
NJOKI SVJEŽI 1000G IL PASTAIO,90166285,PATARO,1.00 kg,ko,2.49,2.49,,2.49,2.49,8015057000325,HRANA
KEKS INTEGRALNI 330g MISURA,90188083,MISURA,0.33 kg,ko,3.12,9.45,,3.12,3.12,8002590043315,HRANA
VINO ADŽIĆ GRAŠEVINA HRNJEVAC 0.75L,90212615,ADŽIĆ,0.75 l,ko,18.75,25,,18.75,18.75,3859890469056,PIĆE
NAPOLIT LIMUN/LIMET 370g KOESTLIN,90240507,KOESTLIN,0.37 kg,ko,2.79,7.54,,1.79,1.79,3856014119934,HRANA
TUNA HLADNO DIMLJENA 100g MARKO,90241021,MARKO,0.10 kg,ko,7.69,76.9,,7.69,7.69,3859891289516,HRANA
PROIZ BILJ BAZ OKUS PARMEZ RIB 100g,90263987,GREEN VIE,0.10 kg,ko,1.66,16.6,,1.66,1.66,5292874000032,HRANA
LIKER ROGAČ PAŠKO 0.5L,90298173,PAŠKO LIKERI,0.50 l,ko,12.05,24.1,,12.05,12.05,3859891911417,PIĆE
SMJESA ZA PALAČINKE  BG 250G DR OETKER,90301205,DR OETKER,0.25 kg,ko,2.29,9.16,,2.29,2.29,5997381362290,HRANA
FINISH TABLETE ZA ČIŠĆ PERILICE 3kom,90303832,FINISH ADW,3.00 ko,ko,6.09,2.03,,6.09,6.09,5900627073003,SREDSTVA ZA ČIŠĆENJE
DALMATINSKA SUHA PEČENICA CCA 400g PIVAC,90306687,PIVAC,1.00 kg,kg,22.79,22.79,,22.79,22.79,3858884990842,HRANA
ČOKOLADA RUNOLIST 100g KRAŠ,90352780,KRAŠ,0.10 kg,ko,1.99,19.9,,1.99,1.99,3850102514830,HRANA
SLAD LINO LADA 90ml LEDO,90360675,LEDO,0.09 l,ko,1.99,22.11,,1.99,1.99,3850116007328,HRANA
BOJA CASTING CREME GLOSS 500 SREDNJE SMEĐA,90361745,LOREAL CASTING CREME GLOSS,1.00 ko,ko,7.99,7.99,,7.79,7.99,3600523612895,KOZMETIKA
KEKS FINESSE SOFT MUFFIN 175Gg,90369795,FINESSE,0.18 kg,ko,2.19,12.51,,2.19,2.19,3850334152022,HRANA
ČOKOLADA MILKA JAGODA CHEESECAKE 300g,90370102,MILKA,0.30 kg,ko,6.79,22.63,,3.99,3.99,7622210683724,HRANA
DN UL CAREFREE COTTON FRESH 56/1,90375304,CAREFREE,55.99 ko,ko,,0.05,2.67,3.35,3.35,3574661554877,TOALETNE POTREPŠTINE
BRANCIN OČIŠĆEN 350g KOM,90383010,KONZUM,0.35 kg,ko,3.7,10.57,,2.22,3.7,,HRANA
PASTRVA OČIŠĆENA MEDUZA,90402416,MEDUZA,1.00 kg,kg,4.79,4.79,,2.87,4.79,,HRANA
ČOKOL MILKA CREAM&BISCUI 100g,90402610,MILKA,0.10 kg,ko,2.49,24.9,,1.39,2.49,7622201125721,HRANA
GORSKI SIR 340g CASEUS,90404022,OPG CASEUS,0.34 kg,ko,5.79,17.03,,4.99,5.79,3857500021267,HRANA
ČAJ STOLISNIK 40G,90404288,SUBAN,0.04 kg,ko,2.65,66.25,,2.39,2.65,3858882912396,HRANA
TRLJA SVJ PAKIRANA KONZUM,90405107,,1.00 kg,kg,4.19,4.19,,2.51,4.19,,HRANA
PANCETA ISTARSKA 80g HISTRIS,90405216,HISTRIS,0.08 kg,ko,3.19,39.88,,3.19,3.19,3859893167249,HRANA
UMAK BASILICO MINUTE 400g,90406516,MINUTE,0.40 kg,ko,2.29,5.73,,1.79,2.29,3850334130518,HRANA
TORBA ZA KUPOVINU KONZUM MALA,90407618,K PLUS,1.00 ko,ko,0.66,0.66,,0.66,0.66,3850334129314,PROIZVODI ZA KUĆANSTVO
PLODOVI MORA UMAK MEDITER FROZY 500g,90423742,FROZY,0.50 kg,ko,4.49,8.98,,4.49,4.49,3858891044606,HRANA
KNEDLE S NUGATOM MINUTE 600g,90425432,MINUTE,0.60 kg,ko,2.99,4.98,,2.51,2.51,3850334234162,HRANA
VODA FUNKC JANA VIT ANTIOX 0.5L,90428070,JANA,0.50 l,ko,1.19,2.38,,1.19,1.19,3858890875638,PIĆE
SIRNI NAMAZ ORIGINAL 150g ZDENKA,90433050,ZDENKA,0.15 kg,ko,2.19,14.6,,2.19,2.19,3858888596965,HRANA
TEL REBRA DOMAĆA SK ,90453832,MARTINJAK,1.00 kg,kg,5.97,5.97,,5.97,5.97,,HRANA
MED CVJETNI 900g,90472809,SLOVA,0.90 kg,ko,6.49,7.21,,6.49,6.49,3838900986301,HRANA
PAPAR  CRVENI ZR 15g VEGETA MAESTRO,90484241,VEGETA MAESTRO,0.02 kg,ko,1.49,99.33,,1.49,1.49,3856020247041,HRANA
PLAVAC DONJA BANDA VRH 0.75L,90484963,PZ POSTUP,0.75 l,ko,11.95,15.93,,11.95,11.95,3859893014109,PIĆE
KREMA MIXA HYAL NOĆNA 50ml,90485672,MIXA,0.05 l,ko,7,140,,7,7,3600550950694,KOZMETIKA
ALU POSUDA+POKL F&P 920ml 4/1,90513610,FRESH&PACK,1.00 ko,ko,1.79,1.79,,1.79,1.79,3850334395856,PROIZVODI ZA KUĆANSTVO
KEFIR OD KOZJEG MLIJEKA 500g CAPRA,90514318,CAPRA DOMESTICA,0.50 kg,ko,2.85,5.7,,2.85,2.85,3859893605253,HRANA
ŠTAPIĆI ZA UŠI BIOR OLEA 300/1,90518243,OLEA,300.30 ko,ko,1.05,0,,1.05,1.05,8605002353226,TOALETNE POTREPŠTINE
SLAD GRČKI JOGURT 500ml,90703956,KRI KRI,0.50 l,ko,3.99,7.98,,3.99,3.99,5202234251387,HRANA
PIVO STAROPRAMEN 0.0% 0.5L LIM,90705043,STAROPRAMEN,0.50 l,ko,1.59,3.18,,1.59,1.59,8600105005010,PIĆE
KEKSI MINI MADELEINES LIMUN 175g,90705101,ST MICHEL,0.18 kg,ko,2.59,14.8,,2.59,2.59,3178530423662,HRANA
ČIPS LAY'S  MAXX PAPRIKA 120g,90706138,PEPSICO,0.12 kg,ko,2.19,18.25,,1.89,1.89,5900259128966,HRANA
VREĆA SMEĆE POWER FINO 160L 10/1,90706380,FINO,10.00 ko,ko,4.89,0.49,,3.91,3.91,5201314932048,PROIZVODI ZA KUĆANSTVO
KOBASICA KRANJSKA 300g,90706531,GAVRILOVIĆ,0.30 kg,ko,4.19,13.97,,3.29,4.19,3858892724910,HRANA
NAMAZ SMOK NAR KAK EKO 240g DIDA BOŽA,90707479,DIDA BOŽA,1.00 ko,ko,3.69,3.69,,2.58,3.69,3859893011955,HRANA
KAVA BEZ KOFEINA 250g LAVAZZA,90713081,LAVAZZA,0.25 kg,ko,10.19,40.76,,10.19,10.19,8000070010000,HRANA
BADEM MASLAC 310 g NUTZ,90713370,NUTZ,0.31 kg,ko,8.49,27.39,,8.49,8.49,3831027605773,HRANA
REZANCI ŠIR ZEL 400g SIMPLY PASTA,90725035,SIMPLY PASTA,0.40 kg,ko,1.59,3.98,,1.29,1.59,3850334045546,HRANA
GOF SVJ ŽUVELA,90729697,ŽUVELA,1.00 kg,kg,25.99,25.99,,15.58,25.99,,HRANA
RAJČICA DAT ŽUTA 400g ROSSOGARGANO,90730157,ROSSOGARGANO,0.40 kg,ko,2.99,7.48,,2.99,2.99,8033837720713,HRANA
SNACK SPICY HUMMUS 130 g RIBELLA,90730842,RIBELLA,0.13 kg,ko,1.99,15.3,,1.99,1.99,8606011896643,HRANA
JUHA GOV NOODLES MINUTE 4X70g,90730960,MINUTE,0.28 kg,ko,,4.25,1.19,1.69,1.69,3850334070463,HRANA
PAPRIKE PUNJ KAJMAK 150/250g VERONIKA,90731065,VERONIKA,0.15 kg,ko,6.09,40.6,,6.09,6.09,3859889622691,HRANA
KOBASICA ISTARSKA MINI CLASSIC 100g,90732197,PISINIUM,0.10 kg,ko,4.59,45.9,,4.59,4.59,3858894291441,HRANA
DET TEKUĆI I OMEKŠIVAČ BECUTAN 2U1 1L,90733342,BECUTAN,1.00 l,ko,,5.26,5.26,6.59,6.59,5310001235475,SREDSTVA ZA ČIŠĆENJE
TUBA FRULLÀ BIO JAB/BRESK 100g,90734710,FRULLA,0.10 kg,ko,0.89,8.9,,0.89,0.89,8024985011044,HRANA
MUESLI CRUNCHY 4NUTS/HONEY 300 g,90739713,DOBRA,0.30 kg,ko,3.99,13.3,,3.99,3.99,8595054907907,HRANA
KAKAO PRAH SWEET CHEF 250g,90745457,SWEET CHEF,0.25 kg,ko,4.99,19.96,,3.99,4.99,3850334055149,HRANA
KOKOT PARANGAL ŽUVELA,90745697,ŽUVELA,1.00 kg,kg,16.79,16.79,,10.07,16.79,,HRANA
VREĆA SMEĆE MIRIS 50L 15/1 OPTILINE,90749890,OPTIPLAST,15.00 ko,ko,2.15,0.14,,2.15,2.15,3858891882192,PROIZVODI ZA KUĆANSTVO
VREĆA SMEĆE EXTRA JAKE 60 l 15/1 ALUFIX,90754953,ALUFIX,15.00 ko,ko,3.49,0.23,,2.62,3.49,4823071657913,PROIZVODI ZA KUĆANSTVO
SLAD QUATTRO COLORI ČOKOLADA 1500 ml,90764723,QUATTRO,1.50 l,ko,5.99,3.99,,5.99,5.99,3850116064352,HRANA
HUMMUS CIKLA 180g GURU,90764828,RIBELLA,0.18 kg,ko,2.25,12.5,,2.25,2.25,8606011896230,HRANA
GRAŠAK 3X200/3X130g BONDUELLE,90765300,BONDUELLE,0.39 kg,ko,3.69,9.46,,2.58,3.69,3083681168594,HRANA
SLAD RAFFAELLO 4x70 ml,90769699,RAFFAELLO,0.19 l,ko,8.29,44.1,,8.29,8.29,8000500363492,HRANA
ČOKOLADA RITTER EXTRA TAMNA 70% KAKAO 100 g,90769969,RITTER SPORT,0.10 kg,ko,1.79,17.9,,1.79,1.79,4000417960009,HRANA
BOMBON RICOLA ORGINAL BILJ VR 75 g,90770183,RICOLA,0.08 kg,ko,2.69,35.87,,2.69,2.69,7610700945087,HRANA
VAFL LOACKER TORTINA TRIPLE CHOCO 126 g,90770231,LOACKER,0.13 kg,ko,4.39,34.84,,4.39,4.39,8000380192151,HRANA
KULEN PREMIUM NAREZAK 80g PIVAC,90770490,PIVAC,0.08 kg,ko,2.69,33.63,,2.69,2.69,3858884998251,HRANA
ŠVICARSKA JUHA 49g MAGGI,90770633,MAGGI,0.05 kg,ko,1.39,28.37,,1.39,1.39,8445291095946,HRANA
LEĆA BIJELA 400/240 g GUSTO SANO,90774851,GUSTO SANO,0.24 kg,ko,1.19,4.96,,1.19,1.19,8057733190036,HRANA
GEL TUŠ DOVE W HYDRATE 250 ml,90775038,DOVE,0.25 l,ko,,10.76,2.69,2.99,2.99,8720181466489,KOZMETIKA
BRAŠNO K PLUS PIROVO INTEGRALNO 1kg,90789894,K PLUS,1.00 kg,ko,1.69,1.69,,1.69,1.69,3850334110756,HRANA
PINJOLI BIO 150 g NUTRIGOLD,90825216,NUTRIGOLD,0.15 kg,ko,5.99,39.93,,4.79,5.99,3858891976105,HRANA
TIJESTO ŠURLE SPECIAL MOMENTS 500g,90825342,SPECIAL MOMENTS,0.50 kg,ko,2.49,4.98,,2.49,2.49,3850334431103,HRANA
PJENA ZA KUPANJE HIPP PATK 250 ml,90839909,HIPP,0.25 l,ko,4.99,19.96,,4.99,4.99,42241287,KOZMETIKA
KOMPOT MARELICA 420G/240 g DEL MONTE,90850331,DEL MONTE,0.24 kg,ko,2.29,9.54,,2.29,2.29,024000181453,HRANA
KIKIRIKI JEZGRA PRŽ NESL VEDRIN 400g,90850464,VEDRINI,0.20 kg,ko,2.39,11.95,,2.39,2.39,3858889333712,HRANA
TUNJ OCEAN KOM RAJČICA 160 g/112 g,90869919,OCEAN,0.11 kg,ko,1.89,16.87,,1.89,1.89,3850334114426,HRANA
GIN FINSBURY LONDON DRY 0.7L,90874941,FINSBURY,0.70 l,ko,13.99,19.99,,13.99,13.99,4062400111218,PIĆE
SALV PALOMA U RABBIT 33X33 3SL 20/1,90885049,PALOMA,1.00 ko,ko,1.69,1.69,,1.35,2.29,3838952035927,PROIZVODI ZA KUĆANSTVO
SALV NATUR PREM CRV 33X33 3SL 30/1,90894727,NATUR,30.00 ko,ko,0.99,0.03,,0.99,0.99,3850334432117,PROIZVODI ZA KUĆANSTVO
AVOKADO KOM,01410080,,0.20 kg,ko,1.19,5.95,,0.79,1.19,2011171540101,HRANA
BOMBON MR TWISTER VOĆNE KARAMELE 250g,90745535,MR TWISTER,0.25 kg,ko,1.49,5.96,,1.49,1.49,3850334045690,HRANA
ŠTRUDLICE PREKRAŠNI SMOKVA 200g,90789860,PREKRAŠNI ŠTRUDLICE,0.20 kg,ko,1.99,9.95,,1.39,1.39,3850102012794,HRANA
MAKARONI ŠUNKA SIR 400G COME A CASA,90794925,COME A CASA,0.40 kg,ko,2.99,7.48,,2.99,2.99,5900741604787,HRANA
SIR POLUT MIJEŠANI IZ MIŠINE cca 350 g,90799772,IPAK,1.00 kg,kg,29.99,29.99,,29.99,29.99,,HRANA
BURGER SENSATION GARDEN GOURMET 300 g,90799848,GARDEN GOURMET,0.30 kg,ko,5.49,18.28,,5.49,5.49,7613287514936,HRANA
KREMA MELEM 35 ml+BALZAM 4.5 g,90800380,MELEM,1.00 ko,ko,5.89,5.89,,5.89,5.89,3856007912177,KOZMETIKA
JUHA PIL NOODLES XXL10X70g INDOMIE,90810789,INDOMIE,0.70 kg,ko,2.89,4.13,,0.5,0.5,8606108584620,HRANA
KOZICA 60/80 SVJ UV MEDUZA,02195464,MEDUZA,1.00 kg,kg,13.55,13.55,,8.12,13.55,,HRANA
BRANCIN LL SVJ CROMARIS,02197666,CROMARIS,1.00 kg,kg,10.45,10.45,,6.27,10.45,3859891926558,HRANA
LOKARDA SVJ PAK KONZUM,02199529,,1.00 kg,kg,3.99,3.99,,2.39,3.99,,HRANA
ĆEVAPČIĆI JUNEĆI,02403726,KONZUM,1.00 kg,kg,9.3,9.3,,6.51,9.3,,HRANA
JANJEĆI TRUP DOMAĆI,02470166,PIK VRBOVEC,1.00 kg,kg,19.79,19.79,,7.69,19.79,3850139510157,HRANA
VINO PELJEŠAC 0.75L KV PZ I VIN DING,03023749,PZ I VIN DINGAČ,0.75 l,ko,6.29,8.39,,6.29,6.29,3859888108035,PIĆE
LIKER VIŠNJEVAČA 1L MARASKA,03070481,MARASKA,1.00 l,ko,13.05,13.05,,10.43,10.43,3850158401085,PIĆE
RUM RON ZACAPA 23YO 0.7L,03071142,ZACAPA,0.70 l,ko,59.39,84.84,,59.39,59.39,7406341000052,PIĆE
OCAT BALZAMSKI 0.5L MONARI,03120063,MONARI FEDERZONI,0.50 kg,ko,2.99,5.98,,2.99,2.99,8003185000010,HRANA
GAZ PIĆE COCA COLA ZERO 1L,03160280,COCA COLA,1.00 l,ko,1.49,1.49,,1.29,1.49,5449000133328,PIĆE
GAZ PIĆE COCA COLA 1L,03160839,COCA COLA,1.00 l,ko,1.49,1.49,,1.29,1.49,5449000054227,PIĆE
GAZ PIĆE FANTA NARANČA 0.5L,03163494,FANTA,0.50 l,ko,1.15,2.3,,1.15,1.15,5449000322142,PIĆE
TIJESTO PAPPARDEL EMIL 176 LC 250g B,04020125,BARILLA,0.25 kg,ko,2.5,10,,2.5,2.5,8076809514774,HRANA
MUESLI ZOBENE 500g KOLLN,04038846,KOLLN,0.50 kg,ko,2.99,5.98,,2.99,2.99,4000540080100,HRANA
TIJESTO FIDELINI GNIJE JAJ  250g ZL POLJE,04050026,ZLATO POLJE,0.25 kg,ko,1.99,7.96,,0.99,0.99,3838700011432,HRANA
KAVA ESPRESSO 250g VAC MLJEV FRANCK,04070887,FRANCK,0.25 kg,ko,7.89,31.56,,7.89,7.89,3858881080119,HRANA
BOMBON ICE FRESH 125g 3096,04190208,ICE FRESH,0.13 kg,ko,1.45,11.6,,1.45,1.45,4014400903096,HRANA
ŽV GUMA AIRW BLACK MINT WRIG 14g,04201260,WRIGLEY,0.01 kg,ko,0.99,70.71,,0.99,0.99,42101925,HRANA
ŽV GUMA ORBIT SWEET MINT 14g,04207050,WRIGLEY,0.01 kg,ko,0.99,70.71,,0.99,0.99,50173808,HRANA
ČOKOLADA TAMNA 85% 100g VIVANI,04212116,VIVANI,0.10 kg,ko,3.18,31.8,,3.18,3.18,4044889000054,HRANA
ČOKOL DORINA LEDENA 100g,04212302,DORINA,0.10 kg,ko,1.79,17.9,,1.45,1.45,3850102117215,HRANA
DESERT CORNY BIG BANANA 50g,04221369,SCHWARTAU,0.05 kg,ko,1.19,23.8,,1.19,1.19,4011800584511,HRANA
TIJESTO CAPELLINI 1 500g BARILLA,04410285,BARILLA,0.50 kg,ko,2.09,4.18,,2.09,2.09,8076800195019,HRANA
HIG UL LOLA LADY SPEC 10/1,06501367,LOLA LADY,10.00 ko,ko,2.15,0.22,,2.15,2.15,3858881100060,TOALETNE POTREPŠTINE
GEL TUŠ PALM OS MLIJ I PRO 250ml 290,06520411,PALMOLIVE,0.25 l,ko,2.99,11.96,,1.49,2.99,5996175232290,KOZMETIKA
BOJA ZA KOSU L'OREAL EXCELLENCE 7.1,06546879,LOREAL EXCELLANCE,1.00 ko,ko,,6.69,6.69,8.59,8.99,3600523724864,KOZMETIKA
LOSION NIV SUN F50+ 200ML,06592242,NIVEA,0.20 l,ko,,69.9,13.98,19.99,19.99,4005808430208,KOZMETIKA
KREMA LOREAL REVITALIFT NOĆNA 50ML,06596044,LOREAL,0.05 l,ko,14.49,289.8,,14.49,14.49,3600520160771,KOZMETIKA
TIJESTO ORECCHIETTE 91 500g DE CECCO,90704722,DE CECCO,0.50 kg,ko,2.79,5.58,,2.79,2.79,8001250120915,HRANA
DESERT CORNY PROTEIN VANILIJA 50g,90704781,SCHWARTAU,0.05 kg,ko,1.89,37.8,,1.89,1.89,4011800295417,HRANA
SIR TVRDI OVČJI 150g,90705258,INTERLAT,0.15 kg,ko,3.99,26.6,,2.99,3.99,8427298009553,HRANA
ČOKOLINO DARK 350g PODRAVKA,90707748,LINO,0.35 kg,ko,5.59,15.97,,5.59,5.59,3856020262815,HRANA
ZP PLID HERBAL 125ml,90725244,PLIDENTA,0.13 l,ko,2.69,21.52,,1.87,2.69,3856007910791,KOZMETIKA
GOF SVJ TOTAL FISH,90729729,MEDUZA,1.00 kg,kg,25.69,25.69,,15.4,25.69,,HRANA
BOMBONI EUKA MENTOL LIMUN 150g,90729916,EUKA MENTHOL,0.15 kg,ko,1.35,9,,1.35,1.35,5900353505663,HRANA
SIR TVRDI SNACK MR TRUFFLE 100g,90731671,PAŠKA SIRANA,0.10 kg,ko,3.99,39.9,,3.99,3.99,3859893713064,HRANA
ČOKOLADA DORINA EXTRA MILK BNG 220g,90732019,DORINA,0.22 kg,ko,2,9.09,,2,2,3850102008599,HRANA
SAPUN OLEA  ALOE VERA 100 g,90745917,OLEA,0.10 kg,ko,0.59,5.9,,0.59,0.59,3850334071200,KOZMETIKA
BOMBON HARIBO BUNNY&FRIENDS 90 g,90750438,HARIBO,0.09 kg,ko,0.5,5.56,,0.5,1,5996379820705,HRANA
NAMAZ POVRTNI OKUS PIK KOK 95g ARGETA,90750790,ARGETA,0.10 kg,ko,1.89,19.89,,1.39,1.89,3838471051682,HRANA
SCHOKINO OBLAK 485g DR OETKER,90770744,DR OETKER,0.49 kg,ko,3.85,7.94,,3.85,3.85,4000521009113,HRANA
INDIA RAŽNJIĆI FILEA ZABATKA,90775721,CEKIN,1.00 kg,kg,11.49,11.49,,11.49,11.49,3850159150203,HRANA
SMAC EXPRESS ODMAŠČ LAVANDA 650 ml,90785167,SMAC,0.65 l,ko,3,4.62,,3,3,8003650026545,SREDSTVA ZA ČIŠĆENJE
LOKARDA FILETI U BILJ ULJU 110g/77g ADRIA MARE,90804819,ADRIA MARE,0.08 kg,ko,1.69,21.95,,1.69,1.69,3850334428370,HRANA
KIKIRIKI SUHO PRŽ SL DIM PAP 130g MOGYI,90809914,MOGYI,0.13 kg,ko,1.39,10.69,,1.04,1.39,5997347539995,HRANA
PROTEIN BAR ZOE SACHER CAKE 50 g,90809998,ZOE,0.05 kg,ko,2.99,59.8,,2.99,2.99,3856026709710,HRANA
KESTEN ROLADA 250 g SANA,90825793,SANA,0.40 kg,ko,2.5,6.25,,5.99,5.99,3858892322796,HRANA
SANITAR FLASH POWER 750 ml,90825970,SANITAR,0.75 l,ko,2.15,2.87,,1.89,2.15,3850111505690,SREDSTVA ZA ČIŠĆENJE
JUHA SLANUTAK HIGH PROTEIN 30 g BETTR,90826186,BETT R,0.03 kg,ko,1.49,49.67,,1.49,1.49,3800233782769,HRANA
TARALLI DULCETTI ONION  300 g,90851037,DULCETTI,0.30 kg,ko,,4.97,1.49,1.79,1.79,3850334431288,HRANA
KRPA VLAŽNA SUPER STRONG FINO 2/1,90869871,FINO,2.00 ko,ko,1.69,0.85,,1.69,1.69,5201314913115,PROIZVODI ZA KUĆANSTVO
ČAJ BRUSNICA MAXI 40/1 104 g FRANCK,90869875,FRANCK,0.10 kg,ko,3.79,36.44,,3.79,3.79,3850291055404,HRANA
MARAM VL ASEPSOLETA KIDS 20/1,90880009,ASEPSOLETA,20.00 ko,ko,1.89,0.09,,1.89,1.89,3856007912658,KOZMETIKA
SLADOLED CDO MALINA SPRITZ 825 ml,90886357,UNILEVER,0.83 l,ko,7.39,8.96,,5.99,7.39,8711327677494,HRANA
PINJOLI VEDRINI 100g,90377896,VEDRINI,0.10 kg,ko,4.69,46.9,,4.69,4.69,3858889332173,HRANA
MJEŠ ZA WAFFLE 210g DR.OETKER,90377978,DR OETKER,0.21 kg,ko,2.19,10.43,,2.19,2.19,5997381374378,HRANA
BOMBONJERA MERCI MOUSSE 210g,90381921,MERCI,0.21 kg,ko,7.99,38.05,,7.99,7.99,4014400923735,HRANA
DET LIKVI ULTRA FRESH 1.35L,90381938,LIKVI,1.35 l,ko,3.49,2.59,,3.49,3.49,3850105170330,SREDSTVA ZA ČIŠĆENJE
KOLAČI MIKS 400g K PLUS,90385617,K PLUS,0.40 kg,ko,4.25,10.63,,4.25,4.25,3850334189585,HRANA
BUĐOLA GASTRO DOBRO,90391130,DOBRO,1.00 kg,kg,22.99,22.99,,15.89,15.89,3850133800933,HRANA
PROTEIN MICELLAR CASEIN CHOCO 30g,90400477,POLLEO,0.03 kg,ko,1.99,66.33,,1.99,1.99,3858892294031,HRANA
DET PUR ALOE VERA 1.2L,90402974,PUR,1.20 l,ko,4.79,3.99,,4.79,4.79,9000101386080,SREDSTVA ZA ČIŠĆENJE
SENDVIČ MINUTE TUNA TROKUT 150G,90404745,MINUTE,0.15 kg,ko,2.49,16.6,,2.49,2.49,3850334131966,HRANA
SAPUN TEK LABPRO DEZ 500ml,90406520,LABPRO,0.50 l,ko,3.09,6.18,,3.09,3.09,3850111755156,KOZMETIKA
KISELO VRHNJE MILERAM 22% 400g DUKAT,90410318,BRZO&FINO,0.40 kg,ko,2.39,5.98,,2.39,2.39,3850354009900,HRANA
KAVA LEDENA MINUTE CAPPUCCINO 250ml,90410593,MINUTE,0.25 l,ko,1.09,4.36,,1.09,1.09,3850334586650,HRANA
KOMPOT ANANAS KOM 560g DEL MONTE,90438055,DEL MONTE,0.56 kg,ko,3.49,6.23,,2.79,3.49,024000001645,HRANA
GEL ZA TUŠ NIVEA CREME ALOE 750ml,90478497,NIVEA,0.75 l,ko,,5.53,4.15,4.99,8.29,4005900648181,KOZMETIKA
CAPP BARCAFFE CHOCO 144g KUT,90494605,BARCAFFE,0.14 kg,ko,3.99,27.71,,3.99,3.99,3838471042796,HRANA
VINO GRAŠEVINA TERRA VINEA 1L,90528180,TERRA VINEA,1.00 l,ko,3.49,3.49,,3.49,3.49,3850334519603,PIĆE
DEO MADELENE MYSTIC 75ml,90598962,MADLENE,0.08 l,ko,1.99,26.53,,1.99,1.99,5997001715123,KOZMETIKA
TOMI MM PILETINA/RAJČICA 100g,90608011,TOMI,0.10 kg,ko,0.99,9.9,,0.99,0.99,4003024490884,PROIZVODI ZA KUĆANSTVO
LOSION ULJNI L'ANGEL ARGAN 250ml,90669815,L ANGELICA,0.25 l,ko,4.25,17,,4.25,4.25,8017331082928,KOZMETIKA
NAPITAK ISO SPORT NARANČA LIMUN GAZ. 0.5L,90673714,ISO SPORT,0.50 l,ko,1.25,2.5,,1.25,1.25,3850108078473,PIĆE
LOSOS HLADNO DIMLJ 100g FOOD WITH YOU,90447922,FOOD WITH YOU,0.10 kg,ko,4.64,46.4,,3.49,4.64,5711865703696,HRANA
SALATA FRANCUSKA 220g ZVIJEZDA,90453074,ZVIJEZDA,0.22 kg,ko,2.39,10.86,,2.39,2.39,3856015321787,HRANA
ARF WC PERIN POWER 700ml,90468159,ARF,0.70 l,ko,2.69,3.84,,1.99,2.69,3850105175014,SREDSTVA ZA ČIŠĆENJE
KEKS PLAZMA KOCKA BIJELA ČOKOLADA 130g,90473031,BAMBI,0.13 kg,ko,2.35,18.08,,2.35,2.35,8600043029567,HRANA
PIVO PORTER 0.33L ANGELUŠ,90477995,ANGELUŠ,0.33 l,ko,1.99,6.03,,1.99,1.99,3857500070739,PIĆE
ČAJ LEDENI ARIZONA BOROVNICA 0.45L,90484332,ARIZONA,0.45 l,ko,1.55,3.44,,1.55,1.55,0613008753382,PIĆE
PROSECCO CIVA ROSE MILL BRUT 0.75l,90486529,CIVA,0.75 l,ko,12.05,16.07,,12.05,12.05,8058333065861,PIĆE
ČOK TAMNA SELECTION NARANČA 100g KRAŠ,90486657,KRAŠ SELECTION,0.10 kg,ko,3.65,36.5,,3.65,3.65,3850102521326,HRANA
PERMETAL STAKLOKER I INDUKC PLOCE 650ml,90487404,PERMETAL,0.65 l,ko,4.75,7.31,,4.19,4.75,3850111755293,SREDSTVA ZA ČIŠĆENJE
TRLJA OD KAMENA TOTAL FISH,90488255,TOTAL,1.00 kg,kg,7.29,7.29,,4.37,7.29,,HRANA
RUM HAVANA CLUB 0.7L 3 YO,90498211,HAVANA,0.70 l,ko,16.55,23.64,,16.55,16.55,8501110088831,PIĆE
KAVA LEDENA CAFEMIO ESPRESSO 250ml,90513306,CAFEMIO,0.25 l,ko,1.85,7.4,,1.85,1.85,9008700163118,HRANA
PIVO 5TH ELEMENT IPA 0.5L LIM,90513929,5TH ELEMENT,0.50 l,ko,2.45,4.9,,1.75,2.45,3859892222345,PIĆE
PROTEINSKI NAPITAK JAGODA 0.5L VIN,90513957,Z BREGOV,0.50 l,ko,,3.98,1.99,2.55,2.55,3850108023725,HRANA
TIJESTO SVJ ZA PIZZU AMERICAN 380g MINUTE,90518330,MINUTE,0.38 kg,ko,1.65,4.34,,1.65,1.65,3850334412003,HRANA
KIKIRIKI GARD GOOD PEČ NESLANI 500g,90518726,GARDEN GOOD,0.50 kg,ko,2.69,5.38,,1.99,2.69,3838900802519,HRANA
NAPITAK BADEM NEPRŽ 1L DAR,90528249,DAR,1.00 l,ko,2.99,2.99,,2.99,2.99,3850108028003,HRANA
DET JAR TEATREE 2X1.35L PROMO,90572034,JAR HDW,2.70 l,ko,6.49,2.4,,6.49,6.49,8006540463635,SREDSTVA ZA ČIŠĆENJE
ČETKICA EL ORAL B PRO 3 SENSITIVE,90572116,ORAL B,1.00 ko,ko,87.59,87.59,,87.59,87.59,4210201291237,KOZMETIKA
SIR POLUTVRDI TRAPIST PRESIDENT,90573771,PRESIDENT,1.00 kg,kg,13,13,,13,13,3850355007462,HRANA
SIR POLUTVRDI TILZIT 150g DUKAT,90573853,PRESIDENT,0.15 kg,ko,3.19,21.27,,3.19,3.19,3850355007141,HRANA
BOJA COMPLETE COL B91 SREB PEPELJ,90599182,ANNYER,1.00 ko,ko,3.99,3.99,,3.99,3.99,3850177000986,KOZMETIKA
VISKI JAMESON CASKMATES IPA 0.7L,90599240,JAMESON,0.70 l,ko,28.05,40.07,,28.05,28.05,5011007025960,PIĆE
JUHA POV. NOODLES 5x75g FINI MINI ,90599289,FINI MINI,0.38 kg,ko,2.69,7.17,,2.69,2.69,3856020258368,HRANA
PEDIGREE JUMBONE MAXI GOV/PERAD 180g,90599436,PEDIGREE,0.18 kg,ko,2.19,12.17,,2.19,2.19,5998749140017,PROIZVODI ZA KUĆANSTVO
TJEST SPAGHETTINI INTEGR 500g BARILLA,90599483,BARILLA,0.50 kg,ko,3.15,6.3,,3.15,3.15,8076809583275,HRANA
PROSECCO FREIXENET EDRY 0.75L,90599555,FREIXENET,0.75 l,ko,14.99,19.99,,14.99,14.99,8410036806422,PIĆE
VREĆA ZA SMEĆE FINO HD 10L 50/1 ,90603250,FINO,50.00 ko,ko,1.49,0.03,,1.19,1.19,5201314413943,PROIZVODI ZA KUĆANSTVO
TOMI MM PURETINA/ŠPINAT 100g,90607992,TOMI,0.10 kg,ko,0.99,9.9,,0.99,0.99,4003024490877,PROIZVODI ZA KUĆANSTVO
ARF KUPAONICA PROF 600ML,90642695,ARF,0.60 l,ko,3.29,5.48,,2.59,2.59,3850105181374,SREDSTVA ZA ČIŠĆENJE
NAPITAK ENERGY SUPPORT LIMUN 0.75L,90649089,POLLEO,0.75 l,ko,1.85,2.47,,1.85,1.85,3856026802213,PIĆE
PRAŠK. NAPITAK MOJ DAN LIMUN 200g,90662974,MOJ DAN,0.20 kg,ko,1.45,7.25,,1.45,1.45,8605028604623,PIĆE
ČIPS HRUSTY TUBA PAPRIKA100 g,90887120,HRUSTY,0.10 kg,ko,1.49,14.9,,1.49,1.49,3838900821008,HRANA
ULJE OLIVAL SUPER COCO GLOW 100 ml,90887204,OLIVAL,0.10 l,ko,,63.8,6.38,7.99,7.99,3858892696231,KOZMETIKA
MAGLICA BIOBAZA ROYAL 250 ml,90887255,BIOBAZA,0.25 l,ko,,21.16,5.29,7.49,7.49,3856020917371,KOZMETIKA
KVIKI GRIC VRHNJE I LUK 50G PODRAVKA,90887388,KVIKI,0.05 kg,ko,0.89,17.8,,0.89,0.89,3856020276607,HRANA
VAFL LOACKER CHOCOLA DARK CHO 118 g,90887398,LOACKER,0.12 kg,ko,2.19,18.56,,2.19,2.19,8000380214914,HRANA
NAPITAK MONSTER ULTRA STRAWB 0.5 L,90889894,MONSTER,0.50 l,ko,1.95,3.9,,1.95,1.95,5056784900734,PIĆE
SOK ANTI STRESS 330 ml JUICEFAST,90890203,JUICEFAST,0.33 l,ko,2.99,9.06,,2.99,2.99,3859894234599,PIĆE
MIRIN-FU 125 ml KIKKOMAN,90890392,KIKKOMAN,0.13 l,ko,2.39,19.12,,2.39,2.39,8715035644007,HRANA
PROT PUD ŠLAG ČOK ACTIVE ZONE 4X115g,90900123,ACTIVE ZONE,0.46 kg,ko,2.49,5.41,,2.49,2.49,3838900836804,HRANA
MALIDŽANO DOMAĆI BLAGI 550 g MAMAS,90900144,MAMA'S,0.55 kg,ko,2.19,3.98,,2.19,2.19,5319990748164,HRANA
SUNCOKRET PRŽENI 60g MOGYI,01310865,MOGYI,0.06 kg,ko,0.61,10.17,,0.46,0.61,5997347555674,HRANA
KOMPOT MARELICE POLOVICE 825/480g,01470457,MIKADO,0.48 kg,ko,3.29,6.85,,3.29,3.29,4007415005602,HRANA
PAPRIKA PEČENA 400g PODRAVKA,01512639,PODRAVKA,0.40 kg,ko,3.99,9.98,,3.99,3.99,3850104209291,HRANA
KRASTAVAC DELIKATES 170g ZVIJEZDA,01520103,ZVIJEZDA,0.17 kg,ko,2.69,15.82,,2.69,2.69,3858882216005,HRANA
RAJČICA PASIRANA 500g PODRAVKA,01570044,PODRAVKA,0.50 kg,ko,,1.98,0.99,0.99,1.09,3850104073656,HRANA
RAJČICA PELAT 800g MUTTI,01570908,MUTTI,0.52 kg,ko,2.52,4.85,,2.52,2.52,8005110050008,HRANA
KITTY MM LOS 100g  ALU,01640555,KITTY,0.10 kg,ko,0.49,4.9,,0.39,0.49,3850334028426,PROIZVODI ZA KUĆANSTVO
PEDIGREE DENTASTIX MALI 47g,01641115,PEDIGREE,0.05 kg,ko,1.19,25.32,,0.95,1.19,5998749106877,PROIZVODI ZA KUĆANSTVO
PEDIGREE MP GOVEDINA 100G VR,01642172,PEDIGREE,0.10 kg,ko,0.89,8.9,,0.69,0.89,5900951017261,PROIZVODI ZA KUĆANSTVO
PANONA SALAMA NAR 100g MA PIK VRBOVE,02024485,PIK VRBOVEC,0.10 kg,ko,2.99,29.9,,2.19,2.19,3850139010855,HRANA
ŠUNKA K PLUS U OVITKU,02030062,K PLUS,1.00 kg,kg,8.15,8.15,,5.79,8.15,3850139170740,HRANA
SIR TOPLJ DIMLJENI VELDHUYZEN,02053638,VELDHUYZEN,1.00 kg,kg,13.99,13.99,,13.99,13.99,3850334172488,HRANA
ZDENKA CLASSIC 280g,02100263,ZDENKA,0.28 kg,ko,3.79,13.54,,3.79,3.79,3858888590802,HRANA
SIR MEKI CAMEMBERT PRES 250g DUKAT,02102553,PRESIDENT,0.25 kg,ko,4.79,19.16,,4.79,4.79,3228020481426,HRANA
DORUČAK MESNI 150g GAVRILOVIĆ,02165970,GAVRILOVIĆ,0.15 kg,ko,2.15,14.33,,1.69,2.15,3858881220010,HRANA
GRAH S KOBASICOM 400g PODRAVKA,02166109,PODRAVKA,0.40 kg,ko,3.69,9.23,,2.92,3.69,3850104035739,HRANA
PAŠTETA ČAJNA 100g GAVRILOVIĆ,02166179,GAVRILOVIĆ,0.10 kg,ko,,11.5,1.15,1.15,1.55,3858881221529,HRANA
ŠKAMP 11/15 SVJ MEDUZA,02192981,,1.00 kg,kg,37.69,37.69,,22.6,37.69,,HRANA
LIST I SVJ JADRANSKI FIORITAL,02197800,FIORITAL,1.00 kg,kg,24.99,24.99,,14.98,24.99,93856024300868,HRANA
ŠARAN SVJ REZ RIBNJAK,02197818,RIBNJAK,1.00 kg,kg,,8.19,8.19,4.91,8.19,,HRANA
SV PRSNI VRŠCI  ,02402402,PIK VRBOVEC,1.00 kg,kg,3.95,3.95,,3.95,3.95,3850139280128,HRANA
TEL VRAT SK  VAKLM,02414320,,1.00 kg,kg,9.59,9.59,,7.49,9.59,3850139543230,HRANA
PILE ROSTER POD SVJ KOKA,02434409,CEKIN,1.00 kg,kg,3.31,3.31,,3.18,3.18,3850159113123,HRANA
VINO ROSE 1L KK BADEL 1862,03010006,VIN BENKOVAC,1.00 l,ko,6.49,6.49,,6.49,6.49,3850112163479,PIĆE
STOCK 0.7L 38%+2 ČAŠE,03075789,STOCK,0.70 l,ko,19.45,27.79,,19.45,19.45,8000440600022,PIĆE
VISKI CHIVAS REGAL 18YO 0.7L 40%,03080377,CHIVAS REGAL,0.70 l,ko,75.05,107.21,,75.05,75.05,5000299225004,PIĆE
NEGAZ PIĆE JUICY FRUITS LIMUNADA 1.5L,03141833,JUICY FRUITS,1.50 l,ko,1.69,1.13,,1.39,1.69,3858890975185,PIĆE
NAPITAK SOJA ČOK 250ml ALPRO,03150004,ALPRO,0.25 l,ko,1.69,6.76,,1.69,1.69,5411188082637,HRANA
GAZ PIĆE COCA COLA ZERO 2L,03160278,COCA COLA,2.00 l,ko,2.29,1.15,,2.29,2.29,5449000131843,PIĆE
GAZ PIĆE COCA COLA 1.5L,03160286,COCA COLA,1.50 l,ko,1.89,1.26,,1.89,1.89,5449000000439,PIĆE
NAPITAK RED BULL SUGARFREE 0.25L,03161437,RED BULL,0.25 l,ko,1.69,6.76,,1.19,1.19,90162800,PIĆE
MIN VODA JAMNICA 0.75L GAZ NB,03185035,JAMNICA,0.75 l,ko,1.39,1.85,,1.39,1.39,3859888152663,PIĆE
PALENTA ZL POLJE 450g,04030610,ZLATO POLJE,0.45 kg,ko,1.29,2.87,,1.29,1.29,3838700540147,HRANA
TIJESTO FETTUCCINE 205 500g ZARA,04050727,PASTA ZARA,0.50 kg,ko,1.99,3.98,,1.99,1.99,8004350131058,HRANA
MAKARON BOLOGNESE 160g PODRAVKA,04050901,TALIANETTE,0.16 kg,ko,2.49,15.56,,1.59,2.49,3850104230950,HRANA
TIJESTO REZANCI ŠIR JAJ MRK 400g KOL,04051254,KOLEDA,0.40 kg,ko,2.25,5.63,,1.59,2.25,3859888433144,HRANA
RIŽA CRNA 500g GALLO,04061583,RISO GALLO,0.50 kg,ko,3.49,6.98,,2.79,3.49,8001420002782,HRANA
VANILIJA ŠTAPIĆ 3g NADALINA LUXOR,04100192,NADALINA,0.00 kg,ko,5.31,1770,,5.31,5.31,3858881583108,HRANA
CURRY 50g BOČ KOTANYI,04100213,KOTANYI,0.05 kg,ko,3.19,63.8,,3.19,3.19,9001414040119,HRANA
KEKS CH MOUNTAIN 150g GREISSON,04140430,GRIESSON,0.15 kg,ko,2.35,15.67,,2.35,2.35,4001518116999,HRANA
VAFL JADRO 430g,04151051,JADRO,0.43 kg,ko,3.19,7.42,,2.39,2.39,3850102522545,HRANA
PRELJEV ZA TORTE CRV 36g 3X12g DR OE,04181000,DR OETKER,0.04 kg,ko,2.29,63.61,,2.29,2.29,5997381324151,HRANA
ŠLAG PJENA HIT 42G 3+1GRAT DOLCELA,04183300,DOLCELA,0.13 kg,ko,3.3,26.19,,2.55,2.55,3850104218606,HRANA
ŠLAG PJENA MLIJEKO 36g 3+1GRAT DOLC,04183301,DOLCELA,0.11 kg,ko,3.3,30.56,,2.55,2.55,3850104218613,HRANA
SIR TOP TROK PLAVA ZDENKA 140g,02103198,ZDENKA,0.14 kg,ko,2.25,16.07,,1.79,2.25,3858888590093,HRANA
RAGU BOLOGNESE 200g PODRAVKA,02160359,PODRAVKA,0.20 kg,ko,2.49,12.45,,2.49,2.49,3850104022401,HRANA
KAMENICE (STONSKE) SVJ FIORITAL,02197433,,1.00 ko,ko,12.99,12.99,,7.79,12.99,,HRANA
JAKOBOVA KAPICA POLOVICA,02197624,,1.00 kg,kg,16.49,16.49,,8.39,17.19,,HRANA
KOZICE 80/100,02197640,,1.00 kg,kg,12.19,12.19,,7.31,12.19,,HRANA
LIGNJA PATAGONICA OČIŠĆ 400g LEDO,02197810,LEDO,0.40 kg,ko,9.99,24.98,,7.99,7.99,3850116877341,HRANA
GAMBERI 250g LEDO,02199376,LEDO,0.25 kg,ko,5.99,23.96,,4.79,4.79,3850116746050,HRANA
MLIJ NAPIT LEDENA KAVA UHT 200ML VIN,02340185,Z BREGOV,0.20 l,ko,1.35,6.75,,1.35,1.35,3850108021851,HRANA
SIR SVJEZI ZRNATI PRESIDENT 200g,02398927,PRESIDENT,0.20 kg,ko,2.29,11.45,,2.29,2.29,3850355000814,HRANA
JUN LOPATICA BK,02412052,PIK VRBOVEC,1.00 kg,kg,,10.99,10.99,10.99,10.99,3850139523096,HRANA
VINO FRANKOVKA KV 0.75L PP ORAH,03020230,PP ORAHOVICA,0.75 l,ko,5.55,7.4,,5.55,5.55,3859888114029,PIĆE
VINO VRHUNSKO CRNOGORSKI VRANAC  0.75L,03020318,PLANTAŽE,0.75 l,ko,6.65,8.87,,6.65,6.65,3899003001001,PIĆE
PAŠTETA ČAJNA 50g  GAVRILOVIĆ,02166094,GAVRILOVIĆ,0.05 kg,ko,1.09,21.8,,1.09,1.09,3858881220096,HRANA
TUNJ SALATA COUS COUS 160g RIO MARE,02190561,RIO MARE,0.16 kg,ko,4.69,29.31,,2.15,4.69,8004030860001,HRANA
TUNJ FILETI U MASL ULJU AQ 73.5G,02198481,ADRIATIC QUEEN,0.07 kg,ko,3.99,54.29,,3.99,3.99,3850160108538,HRANA
SIR TVRDI OLD AMST REZ 150g VELDZUYZEN,02055427,VELDHUYZEN,0.15 kg,ko,4.99,33.27,,4.99,4.99,8717545620236,HRANA
OCAT BALZAMSKI 0.25L  DUE VIT,03120487,DUE VITTORIE,0.25 l,ko,14.39,57.56,,14.39,14.39,8022734000103,HRANA
NEKTAR VINDI BOROVNICA 1L,03140175,VINDI,1.00 l,ko,1.99,1.99,,1.59,1.99,3850108074376,PIĆE
NEKTAR BRUSNICA ARONIJA JUICY 1L,03140615,JUICY,1.00 l,ko,2.89,2.89,,2.19,2.89,3858890970630,PIĆE
DVOPEK CLASSIC 225g KLARA,04016013,KLARA,0.23 kg,ko,2.65,11.78,,2.65,2.65,3858881327528,HRANA
CORNFLAKES 1kg VENOSTA POHIT,04030927,VENOSTA,1.00 kg,ko,4.65,4.65,,4.65,4.65,8009361051289,HRANA
PAPAR CRNI MLJEV 17g VREĆ KOTANY,04100234,KOTANYI,0.02 kg,ko,1.49,87.65,,1.49,1.49,9001414015469,HRANA
LOVOROV LIST 5g KOTANYI,04100896,KOTANYI,0.01 kg,ko,0.99,198,,0.99,0.99,9001414015346,HRANA
BRUSCHETTE ŠPINAT&SIR 70g MARETTI,04141688,MARETTI,0.07 kg,ko,,10,0.7,0.7,0.95,3800205875000,HRANA
KEKS LEIBNIZ ZOO 100g,04142688,BAHLSEN,0.10 kg,ko,1.75,17.5,,1.75,1.75,5901414205263,HRANA
FLIPS BOBI PIKANT 70g,04151532,BOBI,0.07 kg,ko,0.95,13.57,,0.95,0.95,3858891590080,HRANA
RAKIJA VILJAMOVKA 0.7L PRIOR,03063918,FRUCTAL,0.70 l,ko,31.25,44.64,,31.25,31.25,3838945669580,PIĆE
VODKA DALMATINO LIMUN 0.7L,03070029,NIMCO,0.70 l,ko,8.55,12.21,,8.55,8.55,4000152004075,PIĆE
PIVO LEFFE BLOND 0.33L NEP AMB ZG P,03130300,LEFFE,0.33 l,ko,2.29,6.94,,2.29,2.29,5410228166665,PIĆE
SOK&ČAJ HIPP VOĆE VIT C 500ML,04170242,HIPP,0.50 l,ko,1.65,3.3,,1.65,1.65,4062300392915,PIĆE
KVASAC SUHI 7g 4+1 DIGO,04180257,DIGO,0.03 kg,ko,3,107.14,,3,3,3859889940153,HRANA
KVASAC INSTANT 100g DR OETKER,04183453,DR OETKER,0.10 kg,ko,1.39,13.9,,1.39,1.39,8690770323045,HRANA
BOMBON WERTHER'S 90g,04190350,WERTHERS,0.09 kg,ko,1.25,13.89,,1.25,1.25,4014400908527,HRANA
BOMBON 505 SA CRTOM  100g KRAŠ,04194735,KRAŠ,0.10 kg,ko,1.09,10.9,,1.09,1.09,3850102216147,HRANA
BOMBON HARIBO HAPPY COLA 200g,04199526,HARIBO,0.20 kg,ko,2.45,12.25,,2.45,2.45,9002975315104,HRANA
SPUŽVE VILEDA ABRAZ RAINB 10/1 3241,05356025,VILEDA,10.00 ko,ko,3.75,0.38,,2.25,3.75,4023103242944,PROIZVODI ZA KUĆANSTVO
SAPUN TEK PALM ANTIBAK 300ml 2944,06510035,PALMOLIVE,0.30 l,ko,,7.3,2.19,3.19,3.19,8003520012944,KOZMETIKA
GEL TUŠ NIVEA BC SEN BALAN 250ml,06521378,NIVEA,0.25 l,ko,2.99,11.96,,1.89,2.99,9005800222899,KOZMETIKA
LAK TAFT ULTRA STRONG 250ml,06540610,TAFT,0.25 l,ko,,11.96,2.99,2.99,4.99,4012800706002,KOZMETIKA
KONAC ZUBNI 0B MENTA 50m 5029,06614074,ORAL B,50.00 m,ko,,0.06,2.99,3.99,3.99,5010622005029,KOZMETIKA
FLASTER UNIVERZ 10/1    9403,06621155,HANSAPLAST,10.00 ko,ko,1.85,0.19,,1.85,1.85,9005800338057,TOALETNE POTREPŠTINE
CILLIT BANG SP KAM 750ML,08030144,CILLIT,0.75 l,ko,6.69,8.92,,6.69,6.69,5997321740690,SREDSTVA ZA ČIŠĆENJE
SOLNA KISELINA 1L       0199 METEOR,08033066,METEOR,1.00 l,ko,2.15,2.15,,1.95,1.95,3859888110199,SREDSTVA ZA ČIŠĆENJE
MLIJEKO TR CAFE 3.8% 0.5L BOCA DUKAT,90032541,DUKAT,0.50 l,ko,1.09,2.18,,1.09,1.09,3850354006831,HRANA
BOJA COL SENSAT 3.16,90032857,GARNIER COL SENSATION,1.00 ko,ko,,3.99,3.99,4.99,5.29,3600541135987,KOZMETIKA
KRUH ZLATNO ZRNO 500g ZLATNO ZRNO,90035030,ZLATNO ZRNO,0.50 kg,ko,1.85,3.7,,1.85,1.85,3859889360692,HRANA
JOGURT S ČOK DUKATINO GRIC 122g,90039965,DUKATINO,0.12 kg,ko,1.29,10.57,,1.29,1.29,3850354003694,HRANA
PIVO PAULANER WEISS.0.5 L NB,90058419,PAULANER,0.50 l,ko,1.95,3.9,,1.59,1.95,4066600298113,PIĆE
PASTRVA DIM FILET 100g MARKO,90058953,MARKO,0.10 kg,ko,6.29,62.9,,6.29,6.29,3859891289561,HRANA
MAJONEZA THOMY  611g,90065652,THOMY,0.61 kg,ko,3.65,5.97,,3.65,3.65,8607100571137,HRANA
FILET LOSOSA PAK KONZUM,90072325,,1.00 kg,kg,19.99,19.99,,8.39,19.99,,HRANA
UGOR II SVJ LIBURNIJA,90074793,,1.00 kg,kg,3.39,3.39,,2.03,3.39,,HRANA
DESERT MUNCHMALLOW  FAMILY 210g,90074836,MUNCHMALLOW,0.21 kg,ko,2.19,10.43,,1.75,1.75,8600114001980,HRANA
GEL TUŠ NIVEA CREME CARE 250ml,90082503,NIVEA,0.25 l,ko,2.99,11.96,,1.89,2.99,9005800223025,KOZMETIKA
ISTAR SALAMIN S TARTUF 200G ZIGAN,90183876,ZIGANTE,0.20 kg,ko,9.29,46.45,,7.49,9.29,3859892799281,HRANA
ZAČIN ZA HRSK KRUMP 30g VEGETA NATUR,90185733,VEGETA NATUR,0.03 kg,ko,1.19,39.67,,0.79,1.19,3850104278570,HRANA
WC GEL SANITAR PINE FRESH 750ML,90222072,SANITAR,0.75 l,ko,3.05,4.07,,2.35,2.95,3850111503887,SREDSTVA ZA ČIŠĆENJE
SMOOTHIE M-MINUTE MIX 3X4 3000ml,90227856,MINUTE,1.00 ko,ko,22.2,22.2,,22.2,22.2,3838900807095,PIĆE
BUĐOLA NARESCI 90G,90280097,DOBRO,0.09 kg,ko,2.59,28.78,,1.99,2.59,3850133800797,HRANA
ZAČIN MUŠKA ORAH MLJE VR 15g  VEGETA MAESTRO,90282045,VEGETA MAESTRO,0.02 kg,ko,1.99,132.67,,1.99,1.99,3850104294488,HRANA
ČOKOL MILKA GROŽĐ/LJEŠ 270g,90297968,MILKA,0.27 kg,ko,6.79,25.15,,3.99,3.99,7622210702326,HRANA
CORDON BLEU OD PIL/PUR MESA 490 g,90307319,AIA,0.49 kg,ko,,5.41,2.65,2.65,2.65,8008110258795,HRANA
VINO GRAŠEVINA PETRAČ 0.75L,90308777,PETRAČ,0.75 l,ko,10.05,13.4,,10.05,10.05,3859890234012,PIĆE
PDX PASTA ZA ZUBE COMPL PROTEC EX FRESH 75ml,90311861,PARODONTAX,0.08 l,ko,6.99,93.2,,6.99,6.99,5054563948403,KOZMETIKA
ULJE MASLINOVO SEL 0.25L OL ISTRIA,90346276,OL ISTRIA,0.25 l,ko,19.99,79.96,,19.99,19.99,3858881194137,HRANA
PRAŠAK BULK GAINER 2.5kg CHOCOLATE,90346472,POLLEO,2.50 kg,ko,39.99,16,,39.99,39.99,3858892293614,HRANA
SIR SVJ KREM 500g PRESIDENT,90354123,PRESIDENT,0.50 kg,ko,3.09,6.18,,3.09,3.09,3850355006021,HRANA
MLIJEKO ZAMJ NAN 4 800g,90360922,NAN,0.80 kg,ko,,19.99,15.99,18.29,18.29,7613035424654,HRANA
BOMBONIJERA MERCI PETITS CRUNCH 125g,90364029,MERCI,0.13 kg,ko,3.49,27.92,,3.49,3.49,4014400927375,HRANA
POSEBNA K PLUS PILEĆA/PUREĆA 500g,90364986,K PLUS,0.50 kg,ko,1.59,3.18,,1.59,1.59,3850334186232,HRANA
ŠAMPON CAMELEO SILVER 250ml,90380346,CAMELEO,0.25 l,ko,4.39,17.56,,4.39,4.39,5901350441114,KOZMETIKA
ZAČIN PAPAR MLJEV 45 g VEG MEASTR,90381061,VEGETA MAESTRO,0.05 kg,ko,3.39,75.33,,3.39,3.39,3856020234454,HRANA
SALAMA ZIMSKA PODRAVKA 650g,90099142,PODRAVKA,0.65 kg,ko,13.99,21.54,,8.79,8.79,3858886467021,HRANA
ŠAMPON PR.PERUT 400ml SUBRINA,90109216,SUBRINA,0.40 l,ko,5.19,12.98,,5.19,5.19,3838980522109,KOZMETIKA
ZP ELMEX KIDS 0-6 50ml,90124067,ELMEX,0.05 l,ko,,66,3.3,3.89,3.89,8718951470644,KOZMETIKA
KEKS GRANCEREALE DIGESTIVE  250g,90140763,BARILLA,0.25 kg,ko,1.99,7.96,,1.39,1.99,8076809545426,HRANA
LINDT LINDOR NOISETTES BALLS 200g,90145859,LINDT,0.20 kg,ko,9.99,49.95,,6.99,9.99,8003340096506,HRANA
ČAJ HIBISKUS CVIJET AGRIST 100g,90147250,AGRISTAR,0.10 kg,ko,2.99,29.9,,2.99,2.99,3858886503101,HRANA
HREN LUDBREŠKI  EXTRA LJUTI 200G,90153566,LUDBREŠKI HREN,0.20 kg,ko,2.59,12.95,,2.59,2.59,3859893697890,HRANA
PAŠTETA ČAJNA  K PLUS 95G LO,90153739,K PLUS,0.10 kg,ko,0.85,8.95,,0.85,0.85,3850334524447,HRANA
KOCKA KOKOŠJA 120g PODRAVKA,90155046,PODRAVKA,0.12 kg,ko,2.19,18.25,,1.49,2.19,3850104274855,HRANA
ZP SIGNAL CAVITY PROTECTION 125ml,90157235,SIGNAL,0.13 l,ko,,19.92,2.49,2.99,2.99,5900300132515,KOZMETIKA
JASTUČIĆ INOX ZA RIBANJE POWERMAX,90169091,REKORD TIM,1.00 ko,ko,1.45,1.45,,1.45,1.45,3858882684170,PROIZVODI ZA KUĆANSTVO
VANILIN ŠEĆER XXL 40G DR OETKER,90185547,DR OETKER,0.04 kg,ko,0.59,14.75,,0.59,0.59,5997381358279,HRANA
ČAJ METVICA 20X1.5g NATURAVITA,90212984,NATURAVITA,0.03 kg,ko,1.55,51.67,,1.55,1.55,3858884090542,HRANA
ZP SIGNAL DAILY WHITE 125ml,90214859,SIGNAL,0.13 l,ko,,19.92,2.49,2.99,2.99,5900300349388,KOZMETIKA
BOJA COLOR NAT NUDE 7.132,90214922,GARNIER COL NATURALS,1.00 ko,ko,,3.69,3.69,4.99,4.99,3600541915763,KOZMETIKA
GIN MARE 42.7% 0.7L,90243906,MARE,0.70 l,ko,52.05,74.36,,52.05,52.05,8411640000459,PIĆE
JUHA KREM OD GLJIVA 52G MAGGI,90260589,MAGGI,0.05 kg,ko,1,19.23,,1,1,7613287204745,HRANA
PIVO GARDEN PALE ALE  LIMENKA 0.33L,90274034,GARDEN,0.33 l,ko,1.79,5.42,,1.43,1.79,3859893153877,PIĆE
PIKNIK KOBASICA K PLUS 450g MA,90278118,K PLUS,0.45 kg,ko,5.69,12.64,,5.69,5.69,3850334610331,HRANA
KOLAČ ČOKO ŠTANGICE 400G KUSTURA,90288186,KUSTURA KOLAČI,0.40 kg,ko,3.75,9.38,,3.75,3.75,3858890192162,HRANA
DŽEM ŠIPAK EKO 240G DIDA BOŽA,90289914,DIDA BOŽA,0.24 kg,ko,3.69,15.37,,2.58,3.69,3859893011429,HRANA
LIKER DIOKLECIJAN 1L,90295667,DALMACIJAVINO,1.00 l,ko,13.05,13.05,,13.05,13.05,3858892460689,PIĆE
LIGNJA 500/1000 SVJ MEDUZA,90307217,,1.00 kg,kg,19.99,19.99,,11.99,19.99,,HRANA
STICK DOVE  W INVISIBLE CARE 40ml,90310925,DOVE,0.04 l,ko,3,75,,3,3,87342765,KOZMETIKA
PIVO KRUŠOVICE 0.5L 4 PACK LIM,90316091,KRUŠOVICE,2.00 l,ko,5.79,2.9,,5.79,5.79,8594009922699,PIĆE
TUNJ SALATA QUINOA 160g EVA,90320967,EVA,0.16 kg,ko,4.29,26.81,,1.99,4.29,3856020217679,HRANA
TUNJ SALATA KUS KUS 160g EVA,90320986,EVA,0.16 kg,ko,4.29,26.81,,1.99,4.29,3856020217730,HRANA
TJESTENINA GOVEDINA CUP 60g SAIKEBON,90325225,SAIKEBON,0.06 kg,ko,,19.83,1.19,1.49,1.49,8000050019436,HRANA
MLIJEKO ALPSKO BEZ LAK 3.5% 1L DUKAT,90342096,LJUBLJ.MLEK.,1.00 l,ko,2.19,2.19,,2.19,2.19,3838800059709,HRANA
SLAD GELATISSIMO KEKS PUNČ 1.65L,90360369,GELATISSIMO,1.65 l,ko,4.99,3.02,,3.99,4.99,3850334433848,HRANA
SLAD GELATISSIMO VANILIJA Š VOĆE 1L,90360370,GELATISSIMO,1.00 l,ko,,1.79,1.79,1.79,2.49,3850334153265,HRANA
DOMESTOS LAVANDA 750ml,90362816,DOMESTOS,0.75 l,ko,2.99,3.99,,2.99,2.99,8717163760192,SREDSTVA ZA ČIŠĆENJE
PIVO KOZEL PREMIUM LAGER 4X0.5L LIM,90362839,ASAHI,2.00 l,ko,5.65,2.83,,5.65,5.65,8594404006369,PIĆE
KIKIRIKI GARD GOOD SUH PRŽ NESL 180g,90363782,GARDEN GOOD,0.18 kg,ko,1.25,6.94,,0.89,1.19,3838900802434,HRANA
PISTACIO SUHO PRŽENI SLANI HRUSTY 75g,90363785,HRUSTY,0.08 kg,ko,1.89,25.2,,1.89,1.89,3850334154200,HRANA
TUBA FRUTEK JAB/ŠUMSKO VOĆE 100g,90563184,FRUTEK,0.10 kg,ko,,11.9,1.19,1.19,1.39,3838945439602,HRANA
KOKOŠ ZA PEČENJE I KUHANJE ČETVRTINE VINDIJA,90570015,CEKIN,1.00 kg,kg,2.09,2.09,,2.09,2.09,3850159110399,HRANA
COUS COUS INTEGRALNI 500g TIPIAK,90571674,TIPIAK,0.50 kg,ko,4.99,9.98,,4.99,4.99,3600900005043,HRANA
SAPUN LAHOR AROMATHERAPY 80g,90571742,LAHOR,0.08 kg,ko,0.89,11.13,,0.89,0.89,3850105177162,KOZMETIKA
SAPUN TEK L'ANGELICA REVIT 1L,90572269,L ANGELICA,1.00 l,ko,3.55,3.55,,3.55,3.55,8017331077030,KOZMETIKA
MLIJEKO TIJ LACTOV LACTOUR 400ml,90572424,LACTOVIT,0.40 l,ko,,10.23,4.09,5.49,5.49,8410190585997,KOZMETIKA
PIVO BALTAZAR NB 0.5L ,90573257,MEDVEDGRAD,0.50 l,ko,2.35,4.7,,2.35,2.35,3859893357275,PIĆE
ORADA L TOTAL FISH,90587747,TOTAL,1.00 kg,kg,10.69,10.69,,6.41,10.69,,HRANA
ZP SENSOD NATURAL WHITE 75ml,90598351,SENSODYNE,0.08 l,ko,3,40,,3,3,5054563121264,KOZMETIKA
BRIJAČ JEDN WILK M EXT 3 SENS 3/1,90598381,WILKINSON,1.00 ko,ko,3.09,3.09,,2.15,3.09,4027800105502,KOZMETIKA
JOGURT ACTIVIA MIX JAGODA 168g,90602760,ACTIVIA,0.17 kg,ko,1.55,9.23,,1.55,1.55,5941209010139,HRANA
DŽEM EKSTRA VIŠNJA MARASKA 240g MARINA,90617849,MARINA,0.24 kg,ko,4.95,20.63,,4.95,4.95,3859888295896,HRANA
LACTOBIOTIC 10 KAP MULTIVITA,90623360,MULTIVITA,10.00 ko,ko,5.49,0.55,,5.49,5.49,3858881249004,HRANA
POLLEO SHIELDMIXER  SUPERMAN 770ml,90623584,POLLEO,0.77 l,ko,14.99,19.47,,14.99,14.99,3858892296776,HRANA
BOCA STAINLESS STEEL BATMAN 739ml,90623593,POLLEO,0.74 l,ko,14.99,20.28,,14.99,14.99,3858892299067,HRANA
SOK MACE ANANAS KIWI 250ml,90642779,MACE,0.25 l,ko,1.89,7.56,,1.89,1.89,8032523373110,PIĆE
JUNEĆI FLAM BEZ KOSTI LOVRIĆ,90648703,LOVRIĆ,1.00 kg,kg,9.49,9.49,,9.49,9.49,,HRANA
JUNEĆA KOLJENICA BEZ KOSTI LOVRIĆ,90648707,LOVRIĆ,1.00 kg,kg,11.29,11.29,,11.29,11.29,,HRANA
KITTY MM PILETINA ZEČETINA 405G,90648726,KITTY,0.41 kg,ko,0.89,2.2,,0.69,0.89,3850334011589,PROIZVODI ZA KUĆANSTVO
VREĆA ZA ODVAJANJE OTPADA 10L 10/1 ZG,90657840,ZG VREĆICE,10.00 ko,ko,2.64,0.26,,2.64,2.64,3858886768746,PROIZVODI ZA KUĆANSTVO
JOGURT 3.2% ČVRSTI ZB 180g VINDIJA,90669614,Z BREGOV,0.18 kg,ko,0.44,2.44,,0.44,0.44,3850108037289,HRANA
FISH NUGGETS 300g,90669690,PANONA MARE,0.30 kg,ko,2.99,9.96,,2.99,2.99,3858889833045,HRANA
MASLINE K PLUS ZELENE OTKOŠ 700g/340g,90670326,K PLUS,0.34 kg,ko,3.29,9.68,,3.29,3.29,3850334021076,HRANA
ODSTR MRLJA DR BECKMANN TAPEC NAMJEŠTAJ 400ML,90673042,BECKMANN,0.40 l,ko,5.49,13.73,,3.84,5.49,4008455612317,SREDSTVA ZA ČIŠĆENJE
NEG. PIĆE MEDONJA JAGODA 0.2L,90677845,MEDONJA,0.20 l,ko,0.43,2.15,,0.43,0.43,8606100139729,PIĆE
KAPS KAVA LUNGO DG 16/1 120g RITUAL,90698472,RITUAL,0.12 kg,ko,3.98,33.17,,3.98,3.98,3850334036339,HRANA
OM VIOLETA SILK BLOS 1.5L,90699066,VIOLETA,1.50 l,ko,4,2.67,,4,4,3870128034778,SREDSTVA ZA ČIŠĆENJE
PJENA GILL SOOTHING SENS 200ml,90703248,GILLETTE,0.20 l,ko,,14.75,2.95,2.95,3.69,8001090870926,KOZMETIKA
OM LENOR SPRING AWAK 1.23L,90703437,LENOR,1.23 l,ko,3,2.44,,3,3,8006540889954,SREDSTVA ZA ČIŠĆENJE
VISKI JAMESON CRESTED 0.7L,90703897,JAMESON,0.70 l,ko,37.05,52.93,,37.05,37.05,5011007003548,PIĆE
DESERT TORTICA CRUNCHY DUO 2X21g,90704759,TORTICA,0.04 kg,ko,0.99,23.57,,0.99,0.99,3850102006724,HRANA
ČIPS CRUNCHIPS SLANI 130g,90705463,LORENZ,0.13 kg,ko,2.25,17.31,,1.89,2.25,4018077005565,HRANA
VODA CEDEVITA VIT LIMUN ANANAS 0.5L ,90705608,CEDEVITA,0.50 l,ko,1.15,2.3,,1.15,1.15,3850322016183,PIĆE
DET DASH COLOR 2.9L=58PR,90705822,DASH,2.90 l,ko,25.59,8.82,,25.59,25.59,8006540927434,SREDSTVA ZA ČIŠĆENJE
PAŠTETA TUNA CREAM 95g LINO,90706309,LINO,0.10 kg,ko,1.89,19.89,,1.19,1.89,3856020260460,HRANA
SIR MINI BABYBEL 60g,90706904,BABYBEL,0.06 kg,ko,1.75,29.17,,1.75,1.75,3073781179712,HRANA
LUNETTE GLJIVE 250g DE ANGELIS,90707609,DE ANGELIS,0.25 kg,ko,1.99,7.96,,1.99,1.99,8021228410473,HRANA
DET VESH COLOR GEL 1L= 20PRANJA,90714258,VESH,1.00 l,ko,7.15,7.15,,7.15,7.15,3870128033825,SREDSTVA ZA ČIŠĆENJE
KOMPOT ANANAS KOL GARDEN G 490g,90720069,GARDEN GOOD,0.49 kg,ko,2.69,5.49,,2.69,2.69,3850334062987,HRANA
DESERT EUFORIJA VANILIJA MIX 150g,90724894,Z BREGOV,0.15 kg,ko,,5.27,0.79,0.79,0.95,3850108037609,HRANA
PIRE VOĆ VERY BERRY 180g NUTRINO LAB,90734843,NUTRINO LAB,0.18 kg,ko,2.25,12.5,,2.25,2.25,8606019653682,HRANA
PAHULJICE FUN&FIT MIX 5 ŽITARICA 500g,90734961,FUN&FIT,0.50 kg,ko,2.29,4.58,,2.29,2.29,8606015854113,HRANA
AJVAR LJUTI 560g DOORA,90745396,DOORA,0.56 kg,ko,3.32,5.93,,3.32,3.32,3858894541638,HRANA
SOM AFR OČIŠ NAR PP ORAHOVICA,90750843,PP ORAHOVICA,1.00 kg,kg,9.99,9.99,,4.49,9.99,3858889834219,HRANA
SIR TVRDI DIMLJENI LIVANJSKI 180g,90750902,MLJEKARA LIV,0.18 kg,ko,6.29,34.94,,6.29,6.29,3870348001055,HRANA
ĐUVEČ 340 g PODRAVKA,90765181,PODRAVKA,0.34 kg,ko,1.99,5.85,,1.99,1.99,3856020267971,HRANA
VINO MERLOT TOUCH 3L BIB,90770052,TOUCH,3.00 l,ko,9.39,3.13,,7.49,9.39,3859893289163,PIĆE
BLAZINICE EXTRA SOFT 80/1 SEPTONA,90770564,SEPTONA,80.00 ko,ko,1.29,0.02,,1.29,1.29,5201410008227,TOALETNE POTREPŠTINE
KEKS BOOM BOX MINI JAG-BIJELA ČOK  20 g,90770981,BOOM BOX,0.02 kg,ko,0.49,24.5,,0.49,0.49,3856027801215,HRANA
FELIX MM ODABIR MESNIH OKUSA 4X80 g,90771291,FELIX,0.32 kg,ko,,6.22,1.99,1.99,2.79,7613287249579,PROIZVODI ZA KUĆANSTVO
MASKA BOTANIC THERAPY HONEY 340 ml,90774937,BOTANIC THERAPY,0.34 l,ko,,13.79,4.69,6.29,6.29,3600542509442,KOZMETIKA
KREKER RIŽA SLANI BIO ZONE 120 g,90779986,BIO ZONE,0.12 kg,ko,1.19,9.92,,1.19,1.19,3838900820285,HRANA
TP VLAŽNI ZEWA BABY 80/1,90824650,ZEWA,80.00 ko,ko,3.99,0.05,,3.99,3.99,7322541394275,TOALETNE POTREPŠTINE
MATCHA PRAH BIO 100 g NUTRIGOLD,90825639,NUTRIGOLD,0.10 kg,ko,7.79,77.9,,7.79,7.79,3858891970738,HRANA
ORAH INDIJSKI 400 g,90829831,EUROCOMPANY,0.40 kg,ko,,9.48,3.79,3.79,3.79,3858882292733,HRANA
SARDINA S POVRĆ UMAK RAJČ 100/50g MARDEŠIĆ,90830057,MARDEŠIĆ,0.05 kg,ko,1.79,35.8,,1.79,1.79,3859891129034,HRANA
ROLL ON BIOBAZA FROSTED 50 ml,90839842,BIOBAZA,0.05 l,ko,,57.6,2.88,3.85,3.85,3856020915674,KOZMETIKA
PELENE GAĆ PAMPERS JP S5 56/1,90839877,PAMPERS,55.99 ko,ko,25.89,0.46,,25.89,25.89,8006540069165,TOALETNE POTREPŠTINE
TUBA NAT GERBER JABUKA/ŠUM V 150 g,90839926,GERBER,0.15 kg,ko,2.05,13.67,,2.05,2.05,7613287358981,HRANA
KOLAČ ČUPAVCI 350 g MLINAR,90849647,MLINAR,0.35 kg,ko,5.29,15.11,,3.99,3.99,3856028407041,HRANA
KREMA ZA RUKE ZORINA PROBIOTS 50 ml,90849694,ZORINA MAST,1.00 ko,ko,5.29,5.29,,5.29,5.29,3859894008565,KOZMETIKA
BOJA OLIA 1.0 NIGHT BLACK,90850100,GARNIER OLIA,1.00 ko,ko,7.59,7.59,,7.19,7.59,3600542601795,KOZMETIKA
PAPRIKA FILET ŽUT 650G/360 g VITAMIN,90850245,VITAMINKA,0.36 kg,ko,3.59,9.97,,3.59,3.59,3870545000110,HRANA
REGEN PANTENE THICK&STRONG 275 ml,90850389,PANTENE,0.28 l,ko,5.99,21.78,,4.49,4.49,8700216508896,KOZMETIKA
REGENER MELEM ULT BRILLIANCE 200 ml,90850549,MELEM,0.20 l,ko,,33.95,6.79,6.39,7.99,3856007912399,KOZMETIKA
ORAH IND JEZGRA PEČENA 150 g NATURA,90850601,NATURA,0.15 kg,ko,4.79,31.93,,3.35,4.79,3859890587224,HRANA
MARELICA SUHA PREM PERFECT DAY 400 g,90854849,PERFECT DAY,0.40 kg,ko,4.99,12.48,,4.99,4.99,3872084015891,HRANA
KAVA ARABESCA DELIC ESPR ZRNO 250 g,90874755,ARABESCA,0.25 kg,ko,7.99,31.96,,7.99,7.99,3858886805311,HRANA
PIZZA SALAME 330 g GG,90874912,GUSTAVO GUSTO,0.33 kg,ko,4.49,13.61,,4.49,4.49,4260414154461,HRANA
ČETKICA ORAL B PRO SENS ADV.,90885803,ORAL B,1.00 ko,ko,,3.35,3.35,4.49,4.49,8700216448987,KOZMETIKA
SNACK TARALLINI 20 g PARMAREGGIO,90886289,PARMAREGGIO,0.02 kg,ko,1.49,74.5,,1.39,1.49,8010721985649,HRANA
DET ARIEL EX STAIN REMOV 1.8 L=40 PR,90886436,ARIEL,1.80 l,ko,21.99,12.22,,21.99,21.99,8700216691093,SREDSTVA ZA ČIŠĆENJE
LOSION AMBR SOL PREP 200 ml,90887211,GARNIER AMBRE SOLAIR,0.20 l,ko,,44.9,8.98,11.99,11.99,3600540659279,KOZMETIKA
LEDENI ČAJ ŠUM VOĆE JUICY 1.5 L,90890135,JUICY,1.50 l,ko,1.59,1.06,,1.55,1.59,3858890977967,PIĆE
LUK U GRANULAMA 22 g KOTANYI,90890551,KOTANYI,0.02 kg,ko,1.19,54.09,,1.19,1.19,9001414021804,HRANA
SIRLOIN STEAK 275 g SKIN,90894963,DILMAR,0.28 kg,ko,6.99,25.42,,4.19,4.19,3859893373213,HRANA
DET LIKVI BALS PEACH&MINT 450 ml,90899746,LIKVI,0.45 l,ko,1.39,3.09,,1.39,1.39,3850105189509,SREDSTVA ZA ČIŠĆENJE
ČIPS CHIO TACCOS ŠUNKA 65g,01310179,CHIO,0.07 kg,ko,1.59,24.46,,1.59,1.59,5997312702058,HRANA
KRUMPIR MLADI,01403017,,1.00 kg,kg,0.89,0.89,,0.59,0.89,3850334173379,HRANA
TARTUFI CRNI SJECKANI 90g ZIGANTE,01600112,ZIGANTE,0.09 kg,ko,30,333.33,,30,30,3859889179157,HRANA
POSLAST VK CAT STICK PUR/JANJ 18g,01642123,VITAKRAFT,0.02 kg,ko,1.25,69.44,,0.99,1.25,4008239182029,PROIZVODI ZA KUĆANSTVO
ŠKAMP 10-15 SVJ FIORITAL,02197261,,1.00 kg,kg,29.99,29.99,,17.98,29.99,93856024301438,HRANA
LIGNJA VELIKA JADRANSKA SVJ MEDUZA,02197368,,1.00 kg,kg,19.45,19.45,,11.66,19.45,,HRANA
ROVANICE-DONDOLE SVJ FIORITAL,02197434,,1.00 kg,kg,23.35,23.35,,14,23.35,93856024302824,HRANA
SALPA SVJEŽA,02197520,,1.00 kg,kg,4.99,4.99,,2.99,4.99,93856024301315,HRANA
AMUR SVJ RIBNJAK,02197821,RIBNJAK,1.00 kg,kg,2.99,2.99,,1.79,2.99,,HRANA
MAST BILJNA 500g ZVIJEZDA,02270029,ZVIJEZDA,0.50 kg,ko,2.65,5.3,,2.65,2.65,3858882210201,HRANA
VRHNJE ZA ŠLAG 36% 0.5L VINDIJA,02330736,Z BREGOV,0.50 l,ko,3.99,7.98,,3.99,3.99,3850108033663,HRANA
VISKI BALLANTINES FINEST 1L,03080111,BALLANTINES,1.00 l,ko,20.55,20.55,,20.55,20.55,5010106111956,PIĆE
VISKI J WALKER RED LAB 0.7+2ČAŠE,03080563,JOHNNIE WALKER,0.70 l,ko,19.29,27.56,,19.29,19.29,3859894245106,PIĆE
VODKA COSMOPOLITAN 1L MARASKA,03081038,MARASKA,1.00 l,ko,11.99,11.99,,8.89,11.99,3850158409005,PIĆE
OCAT BALZAMSKI 0.5L DUOMO CARANDINI,03120186,CARANDINI,0.50 l,ko,3.39,6.78,,3.39,3.39,8014347000465,HRANA
NEG PIĆE MIST DRAG CAPRI SONNE 0.2L,03140474,CAPRI SONNE,0.20 l,ko,0.53,2.65,,0.53,0.53,4000177408100,PIĆE
KAŠICA FRUTEK KRUŠKA 120g,03142509,FRUTEK,0.12 kg,ko,1.25,10.42,,0.99,1.25,3838945504171,HRANA
GAZ PIĆE FANTA NARANČA 2L,03167364,FANTA,2.00 l,ko,2.29,1.15,,2.29,2.29,5449000322203,PIĆE
MIN VODA JAMNICA 1.5L PET,03180804,JAMNICA,1.50 l,ko,0.99,0.66,,0.99,0.99,3859888152045,PIĆE
VODA IZVOR JANA LIMUN 1.5L JAMNICA,03185040,JANA,1.50 l,ko,,0.93,1.39,1.59,1.59,3858884600819,PIĆE
TIJESTO ŠURLE 500g KLARA M,04050519,KLARA M,0.50 kg,ko,3.59,7.18,,2.51,3.59,3859888499164,HRANA
BISKVIT MILKA NARANČA 147g,04151217,MILKA,0.15 kg,ko,1.79,12.18,,1.09,1.79,7622300479138,HRANA
FANT KOSANI ODREZAK 90g VREĆ PODRAV,04160553,FANT,0.09 kg,ko,1.39,15.44,,0.93,1.39,3850104048999,HRANA
VEGETA VR 150g PODRAVKA,04160558,VEGETA,0.15 kg,ko,1.89,12.6,,1.89,1.89,3850104226212,HRANA
PUDING JAGODA 120g 3X40g PODRAVKA,04181600,DOLCELA,0.12 kg,ko,1.99,16.58,,1.99,1.99,3850104219344,HRANA
PUDING NOUGAT PREMIUM 48g PODRAVKA,04181709,DOLCELA,0.05 kg,ko,0.99,20.62,,0.99,0.99,3850104254727,HRANA
RAFFAELLO T23X8 230g FERRERO,04217535,FERRERO,0.23 kg,ko,5.99,26.04,,5.99,5.99,4008400183022,HRANA
KREMA ZA KUHANJE SOJA 250ml 2+1 GR ALPRO,04280429,ALPRO,0.50 l,ko,5.18,10.36,,5.18,5.18,5411188109822,HRANA
ČOKOLADA MILKA GROŽĐ LJEŠNJAK 90 g,90890010,MILKA,0.09 kg,ko,2.49,27.67,,1.39,2.49,7622202262739,HRANA
DAGNJE 300 g ŽUVELA,90890613,ŽUVELA,0.30 kg,ko,2.99,9.97,,2.99,2.99,3856023604926,HRANA
VIKING SAILOR KAMENAC 750 ml,90899736,VIKING,0.75 l,ko,1.99,2.65,,1.99,1.99,8692900631013,SREDSTVA ZA ČIŠĆENJE
KORABICA,01401954,,1.00 kg,kg,1.99,1.99,,1.99,1.99,3850334173249,HRANA
SUHI PRSNI VRŠAK VAK,02019863,PIK,1.00 kg,kg,7.99,7.99,,7.99,7.99,3850139330748,HRANA
NEG PIĆE MANDAR NAR VINDI 0.25L,03140721,VINDI,0.25 l,ko,0.65,2.6,,0.65,0.65,3850108076202,PIĆE
PAHULJICE KUKUR BEZ GL 250g SCHAR,04280211,DR SCHAR,0.25 kg,ko,,10.2,2.55,3.19,3.19,8008698002223,HRANA
ČAJ GREEN TEA 100 g RINFUZA AHMAD,90047798,AHMAD,0.10 kg,ko,3.45,34.5,,3.45,3.45,054881008020,HRANA
CESAR MP TELETINA PERAD 150g,90062968,CESAR,0.15 kg,ko,1.59,10.6,,1.29,1.59,4008429158766,PROIZVODI ZA KUĆANSTVO
TEMELJAC POVRTNI 112g PODRAVKA,90082449,PODRAVKA,0.11 kg,ko,2.59,23.12,,1.99,2.59,3850104266652,HRANA
WHISKAS DREAMIES PILETINA 60G,90139347,WHISKAS,0.06 kg,ko,1.79,29.83,,1.45,1.79,5998749130919,PROIZVODI ZA KUĆANSTVO
CAPPUCCINO IRISH CREAM 200g,90139360,ANAMARIA,0.20 kg,ko,2.49,12.45,,2.19,2.49,3858881774308,HRANA
KOCKA KRALJEVSKA 120g PODRAVKA,90140982,PODRAVKA,0.12 kg,ko,2.19,18.25,,1.49,2.19,3850104274008,HRANA
NEKTAR JABUKA FRUCTAL CLASS 1L,90142191,FRUCTAL,1.00 l,ko,,1.49,1.49,1.39,1.89,3838945029209,PIĆE
GEL TUŠ AXE BLACK 250 ml,90154711,AXE,0.25 l,ko,,10.76,2.69,2.99,2.99,8710447276600,KOZMETIKA
KOCKA GOVEĐA 120g PODRAVKA,90155043,PODRAVKA,0.12 kg,ko,2.19,18.25,,1.49,2.19,3850104274862,HRANA
DEO AXE BLACK NIGHT 150ML,90214818,AXE,0.15 l,ko,,22.73,3.41,4.55,4.55,8710908052040,KOZMETIKA
UMAK ZA HAMB SQUEZZE 250ML DEVELEY,90236729,DEVELEY,0.25 l,ko,2.99,11.96,,2.09,2.99,4006824004404,HRANA
DN ULOŠCI ALWAYS LONG 52/1,90261062,ALWAYS P&G,52.08 ko,ko,3.32,0.06,,2.65,2.65,8006540791394,TOALETNE POTREPŠTINE
LOPATICA SJEČENA K PLUS 1/4 VAK,90268047,K PLUS,1.00 kg,kg,6.99,6.99,,5.29,6.99,3850139285482,HRANA
CAPP FR ČOK 144g KUT,90281755,FRANCK,0.14 kg,ko,,22.85,3.29,3.29,3.89,3858881088320,HRANA
KAVA FRANCK STRETTO 16/1 120G,90288215,FRANCK,0.12 kg,ko,6.5,54.17,,6.5,6.5,3858881088269,HRANA
TUBA VOĆNA HIPP JAB BAN MAL ŽIT 100g,90290035,HIPP,0.10 kg,ko,1.35,13.5,,1.05,1.35,4062300278608,HRANA
RIKULA 125 grama,90290439,KONZUM,0.13 kg,ko,1.29,10.32,,0.79,1.29,3858890542455,HRANA
PIVO 5TH ELEMENT IPA 0.5L NB,90298340,5TH ELEMENT,0.50 l,ko,2.55,5.1,,2.55,2.55,3859892222956,PIĆE
MASLINE CRNE BK LIM 350g  AGRO,90303602,AGROSEVILLA,0.15 kg,ko,2.49,16.6,,2.49,2.49,8410522001515,HRANA
OCAT BALZAMSKI ARGENTO 250 ml DUE VITTORIE,90324605,DUE VITTORIE,0.25 l,ko,11.59,46.36,,11.59,11.59,8022734000158,HRANA
SENDVIČ TUNJEVINA PAK 230g MLINAR,90325413,MLINAR,0.23 kg,ko,3.49,15.17,,3.49,3.49,3858881124493,HRANA
PERFECT FIT SM INDOOR PILETINA 750g,90335140,PERFECT FIT,0.75 kg,ko,6.19,8.25,,6.19,6.19,5900951307737,PROIZVODI ZA KUĆANSTVO
BOMBONI GUMENI MINI BURGER 170g TROLLI,90344380,TROLLI,0.17 kg,ko,4.39,25.82,,4.39,4.39,4000512004905,HRANA
PAHULJICE ČOKOLADNE 375g SCHAR,90344887,DR SCHAR,0.38 kg,ko,,13.39,5.02,6.29,6.29,8008698020128,HRANA
MASLINE ZELENE OTKOŠ ILIADA 370g,90355205,ILIADA,0.37 kg,ko,4.49,12.14,,3.49,4.49,5201043115927,HRANA
BOMBONI HARIBO CRVI 100g,90361633,HARIBO,0.10 kg,ko,1.59,15.9,,1.19,1.59,9002975377379,HRANA
ŠUNKA KUHANA NAR 110g NEGRONI,90362490,NEGRONI,0.11 kg,ko,2.99,27.18,,2.99,2.99,8028257011497,HRANA
BRUSNICA ORAH IND GARD GOOD MIX 180g,90363753,GARDEN GOOD,0.18 kg,ko,2.79,15.5,,1.99,2.69,3838900958490,HRANA
VREĆICE ZA NAMIRNICE ROLA FINO 3L 250/1,90364675,FINO,250.00 ko,ko,4.29,0.02,,4.29,4.29,5900536269900,PROIZVODI ZA KUĆANSTVO
ULJE BUČINO TOPLO PREŠA 0.5L OPG CESAREC,90377958,OPG CESAREC,0.50 l,ko,12.99,25.98,,12.99,12.99,3859893456350,HRANA
SIR TVRDI AROMATIC MIX NA PODL 100g,90380130,PAŠKA SIRANA,0.10 kg,ko,2.79,27.9,,2.51,2.79,3859892884710,HRANA
PEL LUMPI PREMIUM MINI 2 (3-6kg) 42/1,90380399,LUMPI,42.02 ko,ko,5.31,0.13,,5.31,5.31,3850334154309,TOALETNE POTREPŠTINE
MOČO VILEDA MICROFIBRE ECO RESE REFIL,90382691,VILEDA,1.00 ko,ko,13.25,13.25,,13.25,13.25,4023103218550,PROIZVODI ZA KUĆANSTVO
PAŠTETA PILEĆA JETRENA 95g PODRAVKA,90385415,PODRAVKA,0.10 kg,ko,1.29,13.58,,0.89,1.29,3856020224592,HRANA
PŠENIČNO BRAŠNO IZ CIJELOG ZRNA 1kg MLIN PUKANIC,90404112,MLIN PUKANIĆ,1.00 kg,ko,1.45,1.45,,1.45,1.45,3859892888206,HRANA
LIKER BOŽUR 0.7l GOOD SPIRIT,90404175,GOOD SPIRIT,0.70 l,ko,21.89,31.27,,21.89,21.89,3859893710032,PIĆE
DET NILA MY SENSUAL BLACK 900ml,90404626,NILA,0.90 l,ko,4.29,4.77,,4.29,4.29,3850105169488,SREDSTVA ZA ČIŠĆENJE
SENDVIČ MINUTE ŠUNKA TROKUT 160g,90404743,MINUTE,0.16 kg,ko,2.49,15.56,,2.49,2.49,3850334131942,HRANA
WOK MIX 350 grama,90405022,KORA,0.35 kg,ko,,4.25,1.49,1.99,1.99,3858893250470,HRANA
CORNFLAKES SANTE 1000gVR,90405580,SANTE,1.00 kg,ko,4.29,4.29,,3.99,4.29,5900617032614,HRANA
CHILI PEPERONCINI MRVLJENI 27g KOTANYI,90405942,KOTANYI,0.03 kg,ko,1.29,47.78,,1.19,1.29,9001414015322,HRANA
ČOK BIJELA SA MALINOM 85g RAJSKA PTICA,90412508,RAJSKA PTICA,0.09 kg,ko,6.59,77.53,,6.59,6.59,3830042990895,HRANA
VAFL HAPPY SWING ROLICE LJEŠNJAK 150g,90422808,FLIS,0.15 kg,ko,1.25,8.33,,1.25,1.25,5908234805666,HRANA
SIPA SVJEŽA ŽUVELA,90422987,MEDUZA,1.00 kg,kg,15.49,15.49,,6.59,6.59,,HRANA
PAŠTETA TUNA  150 g,90427974,GAVRILOVIĆ,0.15 kg,ko,3.15,21,,3.15,3.15,3858890207606,HRANA
VAFL NAPOLITANKA KAKAO PRELJ 200g ,90670032,OPP NAPOLITANKE,0.20 kg,ko,1.59,7.95,,1.59,1.59,3857500120021,HRANA
VITA NATURALS ŠTAPIĆI 2X11G GOVEDINA,90672822,VITAKRAFT,0.02 kg,ko,1.25,56.81,,1.25,1.25,4008239589217,PROIZVODI ZA KUĆANSTVO
SIR TVR BIOGAL FEFERONEK 380g,90682851,BIOGAL,0.38 kg,ko,8.69,22.87,,7.7,7.7,3857500129314,HRANA
FLIPS SMOKI WOW KIKIRIKI 70g,90704836,SOKO ŠTARK,0.07 kg,ko,1.29,18.43,,1.29,1.29,8600939508176,HRANA
TUBA FRULLÀ BIO JAB/MAN/BAN 100g,90734715,FRULLA,0.10 kg,ko,0.89,8.9,,0.89,0.89,8024985012362,HRANA
OM SILAN SENSITIVE 1.408L,90744986,SILAN,1.41 l,ko,,1.98,2.79,2.79,2.79,9000101801064,SREDSTVA ZA ČIŠĆENJE
ČIPS SLAN CLASSIC RR 180 g SAN CARLO,90754665,SAN CARLO,0.18 kg,ko,2.59,14.39,,2.59,2.59,8003130120671,HRANA
SLAD GELATISSIMO VANIL ČOKO 5x110 ml,90769985,GELATISSIMO,0.38 l,ko,4.29,11.45,,3.29,4.29,3838900844793,HRANA
TJEST SPAGHETTI AL BRONZO 400g BARILLA,90770551,BARILLA,0.40 kg,ko,2,5,,2,2,8076809581127,HRANA
BOJA CAMELEO 3.1 CRNO SMEĐA 40 ml,90775470,CAMELEO,0.04 l,ko,1.35,33.75,,1.35,1.35,5901350421260,KOZMETIKA
NEKTAR MOJ DAN BRES /JAB 1L,90699268,MOJ DAN,1.00 l,ko,1.25,1.25,,1.25,1.25,3850334020901,PIĆE
ŠAMP BOT THERA MAG CHARCOAL 250ml,90702878,BOTANIC THERAPY,0.25 l,ko,,9.96,2.49,3.59,3.59,3600542512510,KOZMETIKA
PIVO KARLOVAČKO LEDENO 0.5L PB,90703088,KARLOVAČKO,0.50 l,ko,0.6,1.2,,0.6,0.6,3850103902537,PIĆE
ROLL ON BIOB ON FEATHER SOFT 50ml,90704006,BIOBAZA,0.05 l,ko,,56.8,2.84,3.79,3.79,3856020908980,KOZMETIKA
MARGO S MASLACEM 225g,90704243,MARGO,0.23 kg,ko,1.79,7.96,,1.79,1.79,3856015325419,HRANA
KEKS PLAZMA PLUS ČOKOLADA VR 100g,90705003,BAMBI,0.10 kg,ko,1.15,11.5,,1.15,1.15,8600043026061,HRANA
ČIPS HRUSTY PAPRIKA XCUT 150g,90705149,HRUSTY,0.15 kg,ko,1.15,7.67,,1.15,1.15,3850334044716,HRANA
DET ARIEL COLOR 2.15L=43PR,90705894,ARIEL,2.15 l,ko,10,4.65,,10,10,8006540869642,SREDSTVA ZA ČIŠĆENJE
TUNJ SALATA PROTEIN 160g EVA,90706294,EVA,0.16 kg,ko,4.29,26.81,,1.99,4.29,3856020263904,HRANA
MAGLICA SAMOT TR SUN BIOBAZA 150ml,90707464,BIOBAZA,0.15 l,ko,,49.4,7.41,9.89,9.89,3856020911911,KOZMETIKA
KAŠICA ORG GERBER POVR/TELET 190g,90707597,GERBER,0.19 kg,ko,2.65,13.95,,2.12,2.65,7613039018484,HRANA
GEL TUŠ FA SPORT 400ml DUO,90713865,FA,0.80 l,ko,4.99,6.24,,4.99,4.99,3838824432939,KOZMETIKA
ČIPS HRUSTY SLANI RR MAXX 280g,90730190,HRUSTY,0.28 kg,ko,1.59,5.68,,1.59,1.59,8605028604098,HRANA
KOCKE ZA POTPALU FLASH EKO 100/1,90732344,FLASH,100.00 ko,ko,4.49,0.04,,4.49,4.49,4007467901068,PROIZVODI ZA KUĆANSTVO
CINK+SELEN 30/1 KAP 11.64g MULTIVITA,90735023,MULTIVITA,0.01 kg,ko,5.49,471.65,,5.49,5.49,3858881249080,HRANA
ŠAMPON AFR KOP BIOTIN 950ml,90744855,AFRODITA,0.95 l,ko,5.59,5.88,,5.59,5.59,3831070661641,KOZMETIKA
KUKURUZ ŠEĆ 3x170/3x140g BONDUELLE,90745548,BONDUELLE,0.14 kg,ko,3.29,23.5,,2.3,3.29,3083681170658,HRANA
KEKS DOLCI CUSCINI DULCETTI 350 g,90749916,DULCETTI,0.35 kg,ko,2.15,6.14,,2.15,2.15,3850334100313,HRANA
DŽEM JAGODA DOORA 680 g,90754649,DOORA,0.68 kg,ko,4.49,6.6,,4.49,4.49,3858894541713,HRANA
SARDINA SLANA OTOP ADRIA MARE 100g/70g,90754841,ADRIA MARE,0.07 kg,ko,1.09,15.57,,1.09,1.09,3850334063410,HRANA
KROASAN BELINO MINI VANILIJA 72 g,90759814,BELINO,0.07 kg,ko,0.75,10.42,,0.75,0.75,5301000230134,HRANA
SLAD LEDO SILK MILK 65 ml,90764888,LEDO,0.07 l,ko,1.3,20,,1.3,1.3,3850116064055,HRANA
PEDIGREE TASTY MINI GOVEDINA 155 g,90774742,PEDIGREE,0.16 kg,ko,2.19,14.13,,2.19,2.19,5998749133767,PROIZVODI ZA KUĆANSTVO
SERUM EVELINE VITAMIN C 30 ml,90774887,EVELINE,0.03 l,ko,,223.33,6.7,8.95,8.95,5903416053415,KOZMETIKA
MG MM PIL GRAŠAK MRKVA 405G,90775143,MIGLIOR,0.41 kg,ko,1.19,2.94,,1.19,1.19,8007520027335,PROIZVODI ZA KUĆANSTVO
DEO NIVEA M ULTRA FRESH 150 ml,90775359,NIVEA,0.15 l,ko,,21.27,3.19,3.95,5.29,9005800379227,KOZMETIKA
LIKVI SUPREME AIO 53TAB,90825975,LIKVI,52.99 ko,ko,23.99,0.45,,23.99,23.99,3850105187109,SREDSTVA ZA ČIŠĆENJE
RAJČICA PELAT GARDEN GOOD 400/240 g,90854734,GARDEN GOOD,0.24 kg,ko,1.19,4.96,,0.79,1.19,3838900843178,HRANA
DET ARIEL COLOR 22TAB,90886405,ARIEL,22.00 ko,ko,16.49,0.75,,16.49,16.49,8700216765336,SREDSTVA ZA ČIŠĆENJE
JUHA PILEĆA RIB KAŠA 65 g PODRAVKA,90890327,PODRAVKA,0.07 kg,ko,1.39,21.38,,1.39,1.39,3856020276829,HRANA
SUNCOKRET PRŽ SL  60g MOGYI,01310866,MOGYI,0.06 kg,ko,0.61,10.17,,0.46,0.61,5997347555568,HRANA
KUPUS KISELI GLAVE PREHRANA,01400353,,1.00 kg,kg,2.09,2.09,,2.09,2.09,3859891093328,HRANA
ENER NAP PROGAME VIŠNJA 0.33 L,90784769,PROGAME,0.33 l,ko,0.99,3,,0.99,0.99,3856028500438,PIĆE
KOLAČ ČAJNI KEKSI 300 g,90785271,PIK RIJEKA,0.30 kg,ko,3.59,11.97,,3.59,3.59,3850135267420,HRANA
SIR MEKI PLAVA PL DELISO 100 g,90795615,DELISO,0.10 kg,ko,1.69,16.9,,1.69,1.69,3838900832318,HRANA
NEG PIĆE PROTEIN LIMUN VINDI 0.5 L,90800895,VINDI,0.50 l,ko,1.35,2.7,,1.35,1.35,3850108077742,PIĆE
LOKARDA FILETI U MASL  ULJU 110g/77g ADRIA MARE,90804824,ADRIA MARE,0.08 kg,ko,1.89,24.55,,1.89,1.89,3850334428394,HRANA
FILET LOSOSA MATURO KONZUM,90804996,,1.00 kg,kg,29.99,29.99,,17.98,29.99,,HRANA
PARTY MIX HRUSTY KANTICA MAXX 500 g,90810458,HRUSTY,0.50 kg,ko,2.99,5.98,,2.99,2.99,3850334429940,HRANA
ĐUMBIR 250 g BIO ZONE,90810463,BIO ZONE,0.25 kg,ko,2.59,10.36,,2.59,2.59,3856028689317,HRANA
SIR TVRDI PARMIG REGG 150 g SPEC MOM,90825081,SPECIAL MOMENTS,0.15 kg,ko,5.49,36.6,,4.29,5.49,3850334429377,HRANA
DATULJE BEZ KOŠTICA BIO 250 g NUTRIGOLD,90825308,NUTRIGOLD,0.25 kg,ko,2.29,9.16,,2.29,2.29,3858891974941,HRANA
ČOKOL KINDER T 8 100g,04210063,FERRERO,0.10 kg,ko,1.79,17.9,,1.43,1.79,80177616,HRANA
ČOKOL DORINA RIŽA 220g NL,04211160,DORINA,0.22 kg,ko,4.49,20.41,,3.49,4.49,3850102123452,HRANA
DESERT CASALI ČOKOLADNE BANANE 300g,04220488,MANNER,0.30 kg,ko,3.89,12.97,,3.89,3.89,9000332812822,HRANA
NAMAZ LINO LADA DUO 400g ST PODRAVKA,04230107,LINO LADA,0.40 kg,ko,3.99,9.98,,3.29,3.99,3850104019784,HRANA
SALVETE VIOLETA 38X38 2SL ROZE 25/1,05083086,VIOLETA,25.00 ko,ko,1.59,0.06,,1.59,1.59,3870128001176,PROIZVODI ZA KUĆANSTVO
ČETKICA COLG 360 MEDIUM 3800,06530065,COLGATE,1.00 ko,ko,4.89,4.89,,3.42,4.89,8718951561441,KOZMETIKA
BOJA PALETTE ICC R2 TAMNI MAHAGONIJ,06542426,PALETTE ICC,1.00 ko,ko,,3.49,3.49,3.49,3.49,3838824218557,KOZMETIKA
PJENA TAFT POWER CASH 200ml,06544317,TAFT,0.20 l,ko,,14.95,2.99,2.99,4.99,9000100477789,KOZMETIKA
DEO GEL OLDSP WHITEWATER 70ml,06550286,OLD SPICE,0.07 l,ko,4.99,71.29,,4.99,4.99,5000174917710,KOZMETIKA
KREMA NIVEA VIS Q10 15ml OKO OČI,06590283,NIVEA,0.02 l,ko,,773.33,11.6,16.59,16.59,4005808179824,KOZMETIKA
KREMA ZA RUKE NIV INT HRANJ 100ML,06591482,NIVEA,0.10 l,ko,,30.7,3.07,4.39,4.39,42417729,KOZMETIKA
ČOK MIKADO MOUSSE 72% BOROVNICA  100g,90705208,MIKADO,0.10 kg,ko,2.19,21.9,,2.19,2.19,3858881061736,HRANA
PEL PAMPERS PREMIUM JP S2 88/1,90706571,PAMPERS,88.03 ko,ko,25.89,0.29,,25.89,25.89,8006540857717,TOALETNE POTREPŠTINE
JUNEĆA PLJESKAVICA E450g PPK,90707572,PPK,0.45 kg,ko,4.49,9.98,,3.14,4.49,3858881611641,HRANA
ŽV GUMA ORBIT REFRESH TROPICAL BOČ 67g,90713428,WRIGLEY,0.07 kg,ko,,50,3.35,4.2,4.2,4009900540551,HRANA
TORTILLA INTEG 6X25cm 370g HRUSTY,90725716,HRUSTY,0.37 kg,ko,1.59,4.3,,1.19,1.59,3850334055088,HRANA
BISKA S TARTUFIMA 200ml ZIGANTE,90725957,ZIGANTE,0.20 l,ko,18.09,90.45,,18.09,18.09,3858891981994,HRANA
JUHA PIL NOODLES MINUTE 4X70g,90730963,MINUTE,0.28 kg,ko,,4.25,1.19,1.69,1.69,3850334070487,HRANA
MUESLI GRANOL&POPS BOOM BOX COCOA 300g,90733459,BOOM BOX,0.30 kg,ko,3.99,13.3,,3.99,3.99,3856027800836,HRANA
DET PERSIL FBS 1.98kg=36PR,90744950,PERSIL,1.98 kg,ko,,5.05,9.99,9.99,9.99,9000101804959,SREDSTVA ZA ČIŠĆENJE
DŽEM EXTRA JAGODA 350 g DOORA,90749768,DOORA,0.35 kg,ko,3.59,10.26,,3.59,3.59,3858894540587,HRANA
KIKIRIKI HRUSTY PRŽENI SLANI 500 g,90749987,HRUSTY,0.50 kg,ko,2.29,4.58,,2.29,2.29,3850334415172,HRANA
ČIPI ČIPS PRŠUT 130 g,90751030,ČIPI ČIPS,0.13 kg,ko,2.19,16.85,,1.89,2.19,3856021306525,HRANA
CROISSANT 7DAYS MIDI SPUMANTE 60 g,90754776,CHIPITA,0.06 kg,ko,0.86,14.33,,0.65,0.86,7622201391737,HRANA
SLAD CINQUE STELLE STRACCIAT 6x90 ml,90759858,SAMMONTANA,0.36 l,ko,5.99,16.65,,5.99,5.99,8005840020623,HRANA
JOGURT NA BAZI KOK NAT 150g PL PARAD,90765093,PLANT PARADISE,0.15 kg,ko,0.99,6.6,,0.99,0.99,8595588203155,HRANA
UMAK POV ČEŠNJAK ZAČ BILJE 235 ml KUHNE,90770621,KUHNE,0.24 l,ko,3.99,16.98,,3.99,3.99,40122212,HRANA
ŠAMPON AFRODITA PROTIV PRHUTI 320 ml,90771131,AFRODITA,0.32 l,ko,,16.22,5.19,6.49,6.49,3831070661917,KOZMETIKA
BAKE ROLLS TOMATO OLIVE 80 g,90775745,CHIPITA,0.08 kg,ko,0.82,10.25,,0.82,0.82,7622202016288,HRANA
SLAD GRČKI JOGURT SANDWICH 4x90 ml,90775881,KRI KRI,0.28 l,ko,4.99,17.81,,4.99,4.99,5202234251899,HRANA
JUHA LJETNI MINESTRONE 620 g STAGONE,90785065,BONTA DI STAGIONE,0.62 kg,ko,3.29,5.31,,3.29,3.29,8055118488495,HRANA
KETCHUP BLAGI 450g HEINZ,90799708,HEINZ,0.45 kg,ko,2.99,6.64,,2.99,2.99,8715700421551,HRANA
DRESSING AMERIČKI 250ml ZVIJEZDA,90799803,ZVIJEZDA,0.25 l,ko,2.49,9.96,,2.49,2.49,3856015330642,HRANA
JETRENA PAŠTETA 50 g 4+1 GRATIS GAVRILOVIĆ,90800934,GAVRILOVIĆ,0.20 kg,ko,4.36,21.8,,4.36,4.36,3858892726303,HRANA
SOK FRUVITA VOĆNI CRVENI MIX 330 ml,90809884,FRUVITA,0.33 l,ko,1.49,4.51,,1.49,1.49,8606030051405,PIĆE
MAG 375+VIT B6 DIR XXL 3X30g NATUREL,90810773,NATUREL,0.09 kg,ko,6.89,76.56,,2,2,3858889365133,HRANA
COCKTAIL RTD JAMESON & COLA 0.25 L,90824870,JAMESON,0.25 l,ko,2.49,9.96,,2.49,2.49,5011007018955,PIĆE
KROASAN ŠUMSKO VOĆE BG 60 g NUTRIFREE,90825915,NUTRIFREE,0.06 kg,ko,2,33.33,,2,2,8008696031034,HRANA
BISKVIT DARE TAMNA ČOKOLADA 45g ETI,90826507,ETI,0.05 kg,ko,0.79,17.56,,0.79,0.79,8690526012407,HRANA
BUCKET CHICKEN STRIPES 500 g MINUTE,90829757,MINUTE,0.50 kg,ko,4.49,8.98,,3.89,4.49,3850334428431,HRANA
DODATAK JELIM TEKU UMAMI 170 ml PODR,90850915,VEGETA NATUR,0.17 l,ko,2.09,12.29,,2.09,2.09,3856020235109,HRANA
GRAH SMEĐI GARDEN GOOD 420/240 g,90854710,GARDEN GOOD,0.24 kg,ko,0.79,3.29,,0.79,0.79,3838900842881,HRANA
STICK REXONA Ž ALOE 50 ml,90885109,REXONA,0.05 l,ko,4.75,95,,4.75,4.75,59004783,KOZMETIKA
BOMBON GUMENI STRAWBERRY 90 g FINI,90886056,FINI,0.09 kg,ko,1.39,15.44,,1.39,1.39,8410525119019,HRANA
KOMPOT VOĆNI MIX 420/250 g EXCELS,90886711,EXCELSIOR,0.25 kg,ko,2.19,8.76,,2.19,2.19,9001397508460,HRANA
BOMBON MAMBA MAGIC STICKS 140 g,90889828,MAMBA,0.14 kg,ko,1.79,12.79,,1.79,1.79,4014400933413,HRANA
VAFL KREM ŠTAPIĆI ČOKOLADA 200g LAST,90889853,LASTA,0.20 kg,ko,2.39,11.95,,2.39,2.39,3870128039568,HRANA
KOMBUCHA GINGER LIME 330ml JUICEFAST,90890207,JUICEFAST,0.33 l,ko,2.99,9.06,,2.99,2.99,3859894234797,PIĆE
GLJIVA ŠAMPINJON 250 grama,01400011,KORA,0.25 kg,ko,1.29,5.16,,1.29,1.29,3850334013569,HRANA
KOMORAČ,01402160,,1.00 kg,kg,1.69,1.69,,1.69,1.99,3850334173263,HRANA
SIR TVRDI OVČJI OVIDUR 2.5kg VINDIJA,02055066,Z BREGOV,1.00 kg,kg,29.99,29.99,,23.99,29.99,3850108053722,HRANA
CRVENI BODEČNJAK BEZ GLAVE 525g LEDO,02198615,LEDO,0.53 kg,ko,7.99,15.22,,5.99,7.99,3850116878478,HRANA
BOJA PALETTE ICC W2,90090380,PALETTE ICC,1.00 ko,ko,,3.49,3.49,3.49,3.49,9000100883085,KOZMETIKA
WHISKEY JAMESON BLACK BARREL 0.7L,90097491,JAMESON,0.70 l,ko,44.05,62.93,,44.05,44.05,5011007024000,PIĆE
LAK TAFT PERFECT FLEX 250ml,90129717,TAFT,0.25 l,ko,,11.96,2.99,2.99,4.99,9000100909778,KOZMETIKA
AJVAR S PATLIĐANOM BAKINA TAJNA 300G,90158053,BAKINA TAJNA,0.30 kg,ko,5.49,18.3,,5.49,5.49,8606011031426,HRANA
JEGER VRBOVEČKI 300G VAK PIK,90170827,PIK VRBOVEC,0.30 kg,ko,3.29,10.97,,3.29,3.29,3850139170832,HRANA
GAZ PIĆE PARTY ORANGE 2L,90183982,PARTY,2.00 l,ko,1.09,0.55,,1.09,1.09,3850334542724,PIĆE
KEČIGA KUPA,90149441,RIBNJACI KUPA,1.00 kg,kg,10.49,10.49,,6.29,10.49,,HRANA
MASLINE ZEL ODKOŠT ČILI I CRNI PAPAR 65g,90187363,GAEA,0.07 kg,ko,2.39,36.77,,2.09,2.09,5201671801650,HRANA
CAPP GLORIA VANILIJA 200g,90205340,GLORIA,0.20 kg,ko,2.79,13.95,,2.29,2.29,3858881087828,HRANA
KAVA SELEZIONE ESPR ZRNO 1kg SEGAFREDO,90205578,SEGAFREDO,1.00 kg,ko,23.09,23.09,,23.09,23.09,9001810003701,HRANA
KAVA SELEZIONE CREMA ZRNO 500g SEGAFREDO,90205587,SEGAFREDO,0.50 kg,ko,11.19,22.38,,11.19,11.19,9001810011645,HRANA
WHISKAS SM TUNA 1.4KG,90212564,WHISKAS,1.40 kg,ko,8.99,6.42,,7.09,7.09,5998749129944,PROIZVODI ZA KUĆANSTVO
SENF ESTRAGON 350g MAUTNER,90215048,MAUTNER MARK,0.35 kg,ko,2.59,7.38,,2.29,2.29,9011900184401,HRANA
KRUH POLUBIJELI 700G PAK KLARA,90228723,KLARA,0.70 kg,ko,1.49,2.13,,1.49,1.49,3856016906723,HRANA
BISKVIT MRAMORNI 400g GECCHELE,90249968,GECCHELE,0.40 kg,ko,3.59,8.98,,3.59,3.59,8015854140866,HRANA
JOGURT TEKUĆI 3.2% MM 180G VERONIKA,90267778,VERONIKA,0.18 kg,ko,0.44,2.44,,0.44,0.44,3859889622035,HRANA
VINO CRNO LA CACCIATORA  NERO D'AVOLA 0.75L,90263660,LA CACCIATORA,0.75 l,ko,8.15,10.87,,8.15,8.15,8004300699645,PIĆE
TJEST FUSILLI BEZ GL 400g BARILLA,90270289,BARILLA,0.40 kg,ko,,8.78,3.51,4.69,4.69,8076809545464,HRANA
METLA UNUTARNJA BEZ DRŠKE DAX,90276273,DAX,1.00 ko,ko,3.18,3.18,,3.18,3.18,3850334599858,PROIZVODI ZA KUĆANSTVO
CAPP FR VAN CREAM 148g KUT,90281759,FRANCK,0.15 kg,ko,,22.23,3.29,3.29,3.89,3858881088337,HRANA
SPUŽVA ČETVRTASTA DAX 10/1,90289995,DAX,10.00 ko,ko,0.99,0.1,,0.69,0.99,3850334608352,PROIZVODI ZA KUĆANSTVO
ROLL ON NIVEA BL&WHI M 50ml,90298984,NIVEA,0.05 l,ko,,78.2,3.91,4.19,5.59,42439332,KOZMETIKA
MED BAGREM HR 450g MARKO S,90300390,MARKO S,0.45 kg,ko,6.99,15.53,,6.99,6.99,3859892918446,HRANA
ČAJ EKO DETOX 50g DARVITALIS,90300716,DARVITALIS,0.05 kg,ko,4.64,92.8,,4.64,4.64,3858890832501,HRANA
KAŠA INS PROS 500g MLINOTEST,90302703,MLINOTEST,0.50 kg,ko,1.52,3.04,,1.52,1.52,3831001824671,HRANA
VINO CRNO TUSSOCK JUMPER MALBEC 0.75L,90302869,TUSSOCK JUMPER,0.75 l,ko,10.05,13.4,,10.05,10.05,3760204540128,PIĆE
SIR TVRDI DALMATINSKI  MIH,90303068,SIRANA MIH,1.00 kg,kg,26.99,26.99,,26.99,26.99,3859891700677,HRANA
VINO MUŠKAT ŽUTI 0.5L VINA LAGUNA,90311379,LAGUNA,0.50 l,ko,9.25,18.5,,9.25,9.25,3858881191846,PIĆE
KAŠICA FRUTEK ŠPINAT PURETINA 190g,90320527,FRUTEK,0.19 kg,ko,1.99,10.47,,1.99,1.99,3838945030687,HRANA
GRISINI MINI RUŽMARIN 250G LE VENEZIANEg,90324669,LE VENEZIANE,0.25 kg,ko,4.64,18.56,,4.64,4.64,8009915008950,HRANA
PUREĆI ODRESCI OD FILEA PRSA 400g VINDIJA,90334866,VINDON,0.40 kg,ko,6.59,16.48,,5.39,6.59,3850339402139,HRANA
TUNA NATURA 3x56g RIO MARE,90335437,RIO MARE,0.17 kg,ko,5.89,35.06,,5.89,5.89,8004030271258,HRANA
PAHULJICE VOĆNE 375g SCHAR,90344890,DR SCHAR,0.38 kg,ko,,13.39,5.02,6.29,6.29,8008698020142,HRANA
MLIJEKO OLEA DJEČJ SPF50 200ml,90360515,OLEA,0.20 l,ko,6.99,34.95,,6.99,6.99,3850334153890,KOZMETIKA
TJESTENINA U ČAŠI PILETINA 63g MAGGI,90360845,MAGGI,0.06 kg,ko,,23.65,1.49,1.55,2.09,7613036680028,HRANA
HRANA PSI VON BARF ADRIATIC 250 10x250g,90360988,VON BARF,2.50 kg,ko,21.49,8.6,,17.18,21.49,3859893426162,PROIZVODI ZA KUĆANSTVO
KOLAČ OD VIŠNJE BEZ GLUTENA 135g KATA,90361507,KATA,0.14 kg,ko,1.72,12.74,,1.72,1.72,3859893454103,HRANA
MASKA ELSEVE DREAM LONG 300ml,90362110,LOREAL ELSEVE,0.30 l,ko,,17.43,5.23,6.99,6.99,3600523756308,KOZMETIKA
BLAZINICE JASMIN NATURE PREM OVAL 50/1,90363693,JASMIN,50.00 ko,ko,1.79,0.04,,1.79,1.79,3838985880976,TOALETNE POTREPŠTINE
ZAČIN ZA KRUMPIR POS 60g VEGETA NATUR,90364140,VEGETA NATUR,0.06 kg,ko,1.99,33.17,,1.99,1.99,3856020227586,HRANA
KRPA DOMAĆINSTVO FINO 3/1,90364656,FINO,3.00 ko,ko,1.66,0.55,,1.66,1.66,5201314913023,PROIZVODI ZA KUĆANSTVO
ŽICA EKO ČISTI BAKAR REKORD 1/1,90364699,REKORD TIM,1.00 ko,ko,0.99,0.99,,0.99,0.99,3858882681872,PROIZVODI ZA KUĆANSTVO
GIN SAX PINK   0.7L,90365067,SAX,0.70 l,ko,12.55,17.93,,12.55,12.55,3850112142917,PIĆE
SIR TVRDI KRAVLJI KOLUT DŽIUGAS,90370542,DŽIUGAS,1.00 kg,kg,13.27,13.27,,10.99,13.27,,HRANA
PEL LUMPI MEGA MAXI 4 84/1,90370160,LUMPI,84.03 ko,ko,10.62,0.13,,10.62,10.62,3850334153517,TOALETNE POTREPŠTINE
SIR TVRDI TRADITIONAL MIX NA PODL 100g,90380118,PAŠKA SIRANA,0.10 kg,ko,4.19,41.9,,3.77,4.19,3859892884673,HRANA
VL MARAMICE PAMPERS SENSTI 52/1,90385475,PAMPERS,52.00 ko,ko,2.09,0.04,,2.09,2.09,8001841041391,TOALETNE POTREPŠTINE
NAMAZ TUNA I RAJCICA 100g RIO MARE,90383139,RIO MARE,0.10 kg,ko,3.59,35.9,,1.99,3.59,8004030538047,HRANA
INĆUN PELAGOS SL FIL U EKS DJ MASL ULJU 120g,90401399,PELAGOS,0.07 kg,ko,4.99,71.29,,4.99,4.99,3859893545283,HRANA
BOJA SYOSS OLEO 10-50 PEPELJ PLAVA,90401833,SYOSS OLEO,1.00 ko,ko,,6.49,6.49,6.49,7.99,9000100999120,KOZMETIKA
ZP ORAL B DESN&CAKL 75Mml PROF GEN WH,90402643,ORAL B,0.08 l,ko,5.35,71.33,,5.35,5.35,8001090786654,KOZMETIKA
MLIJ ZA TIJ MUSTELA HIDR 300ml,90403688,MUSTELA,0.30 l,ko,13.19,43.97,,10.55,13.19,3504105035914,KOZMETIKA
BRAŠNO BIJELO  TIP 00 1kg FARINA,90377970,FARINA,1.00 kg,ko,1.29,1.29,,1.29,1.29,3858887101009,HRANA
ZP COLG MAX WHITE CHARCOAL 75ml,90378137,COLGATE,0.08 l,ko,3.99,53.2,,2.79,3.99,8718951250017,KOZMETIKA
LIZALICA KIŠOBRAN MALI 20g,90380304,FANTASIA,0.02 kg,ko,0.53,26.5,,0.53,0.53,3859892573638,HRANA
SLADILO ERITRITOL 350g GREEN LAB,90388414,GREEN LAB,1.00 ko,ko,5.31,5.31,,5.31,5.31,3858891762197,HRANA
MIX ANAMARIA 3U1 ICE COFFEE 18G,90392417,ANAMARIA,0.02 kg,ko,0.37,20.56,,0.37,0.37,3858881775558,HRANA
ORADA LL SVJ OČIŠ CROMARIS,90394627,CROMARIS,1.00 kg,kg,13.49,13.49,,7.19,11.99,3858890591545,HRANA
SIRUP OD JAGODE 500ml,90404084,AGROPOSTA,0.50 l,ko,7.39,14.78,,7.39,7.39,3859892734848,PIĆE
JEČMENA KAŠA 1kg MLIN PUKANIC,90404101,MLIN PUKANIĆ,1.00 kg,ko,1.69,1.69,,1.69,1.69,3859892888527,HRANA
PERŠIN 100g GASTRO KOTANYI,90405967,KOTANYI,0.10 kg,ko,6.99,69.9,,6.99,6.99,9001414024560,HRANA
SRED LABPRO UNIVERZAL PLUS 1l,90406373,LABPRO,1.00 l,ko,3.15,3.15,,3.15,3.15,3850111755118,SREDSTVA ZA ČIŠĆENJE
KEKS FINESSE SENDVIČ KAKAO 500g,90410324,FINESSE,0.50 kg,ko,1.99,3.98,,1.69,1.99,3850334190147,HRANA
KAVA LEDENA MINUTE ESPRESSO 250ml,90410592,MINUTE,0.25 l,ko,1.09,4.36,,1.09,1.09,3850334586681,HRANA
ŠTRUDLA FINESSE SMOKVA 252g,90410762,FINESSE,0.25 kg,ko,1.09,4.33,,1.09,1.09,3850334230003,HRANA
SOL KUHINJSKA JODIRANA ST 135g KOTANYI,90412446,KOTANYI,0.14 kg,ko,1.19,8.81,,1.19,1.19,9001414040522,HRANA
SRDELE SL OČIŠĆ U SUNC ULJU 320g PELAGOS,90432912,PELAGOS,0.32 kg,ko,7.59,23.72,,7.59,7.59,3859893545542,HRANA
DET FROSCH ŽUTI LIMUN 500ml,90433135,FROSCH,0.50 l,ko,1.59,3.18,,1.11,1.59,4009175951946,SREDSTVA ZA ČIŠĆENJE
MLIJEKO ZAMJ NAN COMFOR 1 800g,90437986,NAN,0.80 kg,ko,19.59,24.49,,19.59,19.59,7613034965790,HRANA
TEL PODLAKTICA DOMAĆA SK ,90453831,MARTINJAK,1.00 kg,kg,8.99,8.99,,8.99,8.99,3859893702754,HRANA
TEL VRAT DOMAĆI SK ,90453833,MARTINJAK,1.00 kg,kg,8.02,8.02,,8.02,8.02,,HRANA
POMMES FRITES MINUTE 2.5Kg,90478410,MINUTE,1.00 kg,ko,5.69,5.69,,5.69,5.69,3858884500010,HRANA
KAŠA ZOB BOOM BOX ČOK/BANA/LJEŠ 300g,90493457,BOOM BOX,0.30 kg,ko,3.99,13.3,,3.99,3.99,3858890477078,HRANA
SIR SVJEŽI 10% MM 500g MLJEK MARINA,90503400,MLJEKARA MARINA,0.50 kg,ko,3.69,7.38,,3.69,3.69,3859892438029,HRANA
VINO MALVAZIJA TERRA VINEA 0.75L,90528188,TERRA VINEA,0.75 l,ko,4.99,6.65,,3.25,4.99,3850334519610,PIĆE
ORAH PEKAN GARDEN GOOD 180g,90553209,GARDEN GOOD,0.18 kg,ko,,18.26,3.29,4.39,4.39,3838900987988,HRANA
CEDEVITA LIMUN 455g,90571965,CEDEVITA,0.46 kg,ko,4.19,9.21,,4.19,4.19,3850322014905,PIĆE
PEL LUMPI PREM JUMBO MAXI 4 84/1,90593524,LUMPI,84.03 ko,ko,10.99,0.13,,9.89,9.89,3850334001122,TOALETNE POTREPŠTINE
BOJA EXCELL 6 UNIVL DARK BLOND,90598226,LOREAL EXCELLANCE,1.00 ko,ko,,7.49,7.49,9.49,9.99,3600523998180,KOZMETIKA
PAPAR ŠARENI VR 14g VEGETA MAESTRO,90599374,VEGETA MAESTRO,0.01 kg,ko,1.49,106.43,,1.49,1.49,3856020202644,HRANA
MUESLI GRANOLA BOOM BOX DOUBLE ČOK 300g,90623115,BOOM BOX,0.30 kg,ko,3.99,13.3,,3.99,3.99,3858890478372,HRANA
MRVICE PANKO 227g KIKKOMAN,90670174,KIKKOMAN,0.23 kg,ko,,9.47,2.15,3.32,3.32,8715035809703,HRANA
PEČENICA DIMLJ cca 400g PIVAC,90670460,PIVAC,1.00 kg,kg,13.99,13.99,,13.99,13.99,3858884990699,HRANA
DET ORNEL CALMING 1.8L=36 PRANJA,90672721,ORNEL,1.80 l,ko,11.95,6.64,,11.95,11.95,3850105183460,SREDSTVA ZA ČIŠĆENJE
PLJUKANCI ŠPINAT 250g KARLA,90674644,KARLA,0.25 kg,ko,1.99,7.96,,1.99,1.99,3858881509146,HRANA
KESTEN PIRE MASCARPONE 80g SANA,90674902,SANA,0.08 kg,ko,1.99,24.88,,1.99,1.99,3858892322383,HRANA
FLIPS OD GRAŠKA S MOR SOLI 50g NA,90675207,NATURE ADDICTS,0.05 kg,ko,2.29,45.8,,2.29,2.29,3609200008389,HRANA
SIR POLUTV BIOGAL OLIVEK 380g,90682854,BIOGAL,0.38 kg,ko,8.69,22.87,,7.7,7.7,3857500129321,HRANA
DET WEISSER RIESE UNI TRIOCAPS 18TAB,90687722,WEISSER RIESE,18.00 ko,ko,10.99,0.61,,10.99,10.99,4015200032290,SREDSTVA ZA ČIŠĆENJE
KIKIRIKI HRUSTY U TIJESTU CHILLI 150g,90692845,HRUSTY,0.15 kg,ko,1.29,8.6,,1.29,1.29,3850334035424,HRANA
HYDROGEN CREAM ANNYER 12% 120ml,90704474,ANNYER,0.12 l,ko,3.29,27.42,,3.29,3.29,3850177008128,KOZMETIKA
KRUMPIROVI ŠTAP POMSTICKS SLANI 85g,90705478,LORENZ,0.09 kg,ko,2.19,25.76,,1.99,1.99,4018077821424,HRANA
VODA CEDEVITA VIT NARAN PAPAYA 0.5L ,90705611,CEDEVITA,0.50 l,ko,1.15,2.3,,1.15,1.15,3850322016220,PIĆE
SOMAT ALL IN ONE EXTRA 100TAB,90707084,SOMAT,100.00 ko,ko,10,0.1,,10,10,9000101577075,SREDSTVA ZA ČIŠĆENJE
PERLE SA SIROM 250g DE ANGELIS,90707617,DE ANGELIS,0.25 kg,ko,1.99,7.96,,1.99,1.99,8021228410077,HRANA
PROIZ BILJ BAZ OKUS MOZZARELLA 200g,90707848,SANA,0.20 kg,ko,2.99,14.95,,2.99,2.99,3858892321966,HRANA
OM SILAN FRANGIPANI 2.772L,90719668,SILAN,2.77 l,ko,5.99,2.16,,5.99,5.99,9000101581874,SREDSTVA ZA ČIŠĆENJE
ULJE MASLINOVO EX DJEV ZLATNO 750ml ORGULA,90403574,ORGULA,0.75 l,ko,12.99,17.32,,12.99,12.99,3859890446545,HRANA
PIVO EDELMEISTER BAZGA  0.0% 0.5l LIM,90403587,EDELMEISTER,0.50 l,ko,1.09,2.18,,1.09,1.09,5900535023978,PIĆE
KAVA LEDENA STARBUCKS CAPPUCC 220ml,90408676,STARBUCKS,0.30 kg,ko,2.59,8.63,,1.99,2.59,5711953166396,HRANA
ODSTR LAKA AFR ULJ BIOT 125ml,90423221,AFRODITA,0.13 l,ko,3.79,30.32,,3.79,3.79,3831070655169,KOZMETIKA
VINO ITALIAN ROSE FREIXENET 0.75L ,90424805,FREIXENET,0.75 l,ko,10.05,13.4,,10.05,10.05,8410036808396,PIĆE
JAJA PREPELIČJA 12/1,90433348,AGRO LINE,12.00 ko,ko,1.69,0.14,,1.69,1.69,3857500031402,HRANA
NAPOLIT TEA ČOKO I MLIJ 330g KOESTLIN,90486426,KOESTLIN,0.33 kg,ko,3.09,9.36,,1.79,1.79,3858881098145,HRANA
NEG PIĆE LIMUNADA FRUCTAL CLASSIC 1 L,90784788,FRUCTAL,1.00 l,ko,,1.49,1.49,1.39,1.79,3838945042383,PIĆE
GROŽĐE MIX BEZ KOŠTICA 500 g,90785099,,0.50 kg,ko,2.59,5.18,,2.49,2.59,3856028689775,HRANA
SOMAT EXCELLENCE 4IN1 75TAB,90795118,SOMAT,75.02 ko,ko,32.99,0.44,,32.99,32.99,9000101808742,SREDSTVA ZA ČIŠĆENJE
KRPA POD 50X65 cm CS,90799917,CLEAN SMART,1.00 ko,ko,1.79,1.79,,1.25,1.79,3859893097102,PROIZVODI ZA KUĆANSTVO
BRISAČ PODA MIKROFIBRA DRŠKA CS,90799932,CLEAN SMART,1.00 ko,ko,9.99,9.99,,6.99,9.99,3859893097133,PROIZVODI ZA KUĆANSTVO
SENDVIČ PRŠUT MINUTE 220 g,90800576,MINUTE,0.22 kg,ko,2.99,13.6,,2.99,2.99,3850334428899,HRANA
NAMAZ BISCOFF CRUNCHY 380g LOTUS  ,90814684,LOTUS,0.38 kg,ko,5.49,14.45,,5.49,5.49,5410126726947,HRANA
ZP COLGATE MAX WHITE 100 ml+WH 75 ml,90814934,COLGATE,1.00 ko,ko,3.39,3.39,,3.39,3.39,3830075444150,KOZMETIKA
KIKIRIKI OLJUŠTENI BIO 500 g NUTRIGOLD,90825247,NUTRIGOLD,0.50 kg,ko,3.89,7.78,,3.11,3.89,3858891973739,HRANA
KEKS PETIT 1000g KRAŠ,90825628,KRAŠ,1.00 kg,ko,3.49,3.49,,2.79,3.49,3850102014415,HRANA
MACA PRAH BIO 250 g NUTRIGOLD,90825641,NUTRIGOLD,0.25 kg,ko,5.69,22.76,,5.69,5.69,3858891970080,HRANA
NEG PIĆE A+C+E  VINDI 0.5 L,90829830,VINDI,0.50 l,ko,0.99,1.98,,0.99,0.99,3850108072327,PIĆE
KOKOS LISTIĆI BIO 500 g NUTRIGOLD,90864953,NUTRIGOLD,0.50 kg,ko,2.89,5.78,,2.31,2.89,3858891972619,HRANA
CAPP NESCAFE VANILLA MEGA 14/1 196 g,90869947,NESCAFE,0.20 kg,ko,6.49,33.11,,4.49,6.49,8445291643796,HRANA
KAVA QUALITA ROSSA NS 10/1 57 g LAV,90869964,LAVAZZA,0.06 kg,ko,5.99,105.09,,5.99,5.99,8000070053526,HRANA
CROISSANT MILKA CHOCO 50 g,90874700,MILKA,0.05 kg,ko,,17.8,0.89,1.09,1.09,7622202257186,HRANA
VINO VUGAVA VISLANDER 0.75 L,90874718,VISLANDER,0.75 l,ko,13.49,17.99,,13.49,13.49,3859893589669,PIĆE
LIKER TERANINO BADEL 0.7L,90874793,BADEL 1862,0.70 l,ko,12.99,18.56,,12.99,12.99,3850112112750,PIĆE
BOMBONI SKITTLES SMOOTHIE VR 95g,90423187,WRIGLEY,0.10 kg,ko,1.59,16.74,,1.11,1.59,4009900531559,HRANA
TRLJA EKSTRA ŽUVELA,90432883,,1.00 kg,kg,5.19,5.19,,3.11,5.19,,HRANA
ŠKARPINA SVJ LIBURNIJA,90453395,LIBURNIJA,1.00 kg,kg,25.99,25.99,,15.58,25.99,,HRANA
KAVA ARABESCA AROMA MLJEVENA 350g,90453528,ARABESCA,0.35 kg,ko,7.79,22.26,,7.79,7.79,3858886803881,HRANA
DET ČARLI CLASSIC 450ml,90468624,ČARLI,0.45 l,ko,1.03,2.29,,1.03,1.03,3850111304125,SREDSTVA ZA ČIŠĆENJE
FANT CHICKEN WOK 45g,90484161,FANT,0.05 kg,ko,1.39,30.89,,1.39,1.39,3856020246242,HRANA
VRHNJE ZA KUHANJE 20% M.M. 500ml KRAVICA,90485413,KRAVICA KRALJICA,0.50 l,ko,3.39,6.78,,3.39,3.39,3856015324351,HRANA
SUNCOKRET PRŽ SL OLJUŠT 50g MOGYI,90493388,MOGYI,0.05 kg,ko,0.79,15.8,,0.59,0.79,5997347544401,HRANA
PAP RUPČ ZEWA DELUXE UZORAK 10/1,90568361,ZEWA,10.00 ko,ko,1.95,0.2,,1.95,1.95,7322540043440,TOALETNE POTREPŠTINE
BOMBONJERA BAJADERA 87g KRAŠ,90568810,BAJADERA,0.09 kg,ko,4.39,50.46,,3.29,4.39,3850102521883,HRANA
GEL ZA LICE DE HYALUR SPEC 50ml,90571601,LOREAL,0.05 l,ko,9.99,199.8,,9.39,9.99,3600523997640,KOZMETIKA
GAZ PIĆE PIPI MANDARINA-LUBENICA 0.5L,90571833,PIPI,0.50 l,ko,1.15,2.3,,1.15,1.15,3870183100050,PIĆE
ČETKICA OB ALLROUND BLACK 3KOM,90572069,ORAL B,1.00 ko,ko,3.59,3.59,,3.59,3.59,3014260101503,KOZMETIKA
KEKS FINESSE NOUGATELLI 175g,90578048,FINESSE,0.18 kg,ko,2.19,12.51,,2.19,2.19,3850334000927,HRANA
SIRUP MARASKA MALINA 1L,90587831,MARASKA,1.00 l,ko,2.99,2.99,,2.99,2.99,3850158105068,PIĆE
MARAMICE VL ARF LEMON 60/1,90603120,ARF,60.02 ko,ko,2.65,0.04,,2.65,2.65,3850105177995,SREDSTVA ZA ČIŠĆENJE
KITTY MM PIL 100G ALU,90682881,KITTY,0.10 kg,ko,0.49,4.9,,0.39,0.49,3850334028440,PROIZVODI ZA KUĆANSTVO
TORTILLA MIX 300g PODRAVKA,90693248,PODRAVKA,0.30 kg,ko,2.49,8.3,,2.49,2.49,3856020259228,HRANA
PAP RUPČIĆI ZEWA SOFTIS MENT 4SL 6+2,90704409,ZEWA,8.00 ko,ko,2.25,0.28,,2.25,2.25,7322542528747,TOALETNE POTREPŠTINE
PIVO ASAHI 0.33L NB,90704623,ASAHI,0.33 l,ko,2.03,6.15,,2.03,2.03,8008440249227,PIĆE
FLIPS SMOKI 80g ŠTARK,90704846,SOKO ŠTARK,0.08 kg,ko,0.89,11.13,,0.89,0.89,8600939508190,HRANA
RIBICE SEZAM 80g CHIO,90706197,CHIO,0.08 kg,ko,1.39,17.38,,1.39,1.39,5996253001237,HRANA
PROIZV BILJ BAZ OKUS PIZZA 250g,90713142,GREEN VIE,0.25 kg,ko,2.45,9.8,,2.45,2.45,5292874000230,HRANA
JOG TEK 2.8% M.M. 1.5kg PET KRAVICA,90713407,KRAVICA KRALJICA,1.50 kg,ko,3.05,2.03,,3.05,3.05,3856015328922,HRANA
ONE MP MINI ACTIVE 4X85g,90719804,ONE,0.34 kg,ko,3.49,10.26,,2.49,3.49,8445290299260,PROIZVODI ZA KUĆANSTVO
SIR KRAVLJI S TARTUFIMA 240g ZIGANTE,90725930,ZIGANTE,0.24 kg,ko,13.99,58.29,,10.99,13.99,3858891982113,HRANA
TORTELINI S PRŠUTOM 500g MINUTE,90729787,MINUTE,0.50 kg,ko,2.95,5.9,,2.25,2.95,3850334053848,HRANA
ČOKOL TONYS MILK CARAMEL/SEA SALT  47g,90732641,TONYS CHOCOLONELY,0.05 kg,ko,1.89,40.21,,1.89,1.89,8717677337316,HRANA
NEG PIĆE OMG BUBBLE TEA BRESKVA 0.27L,90733410,OMG BUBBLE TEA,0.27 l,ko,3.75,13.89,,3.75,3.75,4779033974409,PIĆE
ŠAMPON H&S 2IN1 CLASSIC CLEAN 250 ml,90771164,HEAD&SHOULDE,0.25 l,ko,5.29,21.16,,5.29,5.29,8700216157872,KOZMETIKA
ADVENTUROS TRAINING DIVLJAČ 115 g,90771303,ADVENTUROS,0.12 kg,ko,2.69,23.39,,2.02,2.69,8445290990808,PROIZVODI ZA KUĆANSTVO
MASKA BOTANIC THERAP CHARCOAL 340 ml,90774931,BOTANIC THERAPY,0.34 l,ko,,13.79,4.69,6.29,6.29,3600542510349,KOZMETIKA
KREMA TIJ MIXA CERAMIDE PROT 400 ml,90774949,MIXA,0.40 l,ko,9.49,23.73,,8.99,9.49,3600551135939,KOZMETIKA
TORTA PANGELATO LJEŠNJAK ČOKO 1150 g,90775189,CALLIPO,0.85 kg,ko,19.99,23.59,,19.99,19.99,8033706190340,HRANA
