naziv;¹ifra;marka;neto kolièina;jedinica mjere;MPC;cijena za jedinicu mjere;MPC za vrijeme posebnog oblika prodaje;Najni¾a cijena u posljednjih 30 dana;datum sidrene cijene;sidrena cijena na 2.5.2025.;barkod;kategorija proizvoda
NJOKI CUCINA ITALIA.1 kg ;1010;;1.0000;kg;3.69;3.69;;;02.05.2025;3.69;8000506014107;Hrana
PUDER BECUTAN ZA DJECU 100 g;1040;Becutan;0.1000;kg;3.25;32.50;;;02.05.2025;3.25;5310001139247;Kozmetika
ULJE BECUTAN ZA DJECU 200 ml;1041;Becutan;0.2000;L;3.89;19.45;;;02.05.2025;3.89;5310001166380;Kozmetika
KUPKA BECUTAN ZA DJECU 200 ml;1042;Becutan;0.2000;L;3.49;17.45;;;02.05.2025;3.49;5310001166397;Kozmetika
©AMPON BECUTAN ZA DJECU 200 ml;1044;Becutan;0.2000;L;3.29;16.45;;;02.05.2025;3.29;5310001166410;Kozmetika
SAPUN BECUTAN DJEÈJI 90 g;1045;Becutan;0.0900;kg;1.15;12.78;;;02.05.2025;1.15;5310001138004;Kozmetika
KREMA BECUTAN ZA DJECU 50 ml;1047;Becutan;0.0500;L;2.69;53.80;;;02.05.2025;2.69;5310001146887;Kozmetika
KREMA BECUTAN ZA DJECU 100 ml;1050;Becutan;0.1000;L;3.89;38.90;;;02.05.2025;3.89;5310001146894;Kozmetika
DRES.DEVELEY SA ZAÈ 75 ml VREÆ;1059;Develey;0.0750;L;0.79;10.53;;;02.05.2025;0.79;4006824028219;Hrana
DRES.DEVELEY JOG 75 ml VREÆICA;1078;Develey;0.0750;l;0.79;10.53;;;02.05.2025;0.79;4006824018111;Hrana
BRA©NO T-1100 FARINA 1 kg;1079;;1.0000;kg;1.09;1.09;;;02.05.2025;1.12;3859890160144;Hrana
MED MELBI LIPA 450 g;1090;Melbi;0.4500;kg;8.62;19.16;;;02.05.2025;8.62;38502095;Hrana
KR.DEZODORANTSKA LIDERA 50 ml;1104;Lidera;0.0500;L;3.58;71.60;;;02.05.2025;3.58;3838980810121;Kozmetika
©EÆER SMEÐI LARA PVC 1 kg;1130;;1.0000;kg;3.99;3.99;;;02.05.2025;3.99;3859890118145;Hrana
MED MELBI CVJETNI 450 g;1141;Melbi;0.4500;kg;8.22;18.27;;;02.05.2025;8.22;38502002;Hrana
JOG.VOÆ.JOGOB.CLASS.ZOTT 150 g;1187;Zott;0.1500;kg;0.66;4.40;;;02.05.2025;0.66;4014500503646;Hrana
JOG.VOÆ.JOGOB.EXOTI.ZOTT 150 g;1188;Zott;0.1500;kg;.79;5.27;;;02.05.2025;.79;4014500503684;Hrana
INDIJSKI ORA©.SEEBERGER 150 g ;1196;Seeberger;0.1500;kg;5.99;39.93;;;02.05.2025;5.99;4008258038000;Hrana
PIVO BUDWEISER PR. 0,5 L LIM;1205;Budweiser Budvar;0.5000;L;1.59;3.18;;;02.05.2025;1.59;8594403709797;Piæa
LIKER JAGERMEISTER 1 L;1210;;1.0000;l;22.39;22.39;;;02.05.2025;22.39;4067700015013;Piæa
LIKER JAGERMEISTER 0,7 L;1212;;0.7000;l;16.99;24.27;;;02.05.2025;16.99;4067700032935;Piæa
SREDSTVO PERMETAL 650 ml ;1269;Permetal;0.6500;L;2.89;4.45;;;02.05.2025;2.89;3850111753596;Sredstva za èi¹æenje
SPU®VA GLITZI CRYSTAL 1/1;1280;;1.0000;kom;1.99;1.99;;;02.05.2025;1.99;3838447000294;Proizvodi za kuæanstvo
SPU®VA RAINBOW 10/1;1334;;10.0000;kom;4.29;0.43;;;02.05.2025;4.29;4023103242944;Proizvodi za kuæanstvo
SPU®VA PURACTIVE ZA ISPIR. 2/1;1336;;2.0000;kom;2.19;1.10;;;02.05.2025;2.19;4023103083943;Proizvodi za kuæanstvo
KRPA SPU®VASTA 3/1;1343;;3.0000;kom;4.99;1.66;;;02.05.2025;4.99;3838447000072;Proizvodi za kuæanstvo
KAVA MLJEVENA ANAMARIA 500 g;1433;Anamarija;0.5000;kg;9.49;18.98;;;02.05.2025;9.49;3858881770034;Piæa
KAVA ANAMARIA 250 g ;1436;Anamarija;0.2500;kg;4.99;19.96;;;02.05.2025;4.99;3858881770027;Piæa
KREMA NIVEA 75 ml ;1560;Nivea;0.0750;L;3.15;42.00;;;02.05.2025;3.15;42163176;Kozmetika
KREMA NIVEA SOFT 200 ml;1564;Nivea;0.2000;L;6.29;31.45;;;02.05.2025;6.29;4005808758968;Kozmetika
KREMA NIVEA SOFT 100 ml;1565;Nivea;0.1000;L;5.79;57.90;;;02.05.2025;5.79;4005808760435;Kozmetika
KREM.NIVEA SOFT U TUBI 75 ml;1566;Nivea;0.0750;L;5.15;68.67;;;02.05.2025;5.15;4005808760404;Kozmetika
MLIJEKO NIVEA ZA TIJELO 250 ml;1567;Nivea;0.2500;L;5.99;23.96;;;02.05.2025;5.99;4005808246205;Kozmetika
MLIJEKO ZA TIJELO NIVEA 400 ml;1568;Nivea;0.4000;L;6.99;17.48;;;02.05.2025;6.99;4005808237029;Kozmetika
LOSION ZA TIJ.NIVEA Q10 400 ml;1572;Nivea;0.4000;L;6.99;17.48;;;02.05.2025;6.99;4005808702787;Kozmetika
PJENA ZA KOSU NIVEA-VOL.150 ml;1582;Nivea;0.1500;L;4.99;33.27;;;02.05.2025;4.99;4005808261369;Kozmetika
GEL ZA KOSU NIVEA 150 ml;1584;Nivea;0.1500;L;4.99;33.27;;;02.05.2025;4.99;4005900173966;Kozmetika
GEL ZA KOSU NIVEA KREM.150 ml ;1587;Nivea;0.1500;L;6.49;43.27;;;02.05.2025;6.49;42246534;Kozmetika
MLIJEKO NIVEA VISAGE 200 ml;1588;Nivea;0.2000;L;8.59;42.95;;;02.05.2025;8.59;4005808195145;Kozmetika
LOS.NIVEA VISAGE ZA ODS.125 ml;1594;Nivea;0.1250;L;8.59;68.72;;;02.05.2025;8.59;4005900090942;Kozmetika
BLAZINICE NIVEA VISAGE 80/1;1608;Nivea;80.0000;kom;;0.03;2.29;2.89;02.05.2025;2.89;9005800046334;Toaletne potrep¹tine
REGEN.COLOR PROTECTION 200 ml;1697;Nivea;0.2000;L;3.69;18.45;;;02.05.2025;3.69;42246480;Kozmetika
GEL TU©.NIVEA CREME SOF.250 ml;1707;Nivea;0.2500;L;2.99;11.96;;;02.05.2025;2.99;9005800222882;Kozmetika
KR.DNEVNA NIVEA VISAGE 50 ml;1736;Nivea;0.0500;L;9.49;189.80;;;02.05.2025;9.49;9005800227207;Kozmetika
KRE.DNE.NIVEA VISAGE Q10 50 ml;1746;Nivea;0.0500;L;15.59;311.80;;;02.05.2025;15.59;9005800227238;Kozmetika
KRE.NIVEA NOÆ.VISAGE Q10 50 ml;1747;Nivea;0.0500;L;15.59;311.80;;;02.05.2025;15.59;9005800227269;Kozmetika
DEO ROLL ON NIVEA DRY CO.50 ml;1776;Nivea;0.0500;L;4.99;99.80;;;02.05.2025;4.99;42241706;Kozmetika
DEO SPR.NIVEA FRESH ACT.150 ml;1780;Nivea;0.1500;L;4.99;33.27;;;02.05.2025;4.99;9005800373331;Kozmetika
DEO SPRAY NIVEA FRESH N.150 ml;1782;Nivea;0.1500;L;4.99;33.27;;;02.05.2025;4.99;4005808723256;Kozmetika
DEO ROLL ON NIVEA FRESH 50 ml;1784;Nivea;0.0500;L;4.99;99.80;;;02.05.2025;4.99;42242864;Kozmetika
DEO ROLL ON NIVEA FRESH 50 ml;1785;Nivea;0.0500;L;4.99;99.80;;;02.05.2025;4.99;42241553;Kozmetika
DEO SPR.NIVEA COOL KICK 150 ml;1798;Nivea;0.1500;L;4.99;33.27;;;02.05.2025;4.99;4005808730377;Kozmetika
DEO ROLL ON NIVEA AQUA C.50 ml;1811;Nivea;0.0500;L;4.99;99.80;;;02.05.2025;4.99;42241980;Kozmetika
AS NIVEA BALS.SENSITIV 100 ml;1820;Nivea;0.1000;L;;55.90;5.59;7.49;02.05.2025;7.49;4005808228706;Kozmetika
FLIPS BIG PEP SMOK.BA.CHI.65 g;1913;Chio;0.0650;kg;1.69;26.00;;;02.05.2025;1.69;5997312702065;Hrana
CAPPUCCINO ANAMARIA 200 g;1916;Anamarija;0.2000;kg;2.59;12.95;;;02.05.2025;2.59;3858881770447;Piæa
PJENA NIVEA MILD 200 ml;1939;Nivea;0.2000;L;;14.95;2.99;3.99;02.05.2025;4.79;4005808228980;Kozmetika
PJENA NIVEA SENSITIVE 200 ml;1940;Nivea;0.2000;L;;14.95;2.99;3.99;02.05.2025;4.79;4005808310715;Kozmetika
KREMA ZA RUKE ATRIX 150 ml;1966;Atrix;0.1500;L;3.39;22.60;;;02.05.2025;3.39;9005800375519;Kozmetika
LABELLO CLASSIC 4,8 g;1975;Labello;1.0000;kom;2.99;2.99;;;02.05.2025;2.99;9005800362861;Kozmetika
LABELLO MED REPAIR 4,8 g;1983;Labello;1.0000;kom;3.49;3.49;;;02.05.2025;3.49;9005800362908;Kozmetika
HANSAPLAST UNIVERSAL 40 KOM;2005;Hansaplast;40.0000;kom;;0.09;3.49;4.29;02.05.2025;4.29;4005800239458;Toaletne potrep¹tine
FLIPS BOBI 40 g  ;2094;Bobi;0.0400;kg;0.59;14.75;;;02.05.2025;0.59;3858891590004;Hrana
FLIPS BOBI 90 g ;2095;Bobi;0.0900;kg;0.95;10.56;;;02.05.2025;0.95;3858891590042;Hrana
PA©TETA ARGETA KOKO©JA 95 g;2110;Argeta;0.0950;kg;1.39;14.63;;;02.05.2025;1.39;3838975567009;Hrana
HRANA ZA PSE HO.DOG GOV.1240 g;2112;Hobby;1.2400;kg;3.19;2.57;;;02.05.2025;3.19;3838964223558;Proizvodi za kuæanstvo
HRANA ZA PSE HO.DOG PER.1240 g;2119;Hobby;1.2400;kg;3.19;2.57;;;02.05.2025;3.19;3838964123605;Proizvodi za kuæanstvo
HRANA ZA HRÈKE  HOBBY 500 g ;2159;Hobby;0.5000;kg;1.89;3.78;;;02.05.2025;1.85;3838964055555;Proizvodi za kuæanstvo
HRANA ZA ZAMORCE HOBBY 500 g;2161;Hobby;0.5000;kg;1.89;3.78;;;02.05.2025;1.85;3838964055609;Proizvodi za kuæanstvo
HRANA ZA KUNIÆE HOBBY500 g ;2162;Hobby;0.5000;kg;1.89;3.78;;;02.05.2025;1.85;3838964109487;Proizvodi za kuæanstvo
HRANA ZA PAPIGE HOBBY 500 g;2165;Hobby;0.5000;kg;1.99;3.98;;;02.05.2025;1.92;3838964001200;Proizvodi za kuæanstvo
HRANA ZA SREDNJE PAPIGE 500 g;2166;Hobby;0.5000;kg;1.89;3.78;;;02.05.2025;1.85;3838964001101;Proizvodi za kuæanstvo
BLAZINICE LOLETE SENSITIV 85/1;2190;Lola;85.0000;kom;1.65;0.02;;;02.05.2025;1.65;3858881100244;Toaletne potrep¹tine
PIJESAK ZA MAÈKE CLEAN 5 kg;2216;Hobby;1.0000;kom;4.19;4.19;;;02.05.2025;4.19;3838964112159;Proizvodi za kuæanstvo
VATA LOLA SENSITIVE 50 g;2227;Lola;0.0500;kg;1.19;23.80;;;02.05.2025;1.19;3858881100015;Toaletne potrep¹tine
VATA LOLA CIK-CAK 100 g;2229;Lola;0.1000;kg;1.79;17.90;;;02.05.2025;1.79;3858881100619;Toaletne potrep¹tine
VATA LOLA SENSITIVE 100 g;2230;Lola;0.1000;kg;1.95;19.50;;;02.05.2025;1.95;3858881100022;Toaletne potrep¹tine
PUDER ZA TI.FELCE AZZURA 100 g;2328;Felce Azzurra;0.1000;kg;1.79;17.90;;;02.05.2025;1.79;8001280026102;Kozmetika
KAVA BARCAFFE 100 g ;2379;Barcaffe;0.1000;kg;2.79;27.90;;;02.05.2025;2.79;3838975531628;Piæa
PA©TETA ARGETA KOKO©JA 45 g;2497;Argeta;0.0450;kg;.93;20.67;;;02.05.2025;.93;38381423;Hrana
PA©TETA ARGETA JETRENA 95 g;2521;Argeta;0.0950;kg;1.39;14.63;;;02.05.2025;1.39;3838975567030;Hrana
MIX ZA RI®OTO ZMH 350 g ;3188;;0.3500;kg;3.39;9.69;;;02.05.2025;3.39;3859889284042;Hrana
DAGNJE FROZY 350 g;3202;Frozy;0.3500;kg;3.49;9.97;;;02.05.2025;3.49;3859889284301;Hrana
KOZICE OÈI©ÆENE FROZY 350 g;3209;Frozy;0.3500;kg;4.49;12.83;;;02.05.2025;4.49;3859889284325;Hrana
PROLJETNI PRIPRAV.FROZY 350 g;3218;Frozy;0.3500;kg;2.99;8.54;;;02.05.2025;2.99;3859889284196;Hrana
JU©NE CROUTONS KOCKICE 100 g;3273;;0.1000;kg;2.19;21.90;;;02.05.2025;2.19;4000186040407;Hrana
JU©NE CROUTONS KO.ZAÈINI 100 g;3278;;0.1000;kg;2.19;21.90;;;02.05.2025;2.19;4000186040421;Hrana
JU©NE CROUTONS KO.LUK/ÈE©.100g;3284;;0.1000;kg;2.19;21.90;;;02.05.2025;2.19;4000186040506;Hrana
PALENTA ZLATO POLJE VREÆ.450 g;3293;Zlato Polje;0.4500;kg;1.49;3.31;;;02.05.2025;1.49;3838700540147;Hrana
PALENTA ZLATO POLJE VREÆ.250 g;3294;Zlato Polje;0.2500;kg;0.99;3.96;;;02.05.2025;0.99;3838700540116;Hrana
TJES.FLAVIO FUSILLI 500 g ;3483;Flavio;0.5000;kg;1.85;3.70;;;02.05.2025;1.85;8025202002500;Hrana
TJES.FLAVIO PENNE RIGATE 500 g;3486;Flavio;0.5000;kg;1.85;3.70;;;02.05.2025;1.85;8025202002470;Hrana
TJES.FLAVIO PIPE RIGATE 500 g;3487;Flavio;0.5000;kg;1.85;3.70;;;02.05.2025;1.85;8025202002463;Hrana
ÈOKOLADA RIKI RI®A ORIG.300 g;3500;Riki;0.3000;kg;5.29;17.63;;;02.05.2025;5.29;3858881040472;Hrana
ÈOKOLADA RIKI RI®A ORIG.200 g;3502;Riki;0.2000;kg;3.85;19.25;;;02.05.2025;3.85;3858881040458;Hrana
ÈOKO.ZA KUH.DESSERT CHEF 100 g;3528;Kandit;0.1000;kg;;16.90;1.69;1.99;02.05.2025;1.99;3858881040335;Hrana
ÈOKO.ZA KUH.DESSERT CHEF 200 g;3530;Kandit;0.2000;kg;;13.45;2.69;3.79;02.05.2025;3.79;3858881040298;Hrana
BOMB.MENTOL ZELENI KANDI.100 g;3552;Kandit;0.1000;kg;0.85;8.50;;;02.05.2025;0.85;3858881043466;Hrana
BRIT.WILKINSON PRON.JEDN.5/1;3599;Wilkinson;1.0000;kom;1.99;1.99;;;02.05.2025;1.99;4027800080137;Kozmetika
BRIT.WILKINSON DUPLO JEDNO.5/1;3601;Wilkinson;1.0000;kom;2.99;2.99;;;02.05.2025;2.99;40278063;Kozmetika
BRIJ.WILKINSON EXTRA 2 SEN.5+2;3605;Wilkinson;5.0000;kom;3.49;0.70;;3.39;02.05.2025;4.59;4027800348206;Kozmetika
PATRONE WILKINSON BLISTER 5/1;3607;Wilkinson;5.0000;kom;1.39;0.28;;1.29;02.05.2025;1.49;4027800011209;Kozmetika
ÈOK.RITTER SP.RUM-LJE.GR.100 g;3621;Ritter Sport;0.1000;kg;1.79;17.90;;;02.05.2025;1.79;4000417012005;Hrana
ÈOK.RITTER SPORT PRALINE 100 g;3626;Ritter;0.1000;kg;1.79;17.90;;;02.05.2025;1.79;4000417026002;Hrana
KEKS GRIESSON DUO KAKAO 500 g;3652;Griesson;0.5000;kg;3.69;7.38;;;02.05.2025;3.69;4001518117170;Hrana
KEKS GRIESSON COOKIE NUT 150 g;3710;Griesson;0.1500;kg;2.39;15.93;;;02.05.2025;2.39;4001518001219;Hrana
KEKS GRIESSON COOK.CLAS.150 g ;3715;Griesson;0.1500;kg;2.39;15.93;;;02.05.2025;2.39;4001518116999;Hrana
OCAT ACETO BALSAM.DUOMO 250 ml;3733;;0.2500;L;3.49;13.96;;;02.05.2025;3.49;8014347000458;Hrana
OCAT ACETO BALSAM.DUOMO 500 ml;3734;Il Torrione;0.5000;l;3.99;7.98;;;02.05.2025;3.99;8014347000465;Hrana
BRIT.WILKINSON EXTR.2 BEA.5+2;3782;Wilkinson;5.0000;kom;4.59;0.92;;;02.05.2025;4.59;4027800576159;Kozmetika
KAVA MLJEVENA GLORIA 500 g;3860;Gloria;0.5000;kg;9.49;18.98;;;02.05.2025;9.49;3858881088184;Piæa
KAVA GLORIA 250 g;3876;Gloria;0.2500;kg;5.09;20.36;;;02.05.2025;5.09;3858881084872;Piæa
Per¹in list rfs;3920;;1.0000;kg;5.99;5.99;;;02.05.2025;5.99;3859891904297;Hrana
KUKURUZ ©EÆ.BONDUELLE 170 g;3944;Bonduelle;0.1400;kg;1.23;8.79;;;02.05.2025;1.23;3083680074094;Hrana
TOALETNA TORBICA BASIC ;3955;Vedeta;1.0000;kom;13.27;13.27;;;02.05.2025;13.27;3858883857702;Toaletne potrep¹tine
KUKURUZ ©EÆ.BONDUELLE 530 g;3956;Bonduelle;0.3600;kg;2.79;7.75;;;02.05.2025;2.79;3083680015424;Hrana
TOALETNA TORBICA GOLF MAXI ;3960;Vedeta;1.0000;kom;10.61;10.61;;;02.05.2025;10.61;3858883853278;Toaletne potrep¹tine
TOALETNA TORBICA GOLF MINI ;3961;Vedeta;1.0000;kom;9.35;9.35;;;02.05.2025;9.35;3858883853285;Toaletne potrep¹tine
KUKURUZ ©EÆ.BONDUELLE 670 g;3969;Bonduelle;0.5700;kg;3.89;6.82;;;02.05.2025;3.89;3083681024258;Hrana
Poriluk rfs;3987;Eigenbedarf;1.0000;kg;;0.99;0.99;1.19;02.05.2025;1.99;3858893251484;Hrana
TOALETNA TORBICA IDA MAXI;3988;Vedeta;1.0000;kom;6.63;6.63;;;02.05.2025;6.63;3858883856101;Toaletne potrep¹tine
Radiè rfs;3996;;1.0000;kg;4.99;4.99;;;02.05.2025;4.99;3858885877265;Hrana
Luk ¾uti rfs;4015;Eigenbedarf;1.0000;kg;0.84;0.84;;;02.05.2025;0.84;3858885871041;Hrana
Rajèica rfs;4018;;1.0000;kg;1.99;1.99;;;02.05.2025;2.49;3858885877289;Hrana
Paprika babura rfs;4025;;1.0000;kg;;1.69;1.69;2.99;02.05.2025;3.99;3858885876060;Hrana
Dinja ;4037;;1.0000;kg;2.99;2.99;;;02.05.2025;3.49;3858893251545;Hrana
GRA©AK BONDUELLE 200 g;4055;Bonduelle;0.1300;kg;1.65;12.69;;;02.05.2025;1.65;3083680538404;Hrana
GRA©AK BONDUELLE 400 g ;4057;Bonduelle;0.2650;kg;1.89;7.13;;;02.05.2025;1.89;3083680047364;Hrana
GRA©AK BONDUELLE 800 g;4063;Bonduelle;0.5300;kg;3.39;6.40;;;02.05.2025;3.39;3083680004275;Hrana
LEÆA BONDUELLE 400 g ;4099;Bonduelle;0.2650;kg;2.69;10.15;;;02.05.2025;2.69;3083680996044;Hrana
GRAH BONDUELLE BIJELI 400 g;4106;Bonduelle;0.2400;kg;2.49;10.38;;;02.05.2025;2.49;3083680001663;Hrana
ZUB.PASTA AQUAFRESH 75 ml;4126;Aquafresh;0.0750;L;2.19;29.20;;;02.05.2025;2.19;5999518578048;Kozmetika
ZUB.PASTA AQUAFRESH 75 ml;4132;Aquafresh;0.0750;L;2.19;29.20;;;02.05.2025;2.19;5999518578031;Kozmetika
GRAH BONDUELLE CRVENI 400 g;4134;Bonduelle;0.2400;kg;2.79;11.63;;;02.05.2025;2.79;3083680009508;Hrana
ZUB.PASTA AQUAFRESH 75 ml;4135;Aquafresh;0.0750;L;2.19;29.20;;;02.05.2025;2.19;5054563199669;Kozmetika
ZUB.PAS.AQUAFRESH MILD 100 ml;4143;Aquafresh;0.1000;L;2.89;28.90;;;02.05.2025;2.69;5999518578079;Kozmetika
ZUB.PAS.AQUAFRESH FRESH 100 ml;4147;Aquafresh;0.1000;L;2.89;28.90;;;02.05.2025;2.69;5054563203649;Kozmetika
GRAH BONDUELLE MEXICANA 430 g;4170;Bonduelle;0.2000;kg;2.09;10.45;;;02.05.2025;2.09;3083680495882;Hrana
®VAKE ORBIT DRA®.PEPERMIN.14 g;4211;Wrigley;0.0140;kg;.99;70.71;;;02.05.2025;.99;50173204;Hrana
®VAKE ORBIT DRA®EJE WINT.14 g;4213;Wrigley;0.0140;kg;.99;70.71;;;02.05.2025;.99;50173976;Hrana
®V.ORBIT DRA®.SPEARMINT 14 g;4216;Wrigley;0.0140;kg;.99;70.71;;;02.05.2025;.99;50173822;Hrana
®VAKE ORBIT DRA®EJE FRESH.14 g;4231;Wrigley;0.0140;kg;0.99;70.71;;;02.05.2025;0.99;42069942;Hrana
®VAKE ORBIT SWEET MINT 14 g;4237;Wrigley;0.0140;kg;.99;70.71;;;02.05.2025;.99;50173808;Hrana
ÈETK.ZA ZUBE AQUAFRESH ;4245;Aquafresh;1.0000;kom;2.69;2.69;;;02.05.2025;2.69;5054563932327;Kozmetika
ÈETK.ZA ZUBE AQUAFRESH DJ.;4267;Aquafresh;1.0000;kom;3.59;3.59;;;02.05.2025;3.59;5054563125439;Kozmetika
ÈETK.ZA ZUBE AQF.LITTLE TEETH;4269;Aquafresh;1.0000;kom;3.59;3.59;;;02.05.2025;3.59;5054563123619;Kozmetika
®VAKE AIRWAVES DRA®EJE 14 g;4289;Wrigley;0.0140;kg;.99;70.71;;;02.05.2025;.99;50173167;Hrana
®VAKE AIRWAVES CR.RIB.DR.14 g;4291;Wrigley;0.0140;kg;.99;70.71;;;02.05.2025;.99;42070047;Hrana
®VAKE AIRWAVES BL.MINT DR.14 g;4297;Wrigley;0.0160;kg;.99;61.88;;;02.05.2025;.99;42101925;Hrana
TABLETE ZA ÈI©.PROTEZE COREGA;4314;Corega;30.0000;kom;6.19;0.21;;;02.05.2025;6.19;5054563213013;Kozmetika
KREMA COREGA EXTR.STRONG 40 ml;4320;Corega;1.0000;kom;5.99;5.99;;;02.05.2025;5.99;5999518572060;Kozmetika
ZUB.PASTA PARODONTAX 75 ml;4340;Parodontax;0.0750;L;5.85;78.00;;;02.05.2025;5.45;5054563949738;Kozmetika
ZUB.PASTA PARODONTAX 75 ml;4348;Parodontax;0.0750;L;5.85;78.00;;;02.05.2025;5.45;5054563058225;Kozmetika
ZUB.PASTA SENSODYNE 75 ml;4356;Sensodyne;0.0750;L;4.49;59.87;;;02.05.2025;3.95;3800132250550;Kozmetika
ZUB.PASTA SENSODYNE 75 ml;4379;Sensodyne;0.0750;L;4.49;59.87;;;02.05.2025;3.95;5054563042996;Kozmetika
CEDEVITA LIMUN 200 g;4388;Cedevita;0.2000;kg;2.09;10.45;;;02.05.2025;2.09;3850322003534;Piæa
UMAK CHIO TORTIL.SALSA 200 ml;4394;Chio;0.2000;l;3.49;17.45;;;02.05.2025;3.49;4001242108215;Hrana
NAMAZ STDALFOUR MARELICA 284 g;4397;St Dalfour;0.2840;kg;4.69;16.51;;;02.05.2025;4.69;3492390007290;Hrana
NAMAZ ST.DALFOUR JAGODA 284 g;4407;St Dalfour;0.2840;kg;4.69;16.51;;;02.05.2025;4.69;3492390007443;Hrana
SRE.FROSCH PROTIV KAMENCA 1 L ;4408;Frosch;1.0000;L;;2.39;2.39;2.99;02.05.2025;2.99;4009175138965;Sredstva za èi¹æenje
NAM.ST.DALFOUR 4 VR.VOÆ.284 g ;4413;St Dalfour;0.2840;kg;4.69;16.51;;;02.05.2025;4.69;3492390007382;Hrana
NAMA.ST.DALFOUR BRUS.BOR.284 g;4415;St Dalfour;0.2840;kg;4.99;17.57;;;02.05.2025;4.99;3492390007320;Hrana
LOSION ERDAL ZA KO®U 500 ml;4417;Erdal;0.5000;L;5.97;11.94;;;02.05.2025;5.97;4009175163479;Proizvodi za kuæanstvo
NAM.ST.DALFOUR CR.RIBIZL 284 g;4419;St Dalfour;0.2840;kg;4.69;16.51;;;02.05.2025;4.69;3492390007313;Hrana
PANIR.SURIMI RAÈIÆI VICI 170 g;4428;Vici;0.1700;kg;2.29;13.47;;;02.05.2025;2.29;4770190036214;Hrana
KREMA ERDAL CRNA U TUBI 60 ml;4432;Erdal;0.0600;L;2.35;39.17;;;02.05.2025;2.35;4009175111531;Proizvodi za kuæanstvo
KREMA ERDAL CRNA 55 ml;4435;Erdal;0.0550;L;1.95;35.45;;;02.05.2025;1.95;4009175111449;Proizvodi za kuæanstvo
BOMBONI RONDO C CLASSIC 28 g;4446;Rondo C;0.0280;kg;0.59;21.07;;;02.05.2025;0.59;38502934;Hrana
SPREJ ERDAL NEUTRAL 250 ml ;4461;Erdal;0.2500;L;3.85;15.40;;;02.05.2025;3.85;4009175163585;Proizvodi za kuæanstvo
KRASTAVCI DROGA 670 g;4494;Droga Kolinska;0.3500;kg;2.79;7.97;;;02.05.2025;2.79;3830042561934;Hrana
PAPRIKA DROGA FILETI 620 g;4503;Droga Kolinska;0.3600;kg;3.19;8.86;;;02.05.2025;3.19;3830042562337;Hrana
CIKLA DROGA 670 g;4508;Droga Kolinska;0.4000;kg;2.49;6.23;;;02.05.2025;2.49;3830042562375;Hrana
Blitva rfs;4510;;1.0000;kg;1.59;1.59;;;02.05.2025;2.49;3858893251552;Hrana
Celer korijen;4517;;1.0000;kg;1.29;1.29;;;02.05.2025;1.19;3858885876312;Hrana
Celer list;4518;;1.0000;kg;3.99;3.99;;;02.05.2025;3.99;845;Hrana
Ðumbir rfs;4524;;1.0000;kg;;3.29;3.29;3.99;02.05.2025;4.49;3858885879207;Hrana
AROMA BANANA AROMAR 15 ml;4563;Aromar;0.0150;l;1.59;106.00;;;02.05.2025;1.59;3859888333062;Hrana
AROMA JAGODA AROMAR 15 ml;4581;Aromar;0.0150;l;1.59;106.00;;;02.05.2025;1.59;3859888333031;Hrana
AROMA MALINA AROMAR 15 ml;4587;;0.0150;l;1.59;106.00;;;02.05.2025;1.59;3859888333048;Hrana
AROMA NARANÈA AROMAR 15 ml;4590;;0.0150;l;1.59;106.00;;;02.05.2025;1.59;3859888333109;Hrana
AROMA RUM AROMAR 15 ml ;4592;Aromar;0.0150;l;1.59;106.00;;;02.05.2025;1.59;3859888333017;Hrana
AROMA VANILIJA AROMAR 15 ml;4594;Aromar;0.0150;l;1.59;106.00;;;02.05.2025;1.59;3859888333024;Hrana
OCAT VINSKI KISKO  0,5 L 6%;4628;Kisko;0.5000;l;1.49;2.98;;;02.05.2025;1.49;3850164321148;Hrana
OCAT VINSKI KISKO 6% 1 L;4638;Kisko;1.0000;l;2.09;2.09;;;02.05.2025;2.09;3850164321117;Hrana
OCAT JABUÈNI KISKO 0,5L 5%;4642;Kisko;0.5000;l;1.49;2.98;;;02.05.2025;1.49;3850164340149;Hrana
OCAT JABUÈNI KISKO 5% 1 L;4644;Kisko;1.0000;l;2.09;2.09;;;02.05.2025;2.09;3850164340118;Hrana
OCAT ALKOHOLNI KISKO 9% 1 L;4648;Kisko;1.0000;l;1.29;1.29;;;02.05.2025;1.29;3850164310111;Hrana
OCAT ALKOHOLNI KISKO 9% 3 L;4651;Kisko;3.0000;l;3.59;1.20;;;02.05.2025;3.59;3850164310180;Hrana
OCAT ALKOHOLNI KISKO 9% 5 L;4655;Kisko;5.0000;l;5.59;1.12;;;02.05.2025;5.59;3850164310197;Hrana
OCAT ALKOHOLNI KISKO 9% 0,5 L;4657;Kisko;0.5000;l;1.05;2.10;;;02.05.2025;1.05;3850164310142;Hrana
OCAT VINSKI KISKO 6% 1 L;4659;Kisko;1.0000;l;2.09;2.09;;;02.05.2025;2.09;3850164331116;Hrana
ZAÈIN ORIGANO ©AFRAM 150g;4676;Safram;0.1500;kg;2.91;19.40;;;02.05.2025;2.91;3859888163225;Hrana
BADEM NPS NATURA 100 g;4690;Natura;0.1000;kg;2.49;24.90;;;02.05.2025;2.49;3859890587309;Hrana
PI©KOTE MANNER 200 g;4704;Manner;0.2000;kg;2.89;14.45;;;02.05.2025;2.89;9000331608013;Hrana
ÈOK.CASALI BANANE 300 g;4720;Manner;0.3000;kg;4.59;15.30;;;02.05.2025;4.59;9000332812822;Hrana
ZAÈIN ORIGANO ©AFRAM 5g;4746;;0.0050;kg;0.49;98.00;;;02.05.2025;.47;3859888163140;Hrana
ZAÈ.BILJ.LOVOR LIST ©AFRAM 50g;4750;Safram;0.0500;kg;2.49;49.80;;;02.05.2025;2.52;3859890104162;Hrana
LOSION OLD SP.WHITEWAT.100 ml;4754;Old Spice;0.1000;L;;61.90;6.19;7.79;02.05.2025;7.79;5000174440256;Kozmetika
ZAÈ.BILJ.LOVOR LIST ©AFRAM 10g;4756;;0.0100;kg;.79;79.00;;;02.05.2025;.79;3859888163690;Hrana
ZAÈIN MJ.FI© BLAGI ©AFRAM 90g;4763;;0.0900;kg;1.32;14.67;;;02.05.2025;1.32;3859888163126;Hrana
ZAÈIN MJ.FI© LJUTI ©AFRAM 90g;4771;Safram;0.0900;kg;1.32;14.67;;;02.05.2025;1.32;3859890104223;Hrana
VOSAK ÈUPKO MED 270 g;4794;Cupko;0.2700;kg;4.51;16.70;;;02.05.2025;4.51;3859888495081;Kozmetika
VOSAK ÈUPKO ZA TOPLU DEP.100 g;4816;Cupko;0.1000;kg;4.99;49.90;;;02.05.2025;4.99;3859888495005;Kozmetika
TRAKE ZA DEPILACIJU ÈUPKO 16/1;4831;Cupko;16.0000;kom;4.11;0.26;;;02.05.2025;4.11;3859888495029;Kozmetika
TRAKE ZA DEPILA.LICA ÈUP 16/1;4835;Cupko;16.0000;kom;3.86;0.24;;;02.05.2025;3.86;3859888495074;Kozmetika
TRAKE BEZ VOSKA ÈUPKO 20/1;4838;Cupko;20.0000;kom;1.99;0.10;;;02.05.2025;2.18;3859888495128;Kozmetika
ÈOKOLADA BOUNTY 57 g;4859;Bounty;0.0570;kg;1.39;24.39;;;02.05.2025;1.39;5000159557771;Hrana
ZAÈ.PAPAR CRNI ZRN.©AFRAM 50 g;4874;Safram;0.0500;kg;2.25;45.00;;;02.05.2025;2.25;3859888163119;Hrana
INDIJSKI ORAH NATURA 150 g;4915;Natura;0.1500;kg;4.24;28.27;;;02.05.2025;4.24;3859890587224;Hrana
ZAÈIN PAPAR BIJ.MLJ.©AFRAM 20g;4942;Safram;0.0200;kg;1.25;62.50;;;02.05.2025;1.25;3859888163836;Hrana
ZAÈ.PAPAR CRN.MLJ.©AFRAM 100 g;4953;Safram;0.1000;kg;2.91;29.10;;;02.05.2025;2.91;3859888163034;Hrana
MAK MLJEVENI NATURA 200 g;4956;Marjan Voce;0.2000;kg;2.19;10.95;;;02.05.2025;2.12;3859890587354;Hrana
ZAÈ.PAPAR CRNI MLJ.©AFRAM 50 g;4958;Safram;0.0500;kg;1.89;37.80;;;02.05.2025;1.89;3859888163089;Hrana
ZAÈIN PAPAR CRN.MLJ.©AFRAM 10g;4963;;0.0100;kg;.59;59.00;;;02.05.2025;.59;3859888163096;Hrana
ÈOKOLADA MILKY WAY MILK 21,5 g;4967;Milky Way;0.0220;kg;0.79;35.91;;;02.05.2025;0.79;5000159550567;Hrana
ZAÈIN PAPRIKA MLJEV.©AFRAM 25g;4968;;0.0250;kg;0.86;34.40;;;02.05.2025;0.86;3859888163256;Hrana
ZAÈ.PAPRIKA LJUTA ©AFRAM 500 g;4983;;0.5000;kg;7.96;15.92;;;02.05.2025;7.96;3859890104124;Hrana
ZAÈ.PAPRIKA MLJE.©AFRAM 100 g;4995;Safram;0.1000;kg;1.79;17.90;;;02.05.2025;1.79;3859888163058;Hrana
ZAÈ.PAPRIKA SLATK.©AFRAM 500 g;5005;;0.5000;kg;7.96;15.92;;;02.05.2025;7.96;3859890104117;Hrana
ZAÈ.PAPRIKA SLAT.©AFRAM 200 g;5006;;0.2000;kg;3.31;16.55;;;02.05.2025;3.31;3859888163072;Hrana
ZAÈ.PAPRIKA SLAT.©AFRAM 100 g;5009;;0.1000;kg;1.79;17.90;;;02.05.2025;1.79;3859888163065;Hrana
ZAÈ.PAPRIKA DELIK.©AFRAM100 g;5011;;0.1000;kg;1.98;19.80;;;02.05.2025;1.98;3859888163317;Hrana
NIC NACS LORENZ KIKIRIKI 125 g;5012;Lorenz;0.1250;kg;;18.32;2.29;2.89;02.05.2025;2.89;4017100759000;Hrana
NAPOLITANKE JADRO 200 g;5014;Jadro;0.2000;kg;1.79;8.95;;;02.05.2025;1.79;3850102522484;Hrana
NAPOLITANKE JADRO 430 g;5015;Jadro;0.4300;kg;2.49;5.79;;2.49;02.05.2025;3.19;3850102522545;Hrana
NAPOLITANKE JADRO 860 g;5016;Jadro;0.8600;kg;4.99;5.80;;;02.05.2025;4.99;3850102522514;Hrana
PALENTA INSTANT ©AFRAM 450 g;5018;;0.4500;kg;1.19;2.64;;;02.05.2025;1.19;3859890104001;Hrana
NAPOLIT.JADRO KOK./ÈOK.430 g ;5019;Jadro;0.4300;kg;2.49;5.79;;2.49;02.05.2025;3.29;3850102522552;Hrana
CROISSANT 7 DAY S MINI 60 g;5041;7 Day's;0.0600;kg;0.91;15.17;;;02.05.2025;0.91;7622202215322;Hrana
TABL.ANITRA ZA VODOKOTLIÆ  1/1;5068;Anitra;1.0000;kom;2.19;2.19;;2.19;02.05.2025;2.19;8002030114452;Sredstva za èi¹æenje
ZAÈIN CIMET MLJEV.KOTANYI 45 g;5101;Kotanyi;0.0450;kg;2.99;66.44;;;02.05.2025;2.49;9001414040553;Hrana
ZAÈIN BOSILJAK KOTANYI 15 g;5112;;0.0150;kg;2.19;146.00;;;02.05.2025;1.98;9001414041819;Hrana
ZAÈ.MAJÈI.DU©.TIM.KOTANYI 19 g;5118;;0.0190;kg;2.19;115.26;;;02.05.2025;1.98;9001414040515;Hrana
ZAÈIN RU®MARIN KOTANYI 35 g;5121;;0.0350;kg;2.19;62.57;;;02.05.2025;1.98;9001414041871;Hrana
ZAÈ.MA®URAN USIT.KOTANYI 10 g;5126;;0.0100;kg;2.19;219.00;;;02.05.2025;1.98;9001414040287;Hrana
ZAÈ.PER©IN KOTANYI GAST.100 g;5148;Kotanyi;0.1000;kg;7.59;75.90;;;02.05.2025;6.99;9001414024560;Hrana
ZAÈ.ORIGANO MRV.KOTANYI 135 g;5151;Kotanyi;0.1350;kg;8.49;62.89;;;02.05.2025;8.49;9001414024539;Hrana
CROISSSANT 7 DAY S MIDI 60 g;5160;7 Day's;0.0600;kg;;9.83;0.59;0.85;02.05.2025;0.85;7622201388409;Hrana
ZAÈ.PAPAR ©ARENI KOTANYI 35 g ;5165;;0.0350;kg;4.49;128.29;;;02.05.2025;3.99;9001414041130;Hrana
CROISSANT 7DAY S FAMILY 185 g;5177;7 Day's;0.1850;kg;;8.05;1.49;2.65;02.05.2025;2.65;7622202215292;Hrana
CROIS.7DAYS FAMILY MILLFU.185g;5198;7 Day's;0.1850;kg;;8.05;1.49;2.65;02.05.2025;2.65;7622202215735;Hrana
ZAÈIN KIM ©AFRAM 10g;5328;;0.0100;kg;0.49;49.00;;;02.05.2025;.47;3859888163133;Hrana
ZAÈIN PER©IN SU©EN.©AFRAM 150g;5333;;0.1500;kg;3.49;23.27;;;02.05.2025;3.71;3859890104063;Hrana
SUHA ©LJIVA ©AFRAM 200 g;5346;Safram;0.2000;kg;2.49;12.45;;;02.05.2025;2.49;3859890104230;Hrana
ÈOKOLADNO JAJE KINDER JOY 20 g;5375;Ferrero;0.0200;kg;1.49;74.50;;;02.05.2025;1.49;80310891;Hrana
ÈOK.KINDER FERRERO 50 g;5378;Ferrero;0.0500;kg;1.15;23.00;;;02.05.2025;1.15;80177609;Hrana
ÈOK.KINDER FERRERO 100 g;5383;Kinder;0.1000;kg;1.79;17.90;;;02.05.2025;1.79;80177616;Hrana
ZAÈIN CIMET U KORI ©AFRAM 20g;5390;;0.0200;kg;0.99;49.50;;;02.05.2025;0.99;3859890104261;Hrana
ÈOK.KINDER COUNTRY 23,5 g;5394;Ferrero;0.2350;kg;0.79;3.36;;;02.05.2025;0.79;40084176;Hrana
ÈOK.KINDER BUENO 43 g;5396;Kinder;0.0430;kg;1.19;27.67;;;02.05.2025;1.19;80052760;Hrana
ZAÈIN KLINÈIÆ CIJEL.©AFRAM 20g;5398;Safram;0.0200;kg;1.19;59.50;;;02.05.2025;1.45;3859890104247;Hrana
ZAÈIN ÈE©NJAK GRANU.©AFRAM 30g;5404;;0.0300;kg;.79;26.33;;;02.05.2025;.79;3859888163270;Hrana
RAFFAELLO T-15 FERRERO 150 g;5416;Ferrero;0.1500;kg;3.99;26.60;;;02.05.2025;3.99;8000500023976;Hrana
RAFFAELLO FERRERO 40 g;5420;Ferrero;0.0400;kg;1.29;32.25;;;02.05.2025;1.29;5413548040639;Hrana
MLIJEKO UHT 3,5% ALPSKO 1 L;5521;Ljubljanske Mlekarne;1.0000;L;1.69;1.69;;;02.05.2025;1.69;3838800040578;Hrana
SPREJ GLADE RELAXING Z.300 ml;5549;Glade;0.3000;L;3.69;12.30;;;02.05.2025;3.69;3858895411046;Sredstva za èi¹æenje
ROCHER T16 FERRERO 200 g;5563;Ferrero;0.2000;kg;6.49;32.45;;;02.05.2025;6.49;8000500003787;Hrana
RI®A ©AFRAM DUGO ZRNO 950g;5574;;0.9500;kg;2.65;2.79;;;02.05.2025;2.65;3859888163676;Hrana
ZAÈIN PER©IN SU©ENI ©AFRAM 7g;5581;;0.0070;kg;0.49;70.00;;;02.05.2025;.6;3859888163263;Hrana
ORAH MLJEVENI ©AFRAM 200 g;5587;Safram;0.2000;kg;3.49;17.45;;;02.05.2025;3.49;3859890104216;Hrana
©EÆER MLJEVENI ©AFRAM 200 g;5596;Safram;0.2000;kg;0.89;4.45;;;02.05.2025;0.89;3859888163669;Hrana
ZAÈIN CIMET MLJEVEN.©AFRAM 10g;5611;;0.0100;kg;0.49;49.00;;;02.05.2025;.52;3859888163300;Hrana
SUHO GRO®ÐE ©AFRAM 200 g;5615;;0.2000;kg;1.29;6.45;;;02.05.2025;1.29;3859888163683;Hrana
ÈOKOLADA DUPLO FERRERO 26 g;5621;Ferrero;0.0260;kg;0.85;32.69;;;02.05.2025;0.85;80052357;Hrana
ZAÈ.PAPAR CR.ZRN.KOTANYI 50 g;5623;;0.0500;kg;3.99;79.80;;;02.05.2025;3.44;9001414040393;Hrana
REFIL GLADE MICROSPRAY 10 ml;5633;Glade;1.0000;kom;5.79;5.79;;;02.05.2025;5.79;5000204651010;Sredstva za èi¹æenje
GEL GLADE LJUBI.I LAVAND.150 g;5638;Glade;0.1500;kg;2.69;17.93;;;02.05.2025;2.69;5000204306910;Sredstva za èi¹æenje
ZAÈ.ORIGANO USIT.KOTANYI 12 g;5640;;0.0120;kg;2.19;182.50;;;02.05.2025;1.98;9001414040348;Hrana
GEL GLADE RELAXING ZEN 150 g;5645;Glade;0.1500;kg;2.69;17.93;;;02.05.2025;2.69;5000204306941;Sredstva za èi¹æenje
ZAÈIN PER©IN KOTANYI 7 g ;5650;;0.0070;kg;2.19;312.86;;;02.05.2025;1.98;9001414040386;Hrana
GEL GLADE ÐURÐICA 150 g;5651;Glade;0.1500;kg;2.69;17.93;;;02.05.2025;2.69;5000204306972;Sredstva za èi¹æenje
PRAL.POCKET COFFEE FERR.62,5 g;5661;Ferrero;0.0625;kg;1.79;28.64;;;02.05.2025;1.79;80135944;Hrana
ZAÈ.CHIL.KOTANYI STAKLO 50 g;5665;Kotanyi;0.0500;kg;1.34;26.80;;;02.05.2025;2.09;9001414040102;Hrana
ZAÈ.LUK GRANULE KOTANYI 40 g;5672;Kotanyi;0.0400;kg;2.39;59.75;;;02.05.2025;2.09;9001414040577;Hrana
PRALINE MON CHERI FERR.157,5 g;5676;Ferrero;0.1580;kg;4.59;29.05;;;02.05.2025;4.59;4008400102528;Hrana
ZAÈIN BOSILJAK MRVL.KOTANYI 9g;5678;;0.0090;kg;0.99;110.00;;;02.05.2025;0.99;9001414018002;Hrana
ZAÈ.MEDITERANSKA MJE©.KOT.25 g;5682;Kotanyi;0.0250;kg;2.19;87.60;;;02.05.2025;1.98;9001414040676;Hrana
ZAÈ.VANILIJA BURBON KOTANYI ;5688;Kotanyi;0.0030;kg;5.97;1990.00;;;02.05.2025;5.97;9001414030004;Hrana
KAKAO U PRAHU KANDIT 100 g ;5694;Kandit;0.1000;kg;;17.90;1.79;3.09;02.05.2025;3.09;3858881044012;Piæa
ZAÈ.PAPAR-ÈE©NJA.KOTANYI 70 g;5696;;0.0700;kg;3.99;57.00;;;02.05.2025;3.44;9001414040799;Hrana
ZAÈ.PAPAR BIJ.MLJ.KOTANYI 54 g;5701;Kotanyi;0.0540;kg;3.99;73.89;;;02.05.2025;3.44;9001414040423;Hrana
ÈOKOLADA U PRAHU KANDIT 100 g;5707;Kandit;0.1000;kg;;17.90;1.79;2.89;02.05.2025;2.89;3858881044043;Piæa
ZAÈ.MJE©.S PAPROM KOTAN.60 g;5709;;0.0600;kg;3.99;66.50;;;02.05.2025;3.44;9001414040669;Hrana
ZAÈIN KOTANYI PEPERONCINI 15 g;5716;Kotanyi;0.0150;kg;2.49;166.00;;;02.05.2025;2.49;9001414040058;Hrana
BOMBONI CONFETTINO DRA®E 30 g;5717;Kandit;0.0300;kg;0.99;33.00;;;02.05.2025;0.99;3858881042858;Hrana
®ELE NARESCI KANDIT 100 g;5721;Kandit;0.1000;kg;0.93;9.30;;;02.05.2025;0.93;3858881044517;Hrana
ZAÈ.SOL KOTANYI STAKLO 135 g ;5723;Kotanyi;0.1350;kg;1.39;10.30;;;02.05.2025;1.32;9001414040522;Hrana
ZAÈIN  VLASAC  KOTANYI 6 g;5727;;0.0060;kg;2.19;365.00;;;02.05.2025;1.98;9001414040508;Hrana
SRE.MR.MUSCLE VODOINS.GEL 1 L;5741;Mr.Muscle;1.0000;L;7.29;7.29;;;02.05.2025;7.29;5000204275711;Sredstva za èi¹æenje
SRE.MR.MUSCLE ZA KUHINJ.500 ml;5749;Mr.Muscle;0.5000;L;3.79;7.58;;;02.05.2025;3.79;5000204141672;Sredstva za èi¹æenje
ZAÈIN MEDENJACI KOTANYI 27 g;5770;;0.0270;kg;1.39;51.48;;;02.05.2025;1.19;9001414015223;Hrana
ANIS CIJELI KOTANYI 41 g;5772;Kotanyi;0.0410;kg;3.29;80.24;;;02.05.2025;2.99;9001414040010;Hrana
ZAÈIN KUHANO VINO KOTANYI 35 g;5773;Kotanyi;0.0350;kg;1.39;39.71;;;02.05.2025;1.19;9001414017982;Hrana
ZAÈ.PAPA.KAJENSKI KOTANYI 38 g;5788;Kotanyi;0.0380;kg;2.39;62.89;;;02.05.2025;2.09;9001414040089;Hrana
ODSTR.BIOSHOUT ZA MRLJE 500 ml;5798;Bioshout;0.5000;L;3.69;7.38;;;02.05.2025;3.69;5000204350845;Sredstva za èi¹æenje
ZAÈIN MU©K.ORAH KOTANYI 50 g;5808;;0.0500;kg;4.99;99.80;;;02.05.2025;4.49;9001414040300;Hrana
SRE.PRONTO LEGNO PULITO 750 ml;5810;Pronto;0.7500;L;4.85;6.47;;;02.05.2025;4.85;5000204604542;Sredstva za èi¹æenje
ZAÈ.CURRY KOTANYI STAKLO 50 g;5812;Kotanyi;0.0500;kg;3.29;65.80;;;02.05.2025;2.99;9001414040119;Hrana
BOMBONI NEGRO PIONIR 100 g;5827;Pionir;0.1000;kg;1.39;13.90;;;02.05.2025;1.39;8602300204137;Hrana
SPRA.CLASSIC PRONTO 300 ml ;5836;Pronto;0.3000;L;5.75;19.17;;;02.05.2025;5.75;5000204670967;Sredstva za èi¹æenje
KEKS PIKNIK KOESTLIN 460 g;5838;Koestlin;0.4600;kg;;4.33;1.99;2.19;02.05.2025;2.69;3858881090262;Hrana
ZAÈIN  ÐUMBIR  KOTANYI 38 g ;5842;Kotanyi;0.0380;kg;3.29;86.58;;;02.05.2025;2.99;9001414040201;Hrana
KEKS PETIT BEUR.KOESTLIN 460 g;5847;Koestlin;0.4600;kg;;4.98;2.29;2.59;02.05.2025;3.09;3858881090286;Hrana
GORU©ICA U ZRNU KOTANYI 79 g;5851;Kotanyi;0.0790;kg;3.29;41.65;;;02.05.2025;2.99;9001414040713;Hrana
ZAÈI.KLINÈIÆ CIJELI KOTA.30 g;5864;;0.0300;kg;3.29;109.67;;;02.05.2025;2.99;9001414040317;Hrana
SPREJ ANTI.PRONTO 300 ml;5866;Pronto;0.3000;L;4.25;14.17;;4.25;02.05.2025;4.25;5000204670905;Sredstva za èi¹æenje
KREMA ZA NAMJ.PRONTO 250 ml;5869;Pronto;0.2500;L;5.79;23.16;;;02.05.2025;5.79;5000204158373;Sredstva za èi¹æenje
MEDENO SRCE VI©NJ.PIONIR 150 g;5871;Pionir;0.1500;kg;1.99;13.27;;;02.05.2025;1.99;8602300206780;Hrana
MEDENO SRCE VI©NJA 350 g;5876;Pionir;0.3500;kg;4.19;11.97;;;02.05.2025;4.19;8602300206810;Hrana
ZAÈ.KOPAR KOTANYI STAKLO 16 g;5880;;0.0160;kg;1.98;123.75;;;02.05.2025;1.98;9001414040126;Hrana
MEDENO SRCE PIONIR 350 g;5882;Pionir;0.3500;kg;4.19;11.97;;;02.05.2025;4.19;8602300201631;Hrana
MEDENO SRCE PIONIR 150 g;5886;Pionir;0.1500;kg;1.99;13.27;;;02.05.2025;1.99;8602300236022;Hrana
ÈAJ SIR WINSTON EARL GREY 35 g;5899;Teekanne;0.0350;kg;2.39;68.29;;;02.05.2025;2.39;5901086050727;Piæa
ZAÈIN KORIJANDER KOTANYI 34 g;5903;Kotanyi;0.0340;kg;2.39;70.29;;;02.05.2025;2.09;9001414040270;Hrana
ÈAJ SIR WINSTON ZELENI 35 g;5904;Teekanne;0.0350;kg;2.39;68.29;;;02.05.2025;2.39;5901086052226;Piæa
ZAÈIN KIM CIJELI KOTANYI 50 g;5907;Kotanyi;0.0500;kg;2.09;41.80;;;02.05.2025;2.09;9001414040249;Hrana
ZAÈ.KURKUMA MLJE.KOTANYI 50 g;5912;Kotanyi;0.0500;kg;3.29;65.80;;;02.05.2025;2.99;9001414040171;Hrana
ZAÈIN MJ.PIZZA KOTANYI 30 g;5923;;0.0300;kg;2.39;79.67;;;02.05.2025;2.09;9001414040683;Hrana
SPR.RAID MUHE/KOMARCI 400 ml;5939;Raid;0.4000;L;4.59;11.48;;;02.05.2025;4.59;5000204342468;Proizvodi za kuæanstvo
EL.APARAT RAID LAMINIRA.TABL.;5944;Raid;1.0000;kom;10.49;10.49;;;02.05.2025;10.49;8002030140666;Proizvodi za kuæanstvo
TABLETE LAMINIRANE RAID 30/1;5947;Raid;30.0000;kom;4.89;0.16;;;02.05.2025;4.89;8002030140680;Proizvodi za kuæanstvo
SPIRALA RAID PRO.KOMARACA 10/1;5952;Raid;10.0000;kom;2.99;0.30;;;02.05.2025;2.99;3092830003648;Proizvodi za kuæanstvo
TARME CEDAR RAID PR.MOLJ.2/1;5972;Raid;2.0000;kom;5.19;2.60;;;02.05.2025;5.19;5000204304909;Proizvodi za kuæanstvo
T.RAID LAVANDA PR.MOLJACA 2/1;5975;Raid;2.0000;kom;5.19;2.60;;;02.05.2025;5.19;8711800118551;Proizvodi za kuæanstvo
LOSION OFF 100ml;5978;Off;0.1000;L;5.79;57.90;;;02.05.2025;5.79;8002030142974;Kozmetika
LOSION AUTAN FAMILY 100ml;5982;Autan;0.1000;L;7.99;79.90;;;02.05.2025;7.99;8002030142318;Kozmetika
SPRAY AUTAN FAMILY 100ml;6020;Autan;0.1000;L;7.69;76.90;;;02.05.2025;7.69;8002030142639;Kozmetika
ZAÈIN MJ.CURRY KOTANYI 27g;6023;;0.0270;kg;1.79;66.30;;;02.05.2025;1.69;9001414015094;Hrana
SPRAY OFF 100 ml;6038;Off;0.1000;L;5.59;55.90;;;02.05.2025;5.59;8002030114025;Kozmetika
ZAÈIN CHILI CON CARNE 25 g;6043;Kotanyi;0.0250;kg;1.79;71.60;;;02.05.2025;1.69;9001414010150;Hrana
TARME MULTIPACK RAID 5+1 ;6045;Raid;5.0000;kom;10.45;2.09;;;02.05.2025;10.45;5000204304961;Proizvodi za kuæanstvo
Banana;6081;;1.0000;kg;1.44;1.44;;;02.05.2025;1.44;3858885879986;Hrana
Limun rfs;6089;Eigenbedarf;1.0000;kg;1.49;1.49;;;02.05.2025;1.49;3858885878071;Hrana
Naranèa rfs;6100;Eigenbedarf;1.0000;kg;1.49;1.49;;;02.05.2025;1.49;3858893252542;Hrana
Grejp crveni rfs;6128;;1.0000;kg;1.89;1.89;;;02.05.2025;1.79;3858885879009;Hrana
Klementina rfs;6140;;1.0000;kg;1.89;1.89;;;02.05.2025;1.79;862;Hrana
TORTILLA ÈIPS NATURAL 200 g;6148;;0.2000;kg;2.39;11.95;;;02.05.2025;2.39;5412514934842;Hrana
Kru¹ka Abata rfs;6149;;1.0000;kg;2.39;2.39;;;02.05.2025;2.09;3858885876589;Hrana
TORTILLA ÈIPS CHILLI 200 g;6151;;0.2000;kg;2.39;11.95;;;02.05.2025;2.39;5412514934927;Hrana
Kru¹ka mlada rfs;6153;;1.0000;kg;1.99;1.99;;;02.05.2025;1.99;3858893251590;Hrana
TORTILLA ÈIPS SIR 200 g;6155;;0.2000;kg;2.39;11.95;;;02.05.2025;2.39;5412514934897;Hrana
Kru¹ka Williams rfs;6158;;1.0000;kg;1.99;1.99;;;02.05.2025;1.39;3858893251606;Hrana
KARAMELA LJE©NJAK PIONIR 100 g;6161;Pionir;0.1000;kg;1.69;16.90;;;02.05.2025;1.69;8602300207305;Hrana
KAVA ESPRESSO ILLY 250 g ;6164;Illy;0.2500;kg;10.29;41.16;;;02.05.2025;10.29;8003753900438;Piæa
Gro¾ðe rose rfs;6222;;1.0000;kg;3.99;3.99;;;02.05.2025;3.99;3858885878873;Hrana
ZAÈIN LOVOR LIST KOTANYI 5g;6394;;0.0050;kg;0.99;198.00;;;02.05.2025;0.99;9001414015346;Hrana
KA©ICA HIPP PILE.POV.TJE.220 g;6421;Hipp;0.2200;kg;2.12;9.64;;;02.05.2025;2.12;9062300103448;Hrana
KA©ICA HIPP PURETINA 220 g;6426;Hipp;0.2200;kg;2.05;9.32;;;02.05.2025;2.05;9062300103493;Hrana
ZAÈ.BILJ.VLASAC KOTANYI 5g;6428;;0.0050;kg;0.99;198.00;;;02.05.2025;0.99;9001414015568;Hrana
KA©ICA HIPP TELE.TJE.RAJ.220 g;6432;Hipp;0.2200;kg;2.12;9.64;;;02.05.2025;2.12;9062300103547;Hrana
ZAÈIN ©AFRAN KOTANYI 12 g;6433;Kotanyi;0.0120;kg;2.39;199.17;;;02.05.2025;2.19;9001414010082;Hrana
ZAÈIN RU®MARIN KOTANYI 24g;6437;;0.0240;kg;0.99;41.25;;;02.05.2025;0.99;9001414018088;Hrana
ZAÈIN MJ.PROVANSALSKO 17g;6443;;0.0170;kg;0.99;58.24;;;02.05.2025;0.99;9001414015865;Hrana
KA©ICA HIPP MLADO POVRÆE 190 g;6470;Hipp;0.1900;kg;1.96;10.32;;;02.05.2025;1.96;4062300020313;Hrana
ZAÈIN PER©IN KOTANYI 7g ;6487;;0.0070;kg;0.99;141.43;;;02.05.2025;0.99;9001414015445;Hrana
KA©ICA HIPP MLADA MRKV.125 g;6488;Hipp;0.1250;kg;1.23;9.84;;;02.05.2025;1.23;4062300020719;Hrana
ZAÈ.PAPAR ZEL.ZR.KOTANYI 12 g;6496;;0.0120;kg;1.72;143.33;;;02.05.2025;1.72;9001414010075;Hrana
ZAÈ.PAPAR CRN.MLJ.KOTANYI 17 g;6505;;0.0170;kg;1.72;101.18;;;02.05.2025;1.72;9001414015469;Hrana
KA©ICA HIPP BROKULA RI®A 125 g;6506;Hipp;0.1250;kg;1.25;10.00;;;02.05.2025;1.25;9062300131144;Hrana
KA©ICA HIPP MLIJ. KEKS 190 g;6509;Hipp;0.1900;kg;1.68;8.84;;;02.05.2025;1.68;9062300133148;Hrana
KA©ICA HIPP ML.JAB.KRU©.190 g;6510;Hipp;0.1900;kg;1.68;8.84;;;02.05.2025;1.68;9062300133070;Hrana
ZAÈ.PAPAR BIJELI KOTANYI 17 g;6511;Kotanyi;0.0170;kg;1.72;101.18;;;02.05.2025;1.72;9001414015483;Hrana
ZAÈIN ORIGANO USIT.KOTANYI 8 g;6513;;0.0080;kg;0.99;123.75;;;02.05.2025;0.99;9001414015421;Hrana
KA©ICA HIPP GRIZ ÈOKOL.190 g;6514;Hipp;0.1900;kg;1.68;8.84;;;02.05.2025;1.68;9062300133117;Hrana
ZAÈIN MU©KAT ORA©.KOTANYI 18 g;6517;;0.0180;kg;2.39;132.78;;;02.05.2025;2.19;9001414015391;Hrana
KA©ICA HIPP BANANA RI®A 190 g;6518;Hipp;0.1900;kg;1.68;8.84;;;02.05.2025;1.68;9062300133025;Hrana
ZAÈIN MA®URAN KOTANYI 6g;6523;;0.0060;kg;0.99;165.00;;;02.05.2025;0.99;9001414015377;Hrana
KA©ICA HIPP PILET.POVRÆE 190 g;6529;Hipp;0.1900;kg;2.04;10.74;;;02.05.2025;2.04;9062300100959;Hrana
KA©ICA HIPP TEL.RI®A MRK.190 g;6533;Hipp;0.1900;kg;2.04;10.74;;;02.05.2025;2.04;9062300101093;Hrana
KA©ICA HIPP TELE.POVRÆE 190 g;6535;Hipp;0.1900;kg;2.04;10.74;;;02.05.2025;2.04;9062300132066;Hrana
ZAÈIN MAJÈINA D.KOTANYI 14g;6537;;0.0140;kg;0.99;70.71;;;02.05.2025;0.99;9001414015599;Hrana
ZAÈ.KORICA LIMUN.KOTANYI 14 g;6540;;0.0140;kg;0.99;70.71;;;02.05.2025;0.99;9001414016039;Hrana
ZAÈ.KLINÈIÆ MLJE.KOTANYI 20 g;6546;Kotanyi;0.0200;kg;2.19;109.50;;;02.05.2025;1.89;9001414015414;Hrana
KA©ICA HIPP ©LJIVA 125 g;6554;Hipp;0.1250;kg;1.15;9.20;;;02.05.2025;1.15;9062300106739;Hrana
ZAÈ.KOPAR USITNJ.KOTANYI 11 g;6563;;0.0110;kg;0.99;90.00;;;02.05.2025;0.99;9001414015100;Hrana
ZAÈ.KLINÈIÆ CIJELI KOTAN.18 g;6567;;0.0180;kg;2.19;121.67;;;02.05.2025;1.89;9001414015407;Hrana
KA©ICA HIPP BANANA BRES.190 g;6573;Hipp;0.1900;kg;1.67;8.79;;;02.05.2025;1.67;9062300134251;Hrana
ZAÈ.ÈE©NJAK GRAN.KOTANYI 28 g;6574;;0.0280;kg;1.39;49.64;;;02.05.2025;1.29;9001414015261;Hrana
KA©ICA HIPP KRU©KA JAB.125 g;6575;Hipp;0.1250;kg;1.24;9.92;;;02.05.2025;1.24;9062300138686;Hrana
ZAÈIN CIMET KORICA KOTANYI 17g;6578;;0.0170;kg;2.19;128.82;;;02.05.2025;1.29;9001414015643;Hrana
KA©ICA HIPP BRESKVA 190 g;6579;Hipp;0.1900;kg;1.67;8.79;;;02.05.2025;1.67;9062300000358;Hrana
KA©ICA HIPP MARELICA 190 g;6580;Hipp;0.1900;kg;1.65;8.68;;;02.05.2025;1.65;9062300101680;Hrana
ZAÈ.CIMET MLJEVEN.KOTANYI 25 g;6581;Kotanyi;0.0250;kg;1.39;55.60;;;02.05.2025;1.29;9001414015650;Hrana
ZAÈIN MJ.SALATA KOTANYI 16g;6586;;0.0160;kg;1.19;74.38;;;02.05.2025;0.99;9001414016022;Hrana
ZAÈ.SAVIJAÈA OD JABUKA 26 g;6603;;0.0260;kg;1.39;53.46;;;02.05.2025;1.19;9001414015933;Hrana
KA©ICA HIPP KRU©KA VILJ.190 g;6617;Hipp;0.1900;kg;1.67;8.79;;;02.05.2025;1.67;9062300131670;Hrana
SOK HIPP JAB.CRV.PLOD.200 ml;6635;Hipp;0.2000;L;1.29;6.45;;;02.05.2025;1.29;9062300102427;Piæa
SOK HIPP GRO®ÐE JABUKA 200 ml;6639;Hipp;0.2000;l;1.29;6.45;;;02.05.2025;1.29;9062300106241;Piæa
SOK HIPP JABUKA BLAGI 200 ml;6651;Hipp;0.2000;l;1.29;6.45;;;02.05.2025;1.29;9062300102748;Piæa
KA©ICA HIPP PIL.RAJÈ.KR.220 g;6671;Hipp;0.2200;kg;2.12;9.64;;;02.05.2025;2.12;9062300131380;Hrana
KA©ICA HIPP PUR.RI®A MRK.220 g;6675;Hipp;0.2200;kg;2.12;9.64;;;02.05.2025;2.12;9062300134411;Hrana
KA©ICA HIPP TEL.POV.RI®A 220 g;6677;Hipp;0.2200;kg;2.05;9.32;;;02.05.2025;2.05;9062300103035;Hrana
KA©ICA HIPP INT.®IT.JAB.190 g;6687;Hipp;0.1900;kg;1.79;9.42;;;02.05.2025;1.79;9062300132363;Hrana
KA©ICA HIPP INT.®IT.VOÆE 190 g;6692;Hipp;0.1900;kg;1.79;9.42;;;02.05.2025;1.79;9062300137825;Hrana
KA©ICA HIPP JAB.BAN.KEKS 190 g;6700;Hipp;0.1900;kg;1.65;8.68;;;02.05.2025;1.65;9062300132455;Hrana
AROMA KRU©KOVAC AROMAR 15 ml;6926;Aromar;0.0150;l;1.59;106.00;;;02.05.2025;1.59;3859888333055;Hrana
KRPA SPU®VASTA 3/1 TOP TEX;6943;;3.0000;kom;2.29;0.76;;;02.05.2025;2.29;9001378421634;Proizvodi za kuæanstvo
SOJIN PROIZ.ZA KUH.ALP.0,25 L;7095;Alpro;0.2500;l;2.59;10.36;;;02.05.2025;2.59;5411188513483;Piæa
NAPITAK ALPRO SOJA ORIGIN.1 L;7119;Alpro;1.0000;l;2.99;2.99;;;02.05.2025;2.99;5411188543381;Piæa
NAPITAK ALPRO SOJA B©.1 L;7122;Alpro;1.0000;l;2.99;2.99;;;02.05.2025;2.99;5411188543398;Piæa
RI®A SCOTTI ORIGINARIO 1 kg;7131;Scotti;1.0000;kg;4.79;4.79;;;02.05.2025;4.79;8001860100017;Hrana
ULJE MAS.EX.DJ.MONINI CL.0,5 L;7135;Monini;0.5000;L;7.49;14.98;;;02.05.2025;7.49;80053828;Hrana
ULJE MAS.EXT.DJEV.MONINI 1 L;7136;Monini;1.0000;L;13.99;13.99;;;02.05.2025;13.99;80053835;Hrana
ICE GEL DELON 227 g;7196;Delon;0.2270;kg;3.09;13.61;;;02.05.2025;3.09;3858885847084;Kozmetika
ACIDOFIL DUKAT 180 g ;7201;Dukat;0.1800;kg;0.59;3.28;;;02.05.2025;0.59;3850354001560;Hrana
JOGURT B AKTIV 1,5% M.M.150 g;7208;Dukat;0.1500;kg;0.65;4.33;;;02.05.2025;0.65;3850354019121;Hrana
MLIJEKO ÈOKOLADNO DUKAT 0,2 L;7252;Dukat;0.2000;L;0.99;4.95;;;02.05.2025;0.99;3850354002239;Hrana
SPU®VA S ABRAZIVOM 3/1;7397;;3.0000;kom;1.99;0.66;;;02.05.2025;1.99;9001378700098;Proizvodi za kuæanstvo
SPU®VA S ABRAZIVOM 2/1;7401;;2.0000;kom;1.32;0.66;;;02.05.2025;1.32;9001378700104;Proizvodi za kuæanstvo
ULO.ALWAYS ULT.NORM.PLUS 20/1;7408;Always;20.0000;kom;3.49;0.17;;;02.05.2025;3.49;4015400213932;Toaletne potrep¹tine
RI®A ZLATO POLJ.S.ANDREA 500 g;7422;Zlato Polje;0.5000;kg;2.59;5.18;;;02.05.2025;2.59;3838700540482;Hrana
RI®A ZLATO POLJE VREÆICA 800 g;7442;Zlato Polje;0.8000;kg;2.59;3.24;;;02.05.2025;2.59;3838700540314;Hrana
RI®A ZLATO POLJ.DOM.JELA 1 kg ;7475;Zlato Polje;1.0000;kg;3.39;3.39;;;02.05.2025;3.39;3838700540291;Hrana
RI®A ZLATO POLJE S.ANDREA 1 kg;7494;Zlato Polje;1.0000;kg;4.99;4.99;;;02.05.2025;4.99;3838700540406;Hrana
RI®A ZLATO POLJE VACUUM 1 kg;7501;Zlato Polje;1.0000;kg;3.99;3.99;;;02.05.2025;3.99;3838700540413;Hrana
D®EM BONNE MAMAN BRESKVA 370 g;7530;Bonne Maman;0.3700;kg;4.99;13.49;;;02.05.2025;6.59;3608580705185;Hrana
D®EM BONNE MAMAN JAGODA 370 g;7537;Bonne Maman;0.3700;kg;4.99;13.49;;;02.05.2025;7.49;3608580705130;Hrana
D®EM BON.MAMAN MARELICA 370 g;7551;Bonne Maman;0.3700;kg;4.99;13.49;;;02.05.2025;6.59;3608580705116;Hrana
ORAH MLJEVENI 200 g;7558;Marjan Voce;0.2000;kg;2.29;11.45;;;02.05.2025;2.29;3859890587347;Hrana
D®EM BON.MAMAN ©UM.VOÆE 370 g;7559;Bonne Maman;0.3700;kg;4.99;13.49;;;02.05.2025;8.49;3608580705123;Hrana
D®EM BON.MAMAN BOROVNICA 370 g;7562;Bonne Maman;0.3700;kg;4.99;13.49;;;02.05.2025;8.99;3608580705147;Hrana
D®EM BONNE MAMAN TRE©NJA 370 g;7568;;0.3700;kg;4.99;13.49;;;02.05.2025;7.19;3608580705215;Hrana
NAMAZ MLI.DUKATELA ORIGIN.70 g;7650;Dukat;0.0700;kg;;9.86;0.69;0.89;02.05.2025;0.89;3850354015055;Hrana
NAMAZ MLIJ.S POVRÆE.DUKAT 70 g;7667;Dukat;0.0700;kg;;9.86;0.69;0.85;02.05.2025;0.85;3850354015079;Hrana
JOGURT ÈVRSTI 3,2% DUKA.180 g ;7760;Dukat;0.1800;kg;0.44;2.44;;;02.05.2025;0.44;3850354001133;Hrana
VRHNJE KISEL.DUKA.12%MM 200 g ;7773;Dukat;0.2000;kg;0.94;4.70;;;02.05.2025;0.94;3850354002024;Hrana
VRHNJE KISELO DUKA.20%MM 200 g;7779;Dukat;0.2000;kg;1.19;5.95;;;02.05.2025;1.19;3850354002055;Hrana
MASLAC DUKAT 20 g;7794;Dukat;0.0200;kg;0.49;24.50;;;02.05.2025;0.49;3850355001521;Hrana
MASLAC DUKAT 1.KLASA 250 g ;7800;Dukat;0.2500;kg;2.99;11.96;;;02.05.2025;2.99;3850355000999;Hrana
DESERT MOUSSE ÈOKOLADNI 100 g;7804;Dukat;0.1000;kg;1.29;12.90;;;02.05.2025;1.29;3850354001485;Hrana
Gro¾ðica  RFS;7878;;1.0000;kg;;3.19;3.19;4.99;02.05.2025;4.99;8586008519178;Hrana
MUESLI VITALIS ÈOKOLADNI 600 g;7886;Vitalis;0.6000;kg;5.99;9.98;;;02.05.2025;5.99;4000521661106;Hrana
MLIJEKO SVJ. 3,2% DUKAT 1 L ;7887;Dukat;1.0000;L;1.35;1.35;;;02.05.2025;1.35;3850354000501;Hrana
LIP BALM ROSAL SO NATUR.4,8 g;7926;Rosal;1.0000;kom;2.49;2.49;;;02.05.2025;2.49;3856007908552;Kozmetika
SIR SVJE®I POSNI DUKAT 500 g ;7948;Dukat;0.5000;kg;2.49;4.98;;;02.05.2025;2.49;3850355001026;Hrana
SOK OD CIKLE ENCIAN 0,75 L;7973;Encian;0.7500;l;3.39;4.52;;;02.05.2025;3.32;3859889425728;Piæa
Orah jezgra RFS;7987;;1.0000;kg;8.99;8.99;;;02.05.2025;8.99;3858889331534;Hrana
Badem nps RFS;7991;;1.0000;kg;11.99;11.99;;;02.05.2025;11.99;3858889330254;Hrana
JOGURT TEKUÆI DUKAT 180 g ;7995;Dukat;0.1800;kg;0.44;2.44;;;02.05.2025;0.44;3850354000921;Hrana
PISTACIO RFS;8086;;1.0000;kg;20.49;20.49;;;02.05.2025;20.49;3858889331404;Hrana
VRHNJE ZA KAVU DUKAT 10X10 g;8133;Dukat;0.1000;kg;1.39;13.90;;;02.05.2025;1.39;3850354006138;Hrana
VRHNJE ZA ©LAG DUKAT 200 g;8142;Dukat;0.2000;kg;2.29;11.45;;;02.05.2025;2.29;3850354001317;Hrana
RI®A DU.ZRNO GALLO BLOND 1 kg;8185;Gallo;1.0000;kg;5.09;5.09;;;02.05.2025;5.09;8001420003666;Hrana
ZAÈ.PAPRIKA SLAT.KOTANYI 100 g;8203;;0.1000;kg;2.49;24.90;;;02.05.2025;2.25;9001414009208;Hrana
RI®A D.ZRNO ARBORIO GALLO 1 kg;8221;Gallo;1.0000;kg;5.99;5.99;;;02.05.2025;5.99;8001420002911;Hrana
RI®A DU.ZRN.INTEGRO GALLO 1 kg;8241;Gallo;1.0000;kg;4.99;4.99;;;02.05.2025;4.89;8001420000788;Hrana
Exotic mix-Voæe suho mje¹ RFS;8244;;1.0000;kg;8.99;8.99;;;02.05.2025;8.99;3858889331558;Hrana
ZAÈIN PAPAR CRNI KOTANYI 100 g;8256;;0.1000;kg;4.49;44.90;;;02.05.2025;3.98;9001414009741;Hrana
RI®A D.ZR.PER RISOT.GALLO 1 kg;8257;Gallo;1.0000;kg;5.29;5.29;;;02.05.2025;5.29;8001420001716;Hrana
RI®A GALLO ORIGINARIO 1 kg;8274;;1.0000;kg;4.99;4.99;;;02.05.2025;4.99;8001420001594;Hrana
RAJÈICA PASIRANA MUTTI 700 g;8291;;0.7000;kg;3.59;5.13;;;02.05.2025;3.59;80042563;Hrana
Grah ¹areni RFS;8313;Eigenbedarf;1.0000;kg;1.99;1.99;;;02.05.2025;1.99;3858889330001;Hrana
UMAK MUTTI PIZZA 400 g ;8337;Mutti;0.4000;kg;2.89;7.23;;;02.05.2025;2.89;8005110551215;Hrana
UMAK MUTTI PIZZA AROMATI.4,1kg;8341;Mutti;4.1000;kg;20.49;5.00;;;02.05.2025;20.49;8005110551208;Hrana
PELATI RAJÈICA MUTTI 800g;8348;Mutti;0.5200;kg;2.79;5.37;;;02.05.2025;2.79;8005110050008;Hrana
PELATI RAJÈICA MUTTI 400 g;8350;;0.2600;kg;1.79;6.88;;;02.05.2025;1.59;8005110060007;Hrana
RAJÈICA POLPA MUTTI 400 g ;8352;;0.4000;kg;1.79;4.48;;;02.05.2025;1.79;80042556;Hrana
GRA©AK PODRAVKA 280 g;8495;Podravka;0.1600;kg;1.29;8.06;;;02.05.2025;1.29;3850104050046;Hrana
KOKOS BRA©NO ©AFRAM 200 g;8511;Safram;0.2000;kg;1.19;5.95;;;02.05.2025;1.19;3859888163386;Hrana
ROGAÈ MLJEVENI ©AFRAM 200 g;8515;;0.2000;kg;0.99;4.95;;;02.05.2025;0.99;3859888163645;Hrana
MAK MLJEVENI ©AFRAM 200 g;8517;Safram;0.2000;kg;2.39;11.95;;;02.05.2025;2.39;3859888163157;Hrana
KONZERVANS ©AFRAM 10 g;8523;;0.0100;kg;0.39;39.00;;;02.05.2025;0.39;3859888163003;Hrana
VINOBRAN ©AFRAM 10 g;8525;Safram;0.0100;kg;0.39;39.00;;;02.05.2025;0.39;3859888163348;Hrana
LIMUNSKA KISELINA ©AFRAM 20 g;8528;;0.0200;kg;0.49;24.50;;;02.05.2025;0.49;3859888163102;Hrana
Sir Emmentaler Illertaler ;8577;Stanic;1.0000;kg;16.99;16.99;;;02.05.2025;16.99;4000504432020;Hrana
MUESLI ÈOKOLADA VIOLA 1 kg;8614;Viola;1.0000;kg;7.49;7.49;;;02.05.2025;7.49;4000446017026;Hrana
MUESLI 6 VRSTA ®ITA.VIOLA 1 kg;8623;Viola;1.0000;kg;7.49;7.49;;;02.05.2025;7.49;4000446017101;Hrana
MUESLI 5 VRSTA VOÆA VIOLA 1 kg;8628;Viola;1.0000;kg;7.49;7.49;;;02.05.2025;7.49;4000446017019;Hrana
©UM.TABL.MEG. VITAMIN C 90 g;8725;Megafit;0.0900;kg;2.39;26.56;;;02.05.2025;2.39;3859889425018;Hrana
ZOB.PAH.WURZENER KRUPNE 500 g;8742;Wurzener;0.5000;kg;1.99;3.98;;;02.05.2025;1.99;4013138003740;Hrana
CORNFLAKES ENCIAN 1 kg;8743;Wurzener;1.0000;kg;5.99;5.99;;;02.05.2025;5.99;5907731602303;Hrana
SOJA LJUSPICE 200 g ;8760;Encian;0.2000;kg;1.99;9.95;;;02.05.2025;1.99;3859889425094;Hrana
©LAG SPREJ B&F 30% M.M. 250 ml;8761;Dukat;0.2500;L;;9.96;2.49;3.49;02.05.2025;3.49;3850354018247;Hrana
©EÆER SMEÐI MUSCOVADO  500 g;8777;;0.5000;kg;4.49;8.98;;;02.05.2025;4.49;3859889425063;Hrana
©EÆER SMEÐI DEMERARA 500 g;8782;Encian;0.5000;kg;2.99;5.98;;;02.05.2025;2.99;3859889425742;Hrana
V.ROSE BENKOV.RU®IÈ.0,75 L  ;8796;;0.7500;l;7.02;9.36;;;02.05.2025;7.02;3850112163134;Piæa
VINO PLAVAC HVAR 0,75 L;8821;;0.7500;l;7.79;10.39;;;02.05.2025;7.79;3850112169143;Piæa
VINO IVAN DOLAC HVAR 0,75 L;8827;;0.7500;l;16.02;21.36;;;02.05.2025;16.02;3850112164018;Piæa
ULJE MASL.DJ.EXT.©KOJ TREN.1 L;8831;Trenton;1.0000;L;12.99;12.99;;;02.05.2025;13.99;3859888906556;Hrana
VINO IVAN DOLAC BARRI.0,75 L;8843;;0.7500;l;19.18;25.57;;;02.05.2025;19.18;3850112169051;Piæa
ULJE MASL.EXT.SPEC.TREN.0,25 L;8846;Trenton;0.2500;L;4.49;17.96;;;02.05.2025;4.49;3859888906303;Hrana
VINO BADEL PLAVAC 0,75 L;8850;;0.7500;l;5.59;7.45;;;02.05.2025;5.59;3850112170620;Piæa
VINO BADEL PLAVAC 1 L  ;8855;;1.0000;l;5.52;5.52;;;02.05.2025;5.52;3850112170613;Piæa
VINO BADEL PELJE©AC 1 L;8862;;1.0000;l;5.52;5.52;;;02.05.2025;5.52;3850112170637;Piæa
ULJE MASL.EXTRA DJEV.TRENT.1 L;8864;Trenton;1.0000;L;12.99;12.99;;;02.05.2025;12.99;3859888906037;Hrana
VINO BADEL PELJE©AC  0,75 L;8867;;0.7500;l;6.12;8.16;;;02.05.2025;6.12;3850112170644;Piæa
ULJE MASL.DJEV.EXTR.TREN.0.5 L;8870;Trenton;0.5000;L;6.99;13.98;;;02.05.2025;6.99;3859888906044;Hrana
VINO BADEL PELJE©AC 0,187L;8874;;0.1870;l;1.99;10.64;;;02.05.2025;1.99;3850112170651;Piæa
RI®A SCOTTI ARBORIO 1 kg;8883;Scotti;1.0000;kg;4.99;4.99;;;02.05.2025;4.99;8001860201011;Hrana
RI®A SCOTTI ORO PARBOILED 1 kg;8888;Scotti;1.0000;kg;3.99;3.99;;;02.05.2025;3.98;8001860190520;Hrana
ULJE MASLINOVO TRENTON 1 L;8896;Trenton;1.0000;L;7.99;7.99;;;02.05.2025;7.99;3859888906051;Hrana
ALUMINIJSKA FOLIJA 30m;8903;;1.0000;kom;7.99;7.99;;;02.05.2025;7.99;5949509000072;Proizvodi za kuæanstvo
RI®A SCOTTI BASMATI 500 g;8907;;0.5000;kg;4.99;9.98;;;02.05.2025;4.99;8001860260315;Hrana
PA©TETA DIM.LOSOS TRENTON 90 g;8912;Trenton;0.0900;kg;2.09;23.22;;;02.05.2025;2.09;3859888906464;Hrana
RAKIJA STARA ©LJIVO.B.1862 1 L;8931;Badel;1.0000;l;16.02;16.02;;;02.05.2025;16.02;3850112121097;Piæa
OCAT BALZAMIÈNI PONTI 500 ml ;8934;Ponti;0.5000;l;3.99;7.98;;;02.05.2025;3.99;80228486;Hrana
OCAT BALZAMIÈNI PONTI 250 ml;8939;Ponti;0.2500;l;3.19;12.76;;;02.05.2025;3.19;80522621;Hrana
VREÆE ZA SMEÆE 60L 15/1;8942;;15.0000;kom;4.64;0.31;;;02.05.2025;4.64;4823071655087;Proizvodi za kuæanstvo
VREÆE ZA SMEÆE 35L 25/1;8950;;25.0000;kom;7.99;0.32;;;02.05.2025;7.99;4823071655261;Proizvodi za kuæanstvo
©EÆER SMEÐI DEMERARA 1 kg;8953;;1.0000;kg;5.39;5.39;;;02.05.2025;5.39;5010651001146;Hrana
RAKIJA STARA ©LJIV.B.1862 0,5L;8955;;0.5000;L;9.19;18.38;;;02.05.2025;9.19;3850112121110;Piæa
FILETI INÆUNA TRENTON 110 g;8957;Trenton;0.0600;kg;4.29;71.50;;;02.05.2025;4.29;3859888906488;Hrana
©EÆER SMEÐI MOLASSES 500 g;8966;Billington´S;0.5000;kg;3.59;7.18;;;02.05.2025;3.59;5010651001412;Hrana
BRAND PRIMA 1 L BADEL 1862 ;8988;;1.0000;l;11.02;11.02;;;02.05.2025;11.02;3850112141194;Piæa
BRAND PRIMA 0,5 L BADEL 1862;8992;;0.5000;l;7.02;14.04;;;02.05.2025;7.02;3850112141217;Piæa
BRAND PRIMA 0.1L BADEL 1862;8994;;0.1000;l;1.65;16.50;;;02.05.2025;1.65;3850112141231;Piæa
PASTA OD MASLINA TRENTON 165 g;9000;Trenton;0.1650;kg;2.99;18.12;;;02.05.2025;2.99;3859888906334;Hrana
LIKER LAVOV 1L BADEL ;9001;;1.0000;l;13.22;13.22;;;02.05.2025;13.22;3850112110015;Piæa
LIKER LAVOV 0,1L BADEL 1862;9005;;0.1000;l;1.65;16.50;;;02.05.2025;1.65;3850112110404;Piæa
FOLIJA PRIJANJAJUÆA 60m;9007;;1.0000;kom;5.49;5.49;;;02.05.2025;5.49;9001376125206;Proizvodi za kuæanstvo
LIKER PELINK.1 L BADEL 1862 ;9013;;1.0000;l;16.02;16.02;;;02.05.2025;16.02;3850112110039;Piæa
LIKER PELINKOVAC BADEL 0,1 L ;9020;Badel;0.1000;l;1.69;16.90;;;02.05.2025;1.69;3850112110398;Piæa
LIKER SV.KRU©KOV.B1862 1 L ;9034;Badel;1.0000;l;10.02;10.02;;;02.05.2025;10.02;3850112110169;Piæa
LIKER SVAT.KRU©KO. BADEL  0,1L;9040;Badel;0.1000;L;1.65;16.50;;;02.05.2025;1.65;3850112110497;Piæa
NAMAZ NUTELLA LJE©NJAK 200 g;9052;Ferrero;0.2000;kg;3.29;16.45;;;02.05.2025;3.29;80135463;Hrana
NAMAZ NUTELLA LJE©NJAK 400 g;9054;Nutella;0.4000;kg;4.69;11.73;;;02.05.2025;4.39;80135876;Hrana
NAMAZ NUTELLA LJE©NJAK 750 g;9056;Ferrero;0.7500;kg;7.39;9.85;;;02.05.2025;7.39;80176800;Hrana
VODKA VIGOR CLASSIC 0,1L BADEL;9102;;0.1000;L;1.69;16.90;;;02.05.2025;1.69;3850112142283;Piæa
BADEL DOMAÆI 1 L;9116;;1.0000;l;11.02;11.02;;;02.05.2025;11.02;3850112145109;Piæa
BADEL DOMAÆI 0,5 L;9117;;0.5000;L;7.02;14.04;;;02.05.2025;7.02;3850112145123;Piæa
BADEL DOMAÆI 0,1 L;9119;Badel;0.1000;l;1.69;16.90;;;02.05.2025;1.69;3850112145147;Piæa
VINO CR.POLUSLAT.VENUS 1 L ;9129;;1.0000;l;4.89;4.89;;;02.05.2025;4.89;3859892866884;Piæa
VINO MALVAZIJA ISTARSKA 1 L;9130;;1.0000;L;7.52;7.52;;;02.05.2025;7.52;3858881193321;Piæa
VINO VRANAC VINEA 1 L;9133;;1.0000;l;4.79;4.79;;;02.05.2025;4.79;3859892866938;Piæa
VINO PLAVAC DE MAR 0,75 L;9135;;0.7500;L;4.99;6.65;;;02.05.2025;4.99;3858882610865;Piæa
VINO  POSTUP DONJA BAN.0,75 L ;9137;;0.7500;l;14.22;18.96;;;02.05.2025;14.22;3859893014017;Piæa
BLACKY VODKA ©UMSKO VOÆE 0,7 L;9152;Istravino;0.7000;l;7.99;11.41;;;02.05.2025;8.49;4000152004570;Piæa
VINO TRAMINAC KB ILOÈKI P.0,5L;9182;;0.5000;l;20.02;40.04;;;02.05.2025;20.02;3859889556873;Piæa
OSVJ.PIÆE YIPPY JABUKA 0,2 L ;9197;;0.2000;l;0.69;3.45;;;02.05.2025;0.69;9008700149242;Piæa
OSVJ.PIÆE YIPPY NARANÈA 0,2 L ;9199;;0.2000;l;0.69;3.45;;;02.05.2025;0.69;9008700149266;Piæa
NEKTAR BRAVO MULTIVITAMIN 2 L;9224;Bravo;2.0000;l;3.19;1.60;;;02.05.2025;2.99;90020841;Piæa
NEKTAR BRAVO NARANÈA 2 L ;9225;Bravo;2.0000;l;3.99;2.00;;;02.05.2025;3.69;9008700145268;Piæa
KREMA ZA TORTE DR.OETK.VAN.45g;9247;Dr. Oetker;0.0450;kg;1.59;35.33;;;02.05.2025;1.59;5997381312257;Hrana
LOSION POS. BR.RALON 50 ml;9248;Ralon;0.0500;L;2.69;53.80;;;02.05.2025;2.69;3856007900983;Kozmetika
LOSION POS. BR.RALON  85 ml;9250;Ralon;0.0850;L;3.69;43.41;;;02.05.2025;3.69;3856007900976;Kozmetika
LOSION POS.BR.RALON SPOR.85 ml;9257;Ralon;0.0850;L;3.79;44.59;;;02.05.2025;3.79;3856007900990;Kozmetika
KREMA ZA TORTE DR.OETK.ÈOK.45g;9258;Dr. Oetker;0.0450;kg;1.59;35.33;;;02.05.2025;1.59;5997381312264;Hrana
KREMFIX DR.OETKER 10g;9260;Dr. Oetker;0.0100;kg;0.49;49.00;;;02.05.2025;0.49;5997381312288;Hrana
LIMUNSKA KISEL. DR.OETKER 20 g;9268;Dr. Oetker;0.0200;kg;0.59;29.50;;;02.05.2025;0.59;5997381312332;Hrana
KONZERVANS DR.OETKER 8g;9274;Dr. Oetker;0.0080;kg;0.29;36.25;;;02.05.2025;0.29;5997381324205;Hrana
TAB.PITROID PROT.KOMARACA 30/1;9290;Pitroid;30.0000;kom;3.55;0.12;;;02.05.2025;3.55;3856007902093;Proizvodi za kuæanstvo
EL.APARAT PITROID+TEK.PUNJENJE;9295;Pitroid;1.0000;kom;8.69;8.69;;;02.05.2025;8.69;3856007902086;Proizvodi za kuæanstvo
SPIRALE PITROID NEUTRAL 10/1  ;9299;Pitroid;10.0000;kom;2.75;0.28;;;02.05.2025;2.75;3856007902123;Proizvodi za kuæanstvo
SPIRALE PITROID CITRON.5x2 ;9305;Pitroid;10.0000;kom;2.99;0.30;;;02.05.2025;2.99;3856007902116;Proizvodi za kuæanstvo
D®EMFIX DR.OETKER 25 g;9309;Dr. Oetker;0.0250;kg;1.39;55.60;;;02.05.2025;1.39;5997381370875;Hrana
MUHOLOVKE PITROID 4/1;9313;Pitroid;4.0000;kom;1.95;0.49;;;02.05.2025;1.95;3856007901836;Proizvodi za kuæanstvo
TEK.PUNJ.PITROID P.KOMARACA ;9317;Pitroid;1.0000;kom;3.99;3.99;;;02.05.2025;3.99;3856007902062;Proizvodi za kuæanstvo
EL.APARAT PITROID +10 TABLETA;9328;;1.0000;kom;6.45;6.45;;;02.05.2025;6.45;3856007902055;Proizvodi za kuæanstvo
SPR.PITROID PROTIV KUKA.400 ml;9331;;0.4000;L;4.19;10.48;;;02.05.2025;4.19;3856007902024;Proizvodi za kuæanstvo
FIX PIKANT DR.OET.KISELI 100 g;9334;Dr. Oetker;0.1000;kg;0.99;9.90;;;02.05.2025;0.99;5997381327077;Hrana
PUDING ÈOKOLADA DR.OETKER 49 g;9344;Dr. Oetker;0.0490;kg;0.79;16.12;;;02.05.2025;0.79;5997381312356;Hrana
PUDING VANILIJA DR.OETKER 38 g;9347;Dr. Oetker;0.0380;kg;0.79;20.79;;;02.05.2025;0.79;5997381375610;Hrana
PUDING SL.VRHNJE DR.OETKER 40g;9352;Dr. Oetker;0.0400;kg;0.79;19.75;;;02.05.2025;0.79;5997381312387;Hrana
KVASAC INSTANT DR.OETKER 7 g;9361;Dr. Oetker;0.0080;kg;0.59;73.75;;;02.05.2025;0.59;4000521000349;Hrana
KREMA GALETTA DR.OETK.VAN.85g;9368;Dr. Oetker;0.0850;kg;1.19;14.00;;;02.05.2025;1.19;5997381372725;Hrana
PUDING VRHNJE DR.OETKER 120g ;9406;Dr. Oetker;0.1200;kg;2.19;18.25;;;02.05.2025;2.19;5997381320658;Hrana
PUDING MALINA DR.OETKER 120g ;9410;Dr. Oetker;0.1200;kg;2.19;18.25;;;02.05.2025;2.19;5997381320634;Hrana
GUSTIN DR.OETKER 200g;9412;Dr. Oetker;0.2000;kg;1.89;9.45;;;02.05.2025;1.89;5997381343664;Hrana
HRANA ZA PSE CESAR TEL.150 g;9420;Cesar;0.1500;kg;1.79;11.93;;;02.05.2025;1.79;4008429158766;Proizvodi za kuæanstvo
KREMFIX DR.OETKER 30g 3/1;9422;Dr. Oetker;0.0300;kg;1.29;43.00;;;02.05.2025;1.29;5997381321228;Hrana
PRA©.PECIVO DR.OETK.12 g (5+1);9431;Dr. Oetker;0.0600;kg;1.10;18.33;;;02.05.2025;1.10;5997381317641;Hrana
VANIL.©EÆER DR.OETKER 8 g(5+1);9437;Dr. Oetker;0.0400;kg;1.10;27.50;;;02.05.2025;1.10;5997381367240;Hrana
KOLAÈ KREM©NITE DR.OETKE.230 g;9447;Dr. Oetker;0.2300;kg;3.19;13.87;;;02.05.2025;3.19;5997381329415;Hrana
VANILIN ©EÆER DR.OETKER 8 g;9483;Dr. Oetker;0.0080;kg;0.22;27.50;;;02.05.2025;0.22;5997381367226;Hrana
PRA©AK ZA PECIVO DR.OETKE.12 g;9498;Dr. Oetker;0.0120;kg;0.22;18.33;;;02.05.2025;0.22;5997381311908;Hrana
PRELJ. ZA TORTE SVIJETLI 12GX3;9499;Dr. Oetker;0.0360;kg;2.39;66.39;;;02.05.2025;2.39;5997381370738;Hrana
PRELJEV ZA TORTE SVIJETLI 12 g;9508;Dr. Oetker;0.0120;kg;0.99;82.50;;;02.05.2025;0.99;5997381370714;Hrana
®ELATINA MLJEVEN.BIJELA 3X10 g;9510;Dr. Oetker;0.0300;kg;2.49;83.00;;;02.05.2025;2.49;5997381370707;Hrana
PRELJEV ZA TORTE CRVENI 3X12g;9535;Dr. Oetker;0.0360;kg;2.39;66.39;;;02.05.2025;2.39;5997381324151;Hrana
KOLAÈ PRINCES KRAFNE 310 g;9537;Dr. Oetker;0.3100;kg;3.99;12.87;;;02.05.2025;3.99;5997381319546;Hrana
®ELATINA MLJEVENA BIJELA 10 g;9541;Dr. Oetker;0.0100;kg;0.99;99.00;;;02.05.2025;0.99;5997381370387;Hrana
SMJESA ZA PALAÈINKE 215g;9542;Dr. Oetker;0.2150;kg;2.49;11.58;;;02.05.2025;2.49;5997381329439;Hrana
®ELATINA U LISTIÆ. BIJELA 10g;9546;Dr. Oetker;0.0100;kg;1.79;179.00;;;02.05.2025;1.79;4000521741204;Hrana
RI®A NA MLIJ.DR.OETK.VAN.125 g;9552;Dr. Oetker;0.1250;kg;2.39;19.12;;;02.05.2025;2.39;5997381370097;Hrana
RI®A NA MLIJEKU KLASSIK 125g;9585;Dr. Oetker;0.1250;kg;2.39;19.12;;;02.05.2025;2.39;5997381369787;Hrana
HRANA ZA PSE CES.PUR.GOV.150 g;9592;Cesar;0.1500;kg;1.79;11.93;;;02.05.2025;1.79;4008429041013;Proizvodi za kuæanstvo
MUSLI VITALIS S MEDOM 375 g;9653;Vitalis;0.3750;kg;4.39;11.71;;;02.05.2025;4.39;4000521644604;Hrana
PRELJEV ZA TORTE CRVENI 12g;9656;Dr. Oetker;0.0120;kg;0.99;82.50;;;02.05.2025;0.99;5997381321822;Hrana
PREZERVATIV DUREX EX.SAFE 3/1;9665;Durex;3.0000;kom;;0.93;2.79;3.49;02.05.2025;3.49;5010232968028;Toaletne potrep¹tine
PREZERVATIV DUREX CLASSIC 3/1;9669;Durex;3.0000;kom;;0.93;2.79;3.49;02.05.2025;3.49;5038483159941;Toaletne potrep¹tine
PREZ.DUREX  FEEL INTIMATE 3/1;9672;Durex;3.0000;kom;;1.13;3.39;4.29;02.05.2025;4.29;5010232968011;Toaletne potrep¹tine
HRANA ZA PSE PEDIG.GOV.400 g;9675;Pedigree;0.4000;kg;2.59;6.48;;;02.05.2025;2.59;5900951284519;Proizvodi za kuæanstvo
MUSLI VITALIS ÈOKOLADNI 375 g;9681;Vitalis;0.3750;kg;4.39;11.71;;;02.05.2025;4.39;4000521642105;Hrana
MUSLI VITALIS S MEDOM 600 g;9689;Vitalis;0.6000;kg;5.99;9.98;;;02.05.2025;5.99;4000521661304;Hrana
HRANA ZA PSE PEDIG.GOV.1,2 kg;9717;Pedigree;1.2000;kg;6.29;5.24;;;02.05.2025;6.29;5900951284533;Proizvodi za kuæanstvo
OCAT ACETO BALSAMICO 250 ml;9773;Il Torrione;0.2500;l;3.99;15.96;;;02.05.2025;3.99;8014347000076;Hrana
SIR PARMIGIANO GIGLIO 200 g;9874;;0.2000;kg;7.99;39.95;;;02.05.2025;7.99;8011661001154;Hrana
SIR GRANA PADANO PARMA 200 g ;9885;Grana;0.2000;kg;5.49;27.45;;;02.05.2025;5.49;8011661000737;Hrana
GEL WC NET ODST.KAMENCA 750 ml;9886;Wc Net;0.7500;l;2.75;3.67;;;02.05.2025;2.75;8004050021123;Sredstva za èi¹æenje
OCAT JABUÈNI BARRIQUE 500 ml;9894;Mautner Markhof;0.5000;l;4.69;9.38;;;02.05.2025;4.69;9011900138343;Hrana
OCAT JABUÈNI 5% 1000 ml;9903;Mautner Markhof;1.0000;l;2.79;2.79;;;02.05.2025;2.79;9011900104683;Hrana
SENF ESTRAGON MAUTNERMA.200 g;9906;Mautner Markhof;0.2000;kg;1.99;9.95;;;02.05.2025;1.19;9011900139616;Hrana
UMAK POCOLOCO RAJÈICA 315 g;9911;Poco Loco;0.3150;kg;3.09;9.81;;;02.05.2025;3.09;5412514999919;Hrana
UMAK POCOLOCO TORTILLA 300 g;9918;;0.3000;kg;4.09;13.63;;;02.05.2025;4.09;5412514999940;Hrana
HREN STOLNI MAUTNERMARK.100 g;9921;Mautner Markhof;0.1000;kg;1.98;19.80;;;02.05.2025;1.98;90119736;Hrana
SENF L ANCIENNE STAKLO 190 ml;9928;;0.1900;l;3.59;18.89;;;02.05.2025;3.59;3563490110125;Hrana
SENF DIJON LJUTI STAK. 200 ml;9930;;0.2000;l;3.39;16.95;;;02.05.2025;3.39;3563490010098;Hrana
KOLAÈ PRINCES KRA.PAVONE 100 g;9962;;0.1000;kg;2.59;25.90;;;02.05.2025;2.59;8006420101008;Hrana
KOLAÈ PRINCES KRA.PAVONE 200 g;9966;;0.2000;kg;4.79;23.95;;;02.05.2025;4.79;8006420102005;Hrana
OCAT ACETO BALSAMICO 250 ml;9973;Monari;0.2500;l;3.39;13.56;;;02.05.2025;3.39;8003185003981;Hrana
OCAT BALSAMICO SILVER 500 ml;9976;Monari;0.5000;l;4.49;8.98;;;02.05.2025;4.49;8003185008931;Hrana
OCAT BALSAM.STANDARD 500 ml;9978;Monari;0.5000;l;3.49;6.98;;;02.05.2025;3.49;8003185000010;Hrana
PESTO SACLA ARRABIATA 190 g;9980;Sacla;0.1900;kg;3.29;17.32;;;02.05.2025;3.29;8001060001930;Hrana
PESTO SACLA BOSILJAK 190 g;9998;Sacla;0.1900;kg;3.99;21.00;;;02.05.2025;3.99;8001060001848;Hrana
TAMPONI O.B.NORMAL 16/1;10033;o.b.;16.0000;kom;4.29;0.27;;;02.05.2025;4.09;3574660089318;Toaletne potrep¹tine
TAMPONI O.B.SUPER 16/1;10040;o.b.;16.0000;kom;4.35;0.27;;;02.05.2025;4.19;3574660089332;Toaletne potrep¹tine
TAMP.O.B.PRO COMFO.NORMAL 16/1;10058;o.b.;16.0000;kom;4.39;0.27;;;02.05.2025;4.19;3574660234428;Toaletne potrep¹tine
TAMP.O.B.PRO COMFO.SUPER 16/1;10072;o.b.;16.0000;kom;4.39;0.27;;;02.05.2025;4.19;3574660234541;Toaletne potrep¹tine
ÈOK.DORINA S LEDENI.PUNJ.100 g;10087;Dorina;0.1000;kg;1.99;19.90;;;02.05.2025;1.99;3850102117215;Hrana
ÈOK.DORINA MLIJEÈNA  80 g;10100;Dorina;0.0800;kg;1.03;12.88;;;02.05.2025;1.03;3850102111961;Hrana
ÈOK.DORINA KUHANJE KRA© 200 g;10197;Dorina;0.2000;kg;3.89;19.45;;;02.05.2025;3.89;3850102113613;Hrana
ÈOK.DORINA KUHANJE KRA© 100 g;10205;Dorina;0.1000;kg;2.09;20.90;;;02.05.2025;2.09;3850102110605;Hrana
ÈOK.DORINA KEKS  80 g;10228;Dorina;0.0800;kg;1.89;23.63;;;02.05.2025;1.89;3850102117970;Hrana
CORNFLAKES BRUGGEN 500 g;10304;;0.5000;kg;2.19;4.38;;;02.05.2025;2.19;4008713707526;Hrana
ZOB.PAH.BRUGGEN SITNE 500 g;10316;Bruggen;0.5000;kg;0.99;1.98;;;02.05.2025;0.99;4008713702804;Hrana
BOMBONI PEPERMINT KRA© 100 g;10331;Kra¹;0.1000;kg;1.29;12.90;;;02.05.2025;1.29;3850102210312;Hrana
BOMBONI 505 BEZ ©EÆERA 80 g;10380;Kra¹;0.0800;kg;1.49;18.63;;;02.05.2025;1.49;3850102216383;Hrana
BOMBONI MENTOL BEZ ©EÆ. 80 g;10381;Kra¹;0.0800;kg;1.49;18.63;;;02.05.2025;1.49;3850102212460;Hrana
TJEST.DE CECCO FUSILLI 500g;10383;De Cecco;0.5000;kg;3.39;6.78;;;02.05.2025;3.39;8001250120342;Hrana
TJES.DE CECCO PENNE RIGATE500g;10385;De Cecco;0.5000;kg;3.39;6.78;;;02.05.2025;3.39;8001250120410;Hrana
PRELJEV DESE.ÈOKOLADA 230 g;10393;Sladki Greh;0.2300;kg;3.79;16.48;;;02.05.2025;3.79;3838900032787;Hrana
PRELJEV DES.ÈOK. SL.GREH 960 g;10399;Sladki Greh;0.9600;kg;8.99;9.36;;;02.05.2025;8.99;3838900032800;Hrana
BOMBONI MENTOL ZELENI 100 g;10402;Kra¹;0.1000;kg;0.89;8.90;;;02.05.2025;0.89;3850102215614;Hrana
BOMBONIJERA BAJADERA 200 g;10406;Bajadera;0.2000;kg;7.99;39.95;;;02.05.2025;5.99;3850102230044;Hrana
BOMBONIJERA BAJADERA 300 g;10408;Bajadera;0.3000;kg;11.49;38.30;;;02.05.2025;8.99;3850102230051;Hrana
TJES.DE CECCO FARFALLE 500g;10413;De Cecco;0.5000;kg;3.39;6.78;;;02.05.2025;3.39;8001250120939;Hrana
BOMBONIJERA BAJADERA 500 g;10415;Bajadera;0.5000;kg;16.99;33.98;;;02.05.2025;12.74;3850102230068;Hrana
KEKS SPORT KRA© 300 g;10429;Kra¹;0.3000;kg;1.79;5.97;;;02.05.2025;1.79;3850102310111;Hrana
KEKS PETIT BEURRE 200 g;10453;Kra¹;0.2000;kg;1.59;7.95;;;02.05.2025;1.59;3850102311163;Hrana
KEKS PETIT BEURRE 480 g;10462;Kra¹;0.4800;kg;2.99;6.23;;;02.05.2025;2.99;3850102311439;Hrana
KEKS PETIT BEURRE 960 g;10464;Kra¹;0.9600;kg;5.09;5.30;;;02.05.2025;5.09;3850102311446;Hrana
KEKS SPORT KRA© 1000 g;10468;Kra¹;1.0000;kg;4.19;4.19;;;02.05.2025;4.19;3850102311507;Hrana
NAPOLITANKE ÈOKOLAD.KRA© 500 g;10498;Kra¹;0.5000;kg;6.69;13.38;;;02.05.2025;4.99;3850102320073;Hrana
NAPOLITANKE ÈOKOL.KRA© 250 g;10503;Kra¹;0.2500;kg;3.99;15.96;;;02.05.2025;3.99;3850102320080;Hrana
NAPOL.LJE©NJAK DIJETNA 50 g;10535;Kra¹;0.0500;kg;1.09;21.80;;;02.05.2025;1.06;3850102323463;Hrana
LIZALICA ®IV.CARST.LIZLI 15 g;10558;Kra¹;0.0150;kg;0.69;46.00;;;02.05.2025;0.69;38500633;Hrana
ÈOK.LINDT TAMNA  70% 100 g;10585;Lindt;0.1000;kg;2.98;29.80;;;02.05.2025;2.98;3046920071086;Hrana
HRANA ZA PSE FRISK.ACT.500 g;10588;Friskies;0.5000;kg;2.29;4.58;;;02.05.2025;2.29;7613031395460;Proizvodi za kuæanstvo
HRANA ZA PSE FRISK.JUN.500 g;10595;Friskies;0.5000;kg;2.29;4.58;;;02.05.2025;2.29;5997204513199;Proizvodi za kuæanstvo
ODSTR.MRLJA DR.BECKMANN 250 ml;10622;Dr. Beckmann;0.2500;L;3.39;13.56;;;02.05.2025;3.39;4008455342313;Sredstva za èi¹æenje
KRUH SA SUNCOKRETOM 500 g;10628;;0.5000;kg;2.46;4.92;;;02.05.2025;2.46;4000446001742;Hrana
ÈOK.LINDT EXC.TAM.S NAR.100 g;10637;Lindt;0.1000;kg;2.98;29.80;;;02.05.2025;2.98;3046920028370;Hrana
KRUH OD 3 VRSTE ®ITARICA 500 g;10655;Encian;0.5000;kg;2.39;4.78;;;02.05.2025;2.39;4000446001735;Hrana
KRUH FITNESS 500 g;10657;;0.5000;kg;2.32;4.64;;;02.05.2025;2.32;4000446001780;Hrana
MAÈJA HRANA WHISKAS 300 g;10692;Whiskas;0.3000;kg;2.39;7.97;;;02.05.2025;2.39;5998749144183;Proizvodi za kuæanstvo
HRANA ZA MAÈKE WHIS.JANJ.300 g;10699;Whiskas;0.3000;kg;2.39;7.97;;;02.05.2025;2.39;5900951305719;Proizvodi za kuæanstvo
PRALINE LINDOR MILK 200 g;10701;Lindor;0.2000;kg;6.98;34.90;;;02.05.2025;6.98;7610400082549;Hrana
HRANA ZA MAÈ.WHI.PIL.POV.300 g;10709;Whiskas;0.3000;kg;2.39;7.97;;;02.05.2025;2.39;5900951014055;Proizvodi za kuæanstvo
HRANA ZA MAÈ.WHI.JUN.PIL.300 g;10715;Whiskas;0.3000;kg;2.39;7.97;;;02.05.2025;2.39;5900951014079;Proizvodi za kuæanstvo
GEL WC NET MOUNTAI.FRES.750 ml;10740;Wc Net;0.7500;l;2.75;3.67;;;02.05.2025;2.75;8004050036707;Sredstva za èi¹æenje
JABUKA CRVENA 2 kg;10775;Eigenbedarf;2.0000;kg;2.19;1.10;;;02.05.2025;2.19;3859893211157;Hrana
MAÈJA HR.GOURMET PILETINA 85 g;10780;Gourmet Gold;0.0850;kg;0.89;10.47;;;02.05.2025;.92;7613032816537;Proizvodi za kuæanstvo
MAÈJA HR.GOURMET PURETINA 85 g;10783;Gourmet;0.0850;kg;0.89;10.47;;;02.05.2025;.92;7613032814953;Proizvodi za kuæanstvo
MAÈJA HR.GOURM.TUNA OSL.85 g;10799;Gourmet Gold;0.0850;kg;0.89;10.47;;;02.05.2025;.92;7613032814526;Proizvodi za kuæanstvo
MAÈ.HRANA GOURMET PIL.JET.85 g;10801;Gourmet Gold;0.0850;kg;0.89;10.47;;;02.05.2025;.92;7613032814601;Proizvodi za kuæanstvo
MAÈ.HRANA GOURM.PIL.LOS.85 g;10806;Gourmet;0.0850;kg;0.89;10.47;;;02.05.2025;.92;7613032815318;Proizvodi za kuæanstvo
TOFFIFEE 125 g;10946;Toffifee;0.1250;kg;2.99;23.92;;;02.05.2025;2.99;4014400400007;Hrana
BOMBONIJERA MERCI 400 g;10948;Merci;0.4000;kg;13.59;33.98;;;02.05.2025;13.59;4014400900217;Hrana
BOMBONIJERA MERCI GROSSE 250 g;10951;Merci;0.2500;kg;7.99;31.96;;;02.05.2025;7.99;4014400901191;Hrana
BOMBONIJERA MERCI HELLE 250 g;10954;Merci;0.2500;kg;7.99;31.96;;;02.05.2025;7.99;4014400901405;Hrana
BOMBONIJERA MERCI HERBE 250 g;10957;Merci;0.2500;kg;7.99;31.96;;;02.05.2025;7.99;4014400901412;Hrana
CHAMPAGNE MOET CHANDON 0,75 L;10976;Moet & Chandon;0.7500;l;54.99;73.32;;;02.05.2025;54.99;3185370000335;Piæa
CHAMPAGNE DOM PERIGNON 0,75 L;10978;Moet & Chandon;0.7500;l;300.02;400.03;;;02.05.2025;300.02;3185370735695;Piæa
PJEN.ZLATA PENINA RADG.0,75 L;10982;;0.7500;l;16.92;22.56;;;02.05.2025;16.92;3830000341011;Piæa
PJEN.SREBERNA PENIN.RADG0,75 L;10984;;0.7500;l;9.82;13.09;;;02.05.2025;9.82;3830000341110;Piæa
PJENU©AC HENKELL TROC.0,75 L;10994;Henkell;0.7500;l;10.99;14.65;;;02.05.2025;10.89;4003310011625;Piæa
ÈETK.ZA ZUBE COLGATE EX. 1+1;11002;Colgate;1.0000;kom;2.29;2.29;;;02.05.2025;2.29;8714789732244;Kozmetika
ÈETK.ZA ZUBE COL.ZIG ZAG 1 kom;11006;Colgate;1.0000;kom;2.09;2.09;;;02.05.2025;1.99;7610196003544;Kozmetika
LIKER BAILEYS 0,7 L ;11024;Baileys;0.7000;l;24.29;34.70;;;02.05.2025;24.29;5011013100156;Piæa
ZUB.PASTA COLGATE ADVAN.75 ml;11052;Colgate;0.0750;L;2.79;37.20;;;02.05.2025;2.79;8718951312173;Kozmetika
VODKA SMIRNOFF RED 1 L;11071;;1.0000;L;20.89;20.89;;;02.05.2025;20.89;5410316994026;Piæa
VODKA SMIRNOFF RED 0,7 L ;11074;Smirnoff;0.7000;l;16.79;23.99;;;02.05.2025;16.79;5410316671118;Piæa
LIKER SHERIDANS 0,7 L;11078;;0.7000;l;30.38;43.40;;;02.05.2025;30.38;5011013500680;Piæa
GIN GORDONS DRY 0,70 L;11093;Gordon's;0.7000;l;18.99;27.13;;;02.05.2025;18.99;5000289925440;Piæa
RUM CAPTAIN MORGAN 0,7 L;11123;;0.7000;l;19.89;28.41;;;02.05.2025;18.92;5000299223017;Piæa
LJEPILO ZA MI©EVE 135 g;11125;Indor;0.1350;kg;1.79;13.26;;;02.05.2025;1.79;8005831003895;Proizvodi za kuæanstvo
NAMAZ SCHWARTAU MARELICA 340 g;11141;Schwartau;0.3400;kg;5.19;15.26;;;02.05.2025;5.19;4011800840310;Hrana
ZAÈ.BILJ.BOSILJ NADALINA 15g;11146;;0.0150;kg;1.99;132.67;;;02.05.2025;1.99;3858881585027;Hrana
ODST.LAKA ZA NOKTE NORM.125 ml;11151;Indor;0.1250;L;0.99;7.92;;;02.05.2025;0.99;8008423201013;Kozmetika
ODSTR.LAKA ZA NOKTE KAL.125 ml;11157;Indor;0.1250;L;1.09;8.72;;;02.05.2025;1.09;8008423400539;Kozmetika
WHISKEY J.W. RED LABEL 1 L;11158;Johnnie Walker;1.0000;L;26.19;26.19;;;02.05.2025;26.19;5000267013602;Piæa
ODSTR.LAKA ZA NOK.ULJNI 125 ml;11160;Indor;0.1250;L;1.09;8.72;;;02.05.2025;1.09;8008423201112;Kozmetika
ZAÈIN CIMET NADALINA 38 g;11183;;0.0380;kg;2.09;55.00;;;02.05.2025;2.09;3858881585126;Hrana
NAMAZ SCHWARTAU JAGODA 340 g;11189;Schwartau;0.3400;kg;5.19;15.26;;;02.05.2025;5.19;4011800840518;Hrana
NAMAZ SCHWARTAU VI©NJA 340 g;11205;Schwartau;0.3400;kg;3.99;11.74;;;02.05.2025;3.99;4011800841416;Hrana
NAMAZ SCHWARTAU NARANÈA 340 g;11213;Schwartau;0.3400;kg;3.99;11.74;;;02.05.2025;3.99;4011800841119;Hrana
ZAÈIN MJ.VEGETA PODRAVKA 1 kg;11214;;1.0000;kg;5.99;5.99;;5.99;02.05.2025;7.69;3850104047046;Hrana
HENNESSY VS 0,7 L ;11220;Hennessy;0.7000;l;42.02;60.03;;;02.05.2025;42.02;3245995960015;Piæa
NAM.SCHWARTAU BOROVNICA 340 g;11222;Schwartau;0.3400;kg;5.19;15.26;;;02.05.2025;5.19;4011800840815;Hrana
TEK.SAP.PALMOLIVE M&H 300 ml;11231;Palmolive;0.3000;L;2.89;9.63;;;02.05.2025;2.89;8003520013026;Kozmetika
ZAÈIN MJ.VEGETA PODRAVKA 500 g;11234;;0.5000;kg;3.99;7.98;;;02.05.2025;3.99;3850104008443;Hrana
NAMAZ SCHWARTAU ©UM.VOÆE 340 g;11235;Schwartau;0.3400;kg;5.19;15.26;;;02.05.2025;5.19;4011800841812;Hrana
ZAÈIN MJ.VEGETA PODRAVKA 250 g;11241;Podravka;0.2500;kg;2.19;8.76;;;02.05.2025;2.19;3850104008597;Hrana
GRA©AK PODRAVKA 420 g ;11247;Podravka;0.2600;kg;1.49;5.73;;;02.05.2025;1.49;3850104050862;Hrana
ZAÈIN MJ.VEGETA PODRAVKA 75 g;11248;;0.0750;kg;1.09;14.53;;;02.05.2025;1.09;3850104008054;Hrana
GRA©AK PODRAVKA 850 g;11249;Podravka;0.5200;kg;2.59;4.98;;;02.05.2025;2.59;3850104050053;Hrana
ZAÈIN ÈE©NJAK NADALINA 50 g;11255;Nadalina;0.0500;kg;3.49;69.80;;;02.05.2025;3.49;3858881585041;Hrana
ZAÈ.MJ.DALMATI.NADALINA 18g;11262;;0.0180;kg;1.99;110.56;;;02.05.2025;1.99;3858881586079;Hrana
MAHUNE PODRAVKA 420 g ;11263;Podravka;0.1800;kg;1.59;8.83;;;02.05.2025;1.59;3850104050015;Hrana
KUKURUZ ©EÆERAC PODRAVKA 340 g;11284;Podravka;0.2800;kg;1.59;5.68;;;02.05.2025;1.59;3850104063435;Hrana
ÈAJ PODRAVKA ©IPAK 60 g;11338;Podravka;0.0600;kg;2.09;34.83;;;02.05.2025;2.09;3850104072710;Piæa
ÈAJ PODRAVKA KAMILICA 20 g;11342;Podravka;0.0200;kg;1.59;79.50;;;02.05.2025;1.59;3850104072727;Piæa
KRASTAVCI PODRAVKA DELIK.330 g;11347;Podravka;0.1750;kg;2.49;14.23;;;02.05.2025;2.49;3850104093012;Hrana
KRASTAVCI PODRAVKA DELIK.670 g;11351;Podravka;0.3700;kg;2.99;8.08;;;02.05.2025;2.99;3850104050244;Hrana
INS.KAV.CRONAT GOLD STAK.100 g;11378;Jacobs;0.1000;kg;8.89;88.90;;;02.05.2025;7.69;8711000532874;Piæa
INS.KAV.JACOBS CRON.GOLD 200 g;11381;Jacobs;0.2000;kg;14.99;74.95;;;02.05.2025;12.99;8711000532904;Piæa
PAPRIKA PODRAVKA PEÈENA 650 g;11383;Podravka;0.4000;kg;3.99;9.98;;;02.05.2025;3.99;3850104209291;Hrana
ÈAJ PODRAVKA ©UMSKO VOÆE 50 g;11394;Podravka;0.0500;kg;1.85;37.00;;;02.05.2025;2.05;3850104425110;Piæa
VODKA SEGESTICA TROJKA 1 L;11425;;1.0000;L;10.02;10.02;;;02.05.2025;10.02;3850112144027;Piæa
KNEDLI GRIS PODRAVKA 60 g;11479;;0.0600;kg;1.59;26.50;;;02.05.2025;1.59;3850104048500;Hrana
SLAD.CARTE D´OR VANILIJA 1 L;11566;Carte D'or;1.0000;L;7.79;7.79;;;02.05.2025;6.99;8722700127796;Hrana
JUHA ©VICARSKA PODRAVKA 54 g ;11619;;0.0540;kg;1.49;27.59;;;02.05.2025;1.49;3850104007385;Hrana
JUHA SVATOVSKA PODRAVKA 58 g ;11625;;0.0580;kg;1.49;25.69;;;02.05.2025;1.49;3850104004964;Hrana
JUHA KOKO©JA PODRAVKA 60 g ;11631;;0.0600;kg;1.59;26.50;;;02.05.2025;1.59;3850104002038;Hrana
JUHA DALMATINSKA PODRAV.60 g ;11655;Podravka;0.0600;kg;0.99;16.50;;;02.05.2025;0.99;3850104003837;Hrana
TEK.SAP.PALMOLIVE ANTIB.300 ml;11658;Palmolive;0.3000;L;2.89;9.63;;;02.05.2025;2.89;8003520012944;Kozmetika
JUHA KOKO©JA PODRAVKA 62 g ;11662;Podravka;0.0620;kg;0.99;15.97;;;02.05.2025;0.99;3850104003189;Hrana
TEK.SAP.PALMOLIVE AQUAR.300 ml;11664;Palmolive;0.3000;L;2.89;9.63;;;02.05.2025;2.89;8003520013040;Kozmetika
JUHA BEÈKA PODRAVKA 62 g ;11666;;0.0620;kg;1.49;24.03;;;02.05.2025;1.49;3850104088162;Hrana
JUHA FRANCUSKA PODRAVKA 64 g ;11671;;0.0640;kg;1.39;21.72;;;02.05.2025;1.39;3850104003219;Hrana
JUHA GOVEÐA PODRAVKA 65 g;11675;;0.0650;kg;0.99;15.23;;;02.05.2025;0.99;3850104003134;Hrana
MLINAC MJ.4 PAPRA NAD. 45 g;11676;;0.0450;kg;5.99;133.11;;;02.05.2025;5.99;3858881586062;Hrana
JUHA TIROLSKA PODRAVKA 67 g ;11678;;0.0670;kg;1.49;22.24;;;02.05.2025;1.49;3850104006777;Hrana
MOR.SOL NADALI.BOÈICA 100 g;11682;Nadalina;0.1000;kg;1.59;15.90;;;02.05.2025;1.59;3858881585195;Hrana
JUHA LOVAÈKA PODRAVKA 68 g ;11683;;0.0680;kg;1.39;20.44;;;02.05.2025;1.39;3850104002700;Hrana
ZAÈ.ORA©ÈIÆ MLJEV.NADALI.35 g ;11688;Nadalina;0.0350;kg;3.99;114.00;;;02.05.2025;3.99;3858881585140;Hrana
JUHA SLAVONSKA PODRAVKA 76 g;11689;;0.0760;kg;1.39;18.29;;;02.05.2025;1.39;3850104007743;Hrana
JUHA MINESTRONE PODRAVKA 60 g;11691;;0.0600;kg;1.39;23.17;;;02.05.2025;1.39;3850104244674;Hrana
ZAÈIN ORIGANO  NADALINA 15g;11699;;0.0150;kg;1.99;132.67;;;02.05.2025;1.99;3858881585010;Hrana
ZAÈ.PAPAR CRNI MLJEV.NADAL45g ;11816;;0.0450;kg;3.19;70.89;;;02.05.2025;3.19;3858881585164;Hrana
ÈOKOLADA MILKA JAGODA 300 g;11981;Milka;0.3000;kg;5.99;19.97;;;02.05.2025;5.99;7622200007769;Hrana
ÈOK.MILKA CIJ.LJE©NJACI 100 g;12007;Milka;0.1000;kg;2.49;24.90;;;02.05.2025;2.49;3800005103075;Hrana
ÈOK.MILKA JAG.JOGURT 100 g;12014;Milka;0.1000;kg;2.49;24.90;;;02.05.2025;2.49;7622200007332;Hrana
GRO®ÐICA NATURA SUHA 500 g;12027;;0.5000;kg;3.34;6.68;;;02.05.2025;3.34;3113074601077;Hrana
ÈOK.MILKA BIJELA 100 g;12032;Milka;0.1000;kg;2.49;24.90;;;02.05.2025;2.49;4025700001962;Hrana
GRA©AK PODRAVKA 450 g;12042;Podravka;0.4500;kg;1.79;3.98;;;02.05.2025;1.79;3858885110065;Hrana
GRA©AK-MRKVA PODRAVKA 450 g;12049;Podravka;0.4500;kg;1.69;3.76;;;02.05.2025;1.69;3858885110102;Hrana
POV. ZA FRANCUSKU SALATU 450 g;12072;Podravka;0.4500;kg;1.89;4.20;;;02.05.2025;1.89;3858885110164;Hrana
INS.KAVA NESCAFE GOL BK 100 g;12148;Nescafe;0.1000;kg;7.29;72.90;;;02.05.2025;8.19;7613036330688;Piæa
KUPKA PALM.MILK&HONEY 500 ml;12161;Palmolive;0.5000;L;4.49;8.98;;;02.05.2025;4.49;8714789733159;Kozmetika
KUPKA PALMOLIVE SENSIT.500 ml;12168;Palmolive;0.5000;L;4.49;8.98;;;02.05.2025;4.49;8718951259119;Kozmetika
INST.KAVA NESCAF.CLASSIC 250 g;12169;Nescafe;0.2500;kg;11.99;47.96;;;02.05.2025;11.99;7891000254912;Piæa
GEL TU©.PALMOLIVE SENSI.250 ml;12183;Palmolive;0.2500;L;2.65;10.60;;;02.05.2025;2.65;5997530171322;Kozmetika
GEL TU©.PALMOLIVE MILK& 250 ml;12185;Palmolive;0.2500;L;2.65;10.60;;;02.05.2025;2.65;5996175232313;Kozmetika
GEL TU©.PALMOLIVE MILK&250 ml;12194;Palmolive;0.2500;L;2.65;10.60;;;02.05.2025;2.65;5996175232290;Kozmetika
INS.K.NESCAFE CLASSIC LI.100 g;12195;Nescafe;0.1000;kg;4.99;49.90;;;02.05.2025;5.69;7891000255049;Piæa
GEL TU©.PALMOLIVE THERM.250 ml;12216;Palmolive;0.2500;L;2.65;10.60;;;02.05.2025;2.65;8718951427747;Kozmetika
INSTANT KAKAO NESQUIK 400 g;12259;Nesquik;0.4000;kg;5.19;12.98;;;02.05.2025;5.19;5998710960736;Piæa
INSTANT KAKAO NESQUIK 800 g;12264;Nesquik;0.8000;kg;8.99;11.24;;;02.05.2025;8.99;5998710960798;Piæa
INSTANT KAKAO NESQUIK 200 g;12269;Nesquik;0.2000;kg;3.39;16.95;;;02.05.2025;3.39;5998710960729;Piæa
LIST.ZA PITE I SAVI.TENA 500 g;12282;Tena;0.5000;kg;1.89;3.78;;;02.05.2025;1.89;3859892466008;Hrana
BOJA COLOR NATURALS ZA KOSU ;12287;Garnier;1.0000;kom;4.99;4.99;;;02.05.2025;4.99;3600540335593;Kozmetika
®ITNA KA©ICA RI®OLINO 150 g;12296;Lino;0.1500;kg;2.59;17.27;;;02.05.2025;2.59;3850104017230;Hrana
BOJA COLOR NATURALS ZA KOSU 3;12312;Garnier;1.0000;kom;4.99;4.99;;;02.05.2025;4.99;3600540335609;Kozmetika
BOJA COLOR NATURALS ZA KOSU  4;12355;Garnier;1.0000;kom;4.99;4.99;;;02.05.2025;4.99;3600540335616;Kozmetika
®ITNA KA©ICA ÈOKOLINO 500 g;12364;Èokolino;0.5000;kg;4.99;9.98;;;02.05.2025;3.49;3850104210259;Hrana
BOJA COLOR NATURALS ZA KOS 4,3;12365;Garnier;1.0000;kom;4.99;4.99;;;02.05.2025;4.99;3600540335760;Kozmetika
®ITNA KA©ICA ÈOKOLINO 1 kg;12371;Èokolino;1.0000;kg;8.99;8.99;;;02.05.2025;8.99;3850104017537;Hrana
BOJA COLOR NATURALS ZA KOSU 5;12384;Garnier;1.0000;kom;4.99;4.99;;;02.05.2025;4.99;3600540335623;Kozmetika
BOJA COLOR NATURALS ZA KO.6.34;12417;Garnier;1.0000;kom;4.99;4.99;;;02.05.2025;4.99;3600540335906;Kozmetika
MAJ./KETCHUP THOMY TUBA 190 g;12429;Thomy;0.1900;kg;;10.47;1.99;2.49;02.05.2025;2.49;7613287146694;Hrana
BOJA COLOR NATURALS ZA KOSU 7 ;12431;Garnier;1.0000;kom;4.99;4.99;;;02.05.2025;4.99;3600540335647;Kozmetika
TARTAR THOMY TUBA 180 g;12435;Thomy;0.1800;kg;;11.06;1.99;2.49;02.05.2025;2.49;8445291315006;Hrana
BOJA COLOR NATURALS ZA KO. 7.1;12439;Garnier;1.0000;kom;4.99;4.99;;;02.05.2025;4.99;3600540335692;Kozmetika
BOJA COLOR NATURALS ZA KOSU 8;12462;Garnier;1.0000;kom;4.99;4.99;;;02.05.2025;4.99;3600540335654;Kozmetika
UNI.SRED.AJAX SPR.FLOW.1 L;12474;Ajax;1.0000;L;3.65;3.65;;;02.05.2025;3.65;8718951278424;Sredstva za èi¹æenje
UN.SRED.AJAX LAG.FLOWER 1 L;12482;Ajax;1.0000;L;3.69;3.69;;;02.05.2025;3.69;8718951278486;Sredstva za èi¹æenje
BOJA COLOR NATURALS ZA KO. 8.1;12490;Garnier;1.0000;kom;4.99;4.99;;;02.05.2025;4.99;3600540335708;Kozmetika
BOJA COLOR NATURALS ZA KO 9.1;12504;Garnier;1.0000;kom;4.99;4.99;;;02.05.2025;4.99;3600540335715;Kozmetika
BOJA COLOR NATURALS ZA KOSU ;12531;Garnier;1.0000;kom;4.99;4.99;;;02.05.2025;4.99;3600540335890;Kozmetika
ZAÈ.KLINÈIÆI CIJELI NADAL.30 g;12653;Nadalina;0.0300;kg;3.19;106.33;;;02.05.2025;3.19;3858881583054;Hrana
ZAÈIN KORIJAND.NADALINA 20 g;12662;;0.0200;kg;0.89;44.50;;;02.05.2025;0.89;3858881583184;Hrana
DEO SPRAY AXE AFRICA 150 ml;12714;Axe;0.1500;L;4.55;30.33;;;02.05.2025;4.55;8717644013045;Kozmetika
GEL AXE ZA TU©.AFRIKA M.250 ml;12719;Axe;0.2500;L;2.99;11.96;;;02.05.2025;2.99;8710447279793;Kozmetika
MIN.VODA SARAJEV. KISELJ.1,5 L;12796;Sarajevski Kiseljak;1.5000;l;.88;0.59;;;02.05.2025;.88;3871059000078;Piæa
MINERAL.VODA JAMNICA 0,5 L GAZ;12847;Jamnica;0.5000;l;.85;1.70;;;02.05.2025;.85;3859888152113;Piæa
MINERAL.VODA JAMNICA 1,5 L GAZ;12852;Jamnica;1.5000;l;.99;0.66;;;02.05.2025;.99;3859888152045;Piæa
DEO SPRAY DOVE ORIGINAL 150 ml;12869;Dove;0.1500;L;5.20;34.67;;;02.05.2025;5.20;8720181291715;Kozmetika
MINERAL.VODA JAMNICA 1 L P.A.;12886;Jamnica;1.0000;L;0.69;0.69;;;02.05.2025;0.69;3859888152014;Piæa
SOK JUICY ANANAS 100% 1 L;12918;Juicy;1.0000;l;2.79;2.79;;;02.05.2025;2.49;3858890970692;Piæa
SOK JUICY NARANÈA 100% 1 L;12923;Juicy;1.0000;l;3.99;3.99;;;02.05.2025;2.99;3858890970425;Piæa
JUICY FRUIT CRVE.NARANÈA 0,5 L;12946;Juicy;0.5000;l;1.09;2.18;;;02.05.2025;1.09;3858890975093;Piæa
JUICY FRUIT CRVE.NARANÈA 1,5 L;12961;Juicy;1.5000;L;1.39;0.93;;1.32;02.05.2025;1.62;3858890975062;Piæa
JUICY FRUIT MULTIVI.ACE  0,5 L;12979;Juicy;0.5000;l;1.09;2.18;;;02.05.2025;1.09;3858890975031;Piæa
JUICY FRUIT MULTIVIT.ACE 1,5 L;12995;Juicy;1.5000;L;1.39;0.93;;1.32;02.05.2025;1.62;3858890975000;Piæa
JUICY FRUIT NAR.-NEK.ACE 1,5 L;13001;Juicy;1.5000;L;1.39;0.93;;1.32;02.05.2025;1.62;3858890975123;Piæa
MLIJEKO DOVE ZA TIJELO 400 ml;13003;Dove;0.4000;L;6.99;17.48;;;02.05.2025;6.99;8711600368804;Kozmetika
REG.ELSEV.COLOR VIVE 200 ml;13005;Elseve;0.2000;L;;16.45;3.29;4.39;02.05.2025;4.39;3600523327676;Kozmetika
JUICY FRUIT NAR.NEKT.ACE 0,5 L;13008;Juicy;0.5000;l;1.09;2.18;;;02.05.2025;1.09;3858890975154;Piæa
NEKTAR JUICY CRNI RIBIZ 1 L BR;13025;Juicy;1.0000;l;2.49;2.49;;;02.05.2025;2.09;3858890970302;Piæa
DEO ROL.ON DOVE ORIGINAL 50 ml;13028;Dove;0.0500;L;5.20;104.00;;;02.05.2025;5.20;59095859;Kozmetika
NEKTAR JUICY  JABUKA 1 L BRICK;13043;Juicy;1.0000;l;1.99;1.99;;;02.05.2025;1.79;3858890970906;Piæa
DEO STICK DOVE GO F.TOUCH 40ml;13056;Dove;0.4000;L;5.20;13.00;;;02.05.2025;5.20;50285662;Kozmetika
©AM.ELSEVE COLOR VIVE 250 ml;13063;Elseve;0.2500;L;;13.16;3.29;4.39;02.05.2025;4.39;3600523327713;Kozmetika
VOÆ.NEKT.MARE.-JAB.-BRES.1 L;13080;Juicy;1.0000;l;1.99;1.99;;;02.05.2025;1.89;3858890970159;Piæa
VOÆ.NEKT.OD VI©.VRSTA VOÆA 1 L;13087;Juicy;1.0000;l;1.99;1.99;;;02.05.2025;1.89;3858890970364;Piæa
TEK.SAPUN DOVE REGULAR 250 ml;13091;Dove;0.2500;L;3.59;14.36;;;02.05.2025;3.59;4000388177000;Kozmetika
MASKA  ELSEVE COLOR VIV.200 ml;13106;Elseve;0.2000;L;6.95;34.75;;;02.05.2025;6.95;3600523607884;Kozmetika
NEKTAR JUICY NARANÈA 1 L;13108;Juicy;1.0000;l;2.39;2.39;;;02.05.2025;2.15;3858890970005;Piæa
LED.ÈAJ BRES.SP.ÈEP 0,5 L JANA;13134;Jana;0.5000;l;1.19;2.38;;;02.05.2025;1.19;3858884601052;Piæa
LEDENI ÈAJ JANA BRESKVA 1,5 L ;13140;Jana;1.5000;l;1.69;1.13;;;02.05.2025;1.59;3858884601045;Piæa
DEO SPR.REXONA COBALT 150 ml;13355;Rexona;0.1500;L;4.79;31.93;;;02.05.2025;2.99;4000388669000;Kozmetika
DEO STICK REXONA AL.VERA 40 ml;13376;Rexona;1.0000;kom;4.79;4.79;;;02.05.2025;2.99;30056640;Kozmetika
ZUB.PASTA SIGNAL HERBAL 75 ml;13395;Signal;0.0750;L;2.69;35.87;;;02.05.2025;2.69;5900300056002;Kozmetika
ZUB.PASTA SIGNAL FAMILY 75 ml;13396;Signal;0.0750;L;2.69;35.87;;;02.05.2025;2.69;5900300056101;Kozmetika
ÈETK.ZA ZUBE SIGNAL WHITENING;13414;Signal;1.0000;kom;4.49;4.49;;;02.05.2025;4.49;8718114198903;Kozmetika
ÈETK.ZA ZUBE SIGN.MINI DJEÈJA;13415;Signal;1.0000;kom;3.19;3.19;;;02.05.2025;3.19;8718114201641;Kozmetika
ÈAÈKALICE 150/1;13815;;150.0000;kom;0.66;0.00;;;02.05.2025;0.66;3858884125992;Proizvodi za kuæanstvo
ÈAÈKALICE 500/1 HIGIJENSKE;13824;;500.0000;kom;2.59;0.01;;;02.05.2025;2.59;3858884126012;Proizvodi za kuæanstvo
ÈAÈKALICE 500/1 ;13828;;500.0000;kom;1.98;0.00;;;02.05.2025;1.98;3858884125176;Proizvodi za kuæanstvo
SIR ZRNATI KERNIGER BAYE.200 g;14090;Kerninger;0.2000;kg;2.19;10.95;;;02.05.2025;2.19;4002174080945;Hrana
DES.MLIJ.LIEGEOIS ZOTT 175 g;14096;Zott;0.1750;kg;.55;3.14;;;02.05.2025;.55;40338460;Hrana
DES.MLIJ.LIEGEO.ÈO ZOTT 175 g;14097;Zott;0.1750;kg;.55;3.14;;;02.05.2025;.55;40338453;Hrana
DES.MLIJ.MONTE ZOTT 4X55 g ;14098;Zott;0.2200;kg;1.85;8.41;;;02.05.2025;1.85;40145631;Hrana
SIR ZOTTARELLA ZOTT 125 g ;14101;Zott;0.1250;kg;1.49;11.92;;;02.05.2025;1.49;4014500509518;Hrana
VRHNJE ZA KAVU ZOTT 10/1;14103;Zott;10.0000;kom;0.59;0.06;;;02.05.2025;0.59;40145037;Hrana
MASLAC PRESIDENT 200 g;14108;President;0.2000;kg;4.35;21.75;;;02.05.2025;4.35;3228022910023;Hrana
VODA JANA MINERALNA 0,5 L RÈ;14114;Jana;0.5000;L;.85;1.70;;;02.05.2025;.85;3858884600062;Piæa
VODA JANA MINERALNA 1 L KK;14145;Jana;1.0000;l;.89;0.89;;;02.05.2025;.89;3858884600987;Piæa
VODA JANA MINERALNA 1,5 L ;14154;Jana;1.5000;l;.95;0.63;;;02.05.2025;.95;3858884600055;Piæa
VREÆICE MIRISNE COCCOLINO 16 g;14251;Coccolino;1.0000;kom;3.59;3.59;;;02.05.2025;3.59;8000660310282;Sredstva za èi¹æenje
VODA ZA PEGLANJE COCCOLINO 1 L;14285;Coccolino;1.0000;L;3.98;3.98;;;02.05.2025;3.98;8000660310466;Sredstva za èi¹æenje
MUSLI PL.CORNY BIG BANANA 50 g;14288;Corny;0.0500;kg;1.19;23.80;;;02.05.2025;1.19;4011800584511;Hrana
MUSLI PLOÈ.CORNY KIKIRIKI 50 g;14295;Corny;0.0500;kg;1.19;23.80;;;02.05.2025;1.19;4011800599515;Hrana
MUSLI PLOÈ.CORNY BRUSNICA 50 g;14313;Corny;0.0500;kg;1.19;23.80;;;02.05.2025;1.19;4011800587512;Hrana
Kiwi rfs;14317;;1.0000;kg;3.99;3.99;;;02.05.2025;3.49;3858885879016;Hrana
MUSLI PLOÈ.CORNY ÈOKOLADA 50 g;14320;Corny;0.0500;kg;1.19;23.80;;;02.05.2025;1.19;4011800586515;Hrana
MUSLI PLOÈ.CORNY LJE©NJAK 50 g;14323;Corny;0.0500;kg;1.19;23.80;;;02.05.2025;1.19;4011800581510;Hrana
©TAPIÆI KVIKI PECIVO 100 g;14365;Kviki;0.1000;kg;;8.70;0.87;1.09;02.05.2025;1.09;3850104007293;Hrana
DOMESTOS TB ATLANTIC 750 ml;14369;Domestos;0.7500;L;2.95;3.93;;;02.05.2025;2.15;8717163286975;Sredstva za èi¹æenje
UNI.SRED.DOMESTOS CITRU.750 ml;14372;Domestos;0.7500;L;2.65;3.53;;2.15;02.05.2025;2.15;5996037079780;Sredstva za èi¹æenje
©TAPIÆI KVIKI PECIVO 50 g;14373;Kviki;0.0500;kg;;12.60;0.63;0.79;02.05.2025;0.79;3850104007309;Hrana
UNI.SRED.DOMESTOS PINK 750 ml;14377;Domestos;0.7500;L;2.95;3.93;;;02.05.2025;2.15;5996358010714;Sredstva za èi¹æenje
RIBICE KVIKI PECIVO 200 g;14379;Kviki;0.2000;kg;;7.15;1.43;1.79;02.05.2025;1.79;3850104007620;Hrana
UNI.SRED.DOMESTOS PINE 750 ml;14380;Domestos;0.7500;L;2.65;3.53;;2.15;02.05.2025;2.15;5996037079797;Sredstva za èi¹æenje
IZBJELJIVAÈ DOMESTOS 750 ml;14385;Domestos;0.7500;L;2.95;3.93;;;02.05.2025;2.15;5996358008773;Sredstva za èi¹æenje
RIBICE KVIKI PECIVO 50 g;14388;Kviki;0.0500;kg;;12.60;0.63;0.79;02.05.2025;0.79;3850104007606;Hrana
ÈOK.MIKADO RI®A ZVEÈEVO 300 g;14392;Mikado;0.3000;kg;4.79;15.97;;;02.05.2025;4.79;3858881064201;Hrana
PERECI KVIKI PECIVO 200 g;14396;Kviki;0.2000;kg;;7.15;1.43;1.79;02.05.2025;1.79;3850104007224;Hrana
PERECI KVIKI PECIVO 100 g;14401;Kviki;0.1000;kg;;8.70;0.87;1.09;02.05.2025;1.09;3850104007217;Hrana
ZAÈ.CIMET MLJE.NADALINA 5 g;14404;Nadalina;0.0050;kg;0.19;38.00;;;02.05.2025;0.19;3858881580077;Hrana
KOKOS BRA©NO NADALINA 100 g;14430;Nadalina;0.1000;kg;1.09;10.90;;;02.05.2025;1.09;3858881582057;Hrana
MU©KAT.ORA©ÈIÆI NADALINA 20g;14473;Nadalina;0.0200;kg;3.49;174.50;;;02.05.2025;3.49;3858881583085;Hrana
ÈOK.VOLIM TE VI©.JAG.MAL.100 g;14481;Zvecevo;0.1000;kg;;8.90;0.89;1.29;02.05.2025;1.29;3858881065239;Hrana
VANILIJA ©TAPIÆI NADALINA 3g;14484;Nadalina;0.0030;kg;5.99;1996.67;;;02.05.2025;5.99;3858881583108;Hrana
ÈOK.SAMO TI LJE©NJAK 100 g;14485;;0.1000;kg;;8.90;0.89;1.29;02.05.2025;1.29;3858881065000;Hrana
ÈOK.SAMO TI JAGODA 100 g;14488;Zvecevo;0.1000;kg;;8.90;0.89;1.29;02.05.2025;1.29;3858881065055;Hrana
ZAÈIN  ©AFRAN  KUT.NADAL. 0,1g;14575;Nadalina;0.0010;kg;2.09;2090.00;;;02.05.2025;2.09;3858881583337;Hrana
MASLINE TRENTON ZEL.BK.370 g;14591;Trenton;0.1550;kg;2.99;19.29;;;02.05.2025;2.99;3859888906259;Hrana
ZAÈ.PAPRIKA SLAT.NADALI.100 g ;14603;Nadalina;0.1000;kg;1.29;12.90;;;02.05.2025;1.29;3858881582019;Hrana
ROGAÈ MLJEVENI NADALINA 200 g;14612;;0.2000;kg;1.19;5.95;;;02.05.2025;1.19;3858881582156;Hrana
MJE©.ZAÈ.DALMA.NADALINA 12 g;14710;;0.0120;kg;1.09;90.83;;;02.05.2025;1.09;3858881580213;Hrana
Sir Edamac Zdenka;14742;Zdenka;1.0000;kg;12.99;12.99;;;02.05.2025;12.99;3858888590468;Hrana
ZAÈ.PAPRIKA LJUTA NADALI.100 g;14754;Nadalina;0.1000;kg;1.29;12.90;;;02.05.2025;1.29;3858881582033;Hrana
SIR SPORT ZDENKA CCA 600 g;14795;Zdenka;1.0000;kg;12.99;12.99;;;02.05.2025;12.99;3858888590536;Hrana
KREM.NOÆNA DE REVITALIFT 50 ml;14796;LOREAL;0.0500;L;14.59;291.80;;;02.05.2025;14.59;3600520160771;Kozmetika
KRE.DNEVNA DE REVITALIFT 50 ml;14803;LOREAL;0.0500;L;14.59;291.80;;;02.05.2025;14.59;3600520160764;Kozmetika
MIJE©ANA SALATA PODRAVKA 660 g;14822;Podravka;0.3000;kg;2.69;8.97;;;02.05.2025;2.69;3850104051319;Hrana
CIKLA PODRAVKA 660 g;14837;Podravka;0.3800;kg;2.49;6.55;;;02.05.2025;2.49;3850104050718;Hrana
BOJA PALETTE DE LUXE 575;14852;Palette;1.0000;kom;;4.99;4.99;5.99;02.05.2025;5.99;3838824176819;Kozmetika
FEFERONI SLATKI PODRAVKA 300 g;14863;Podravka;0.1500;kg;2.79;18.60;;;02.05.2025;2.74;3850104011658;Hrana
©TAPIÆI ZA RA®NJIÆE 20cm 50/1;14927;;50.0000;kom;1.32;0.03;;;02.05.2025;1.32;3858884126029;Proizvodi za kuæanstvo
©TAPIÆI ZA RA®NJIÆE 25cm 50/1;14929;;50.0000;kom;1.19;0.02;;;02.05.2025;1.19;3858884126180;Proizvodi za kuæanstvo
KOMPOT PODRAVKA MARELICA 820 g;14931;Podravka;0.4700;kg;3.99;8.49;;;02.05.2025;3.99;3850104027246;Hrana
KOMPOT PODRAVKA BRESKVA 820 g;14944;Podravka;0.4700;kg;3.99;8.49;;;02.05.2025;3.99;3850104026973;Hrana
GRAH PODRAVKA BIJELI 400 g;14959;Podravka;0.2300;kg;1.39;6.04;;;02.05.2025;1.39;3850104020797;Hrana
GRAH PODRAVKA BIJELI 800 g;14964;Podravka;0.4600;kg;2.19;4.76;;;02.05.2025;2.19;3850104020780;Hrana
GRAH PODRAVKA CRVENI 800 g;14969;Podravka;0.4600;kg;2.19;4.76;;;02.05.2025;2.19;3850104020728;Hrana
GRAH PODRAVKA CRVENI 400 g;14977;Podravka;0.2300;kg;1.39;6.04;;;02.05.2025;1.39;3850104020759;Hrana
GRAH PODRAVKA SMEÐI 400 g;14987;Podravka;0.2300;kg;1.39;6.04;;;02.05.2025;1.39;3850104024870;Hrana
GRAH PODRAVKA SMEÐI 800 g;14999;Podravka;0.4800;kg;2.19;4.56;;;02.05.2025;2.19;3850104025389;Hrana
BOJA  PALETTE DELUXE 679;15032;Palette;1.0000;kom;;4.99;4.99;5.99;02.05.2025;5.99;3838824176918;Kozmetika
BOJA PALETTE  DE LUXE 750;15036;Palette;1.0000;kom;;4.99;4.99;5.99;02.05.2025;5.99;3838824176932;Kozmetika
INST.KAKAO KRA© EXPRESS 330 g;15149;Kra¹;0.3300;kg;3.99;12.09;;;02.05.2025;3.99;3850102111152;Piæa
BOJA PALETTE  DE LUXE 800;15252;Palette;1.0000;kom;;4.99;4.99;5.99;02.05.2025;5.99;3838824176994;Kozmetika
BOJA PALETTE  DE LUXE 880;15259;Palette;1.0000;kom;;4.99;4.99;5.99;02.05.2025;5.99;3838824177052;Kozmetika
GAZIRANO PIÆE PEPSI 0,5 L;15273;Pepsi;0.5000;l;1.05;2.10;;;02.05.2025;1.05;3830065022580;Piæa
SOK GAZIRANI PEPSI COLA 0,33 L;15295;Coca-Cola;0.3300;L;.99;3.00;;;02.05.2025;.99;3830065022566;Piæa
GAZIRANO PIÆE PEPSI COLA 2 L ;15300;Pepsi;2.0000;l;2.05;1.03;;;02.05.2025;1.95;3830065022627;Piæa
BOJA ZA KOSU PALETTE  ICC A10;15337;Palette;1.0000;kom;;3.49;3.49;4.25;02.05.2025;4.25;3838824159133;Kozmetika
BOJA ZA KOSU PALETTE  ICC C1;15342;Palette;1.0000;kom;;3.49;3.49;4.25;02.05.2025;4.25;3838824159171;Kozmetika
BOJA ZA KOSU PALETTE  ICC C10;15345;Palette;1.0000;kom;;3.49;3.49;4.25;02.05.2025;4.25;3838824159218;Kozmetika
BOJA ZA KOSU PALETTE  ICC N1;15359;Palette;1.0000;kom;;3.49;3.49;4.25;02.05.2025;4.25;3838824159416;Kozmetika
BOJA ZA KOSU PALETTE  ICC N2;15365;Palette;1.0000;kom;;3.49;3.49;4.25;02.05.2025;4.25;3838824159454;Kozmetika
BOJA ZA KOSU PALETTE  ICC N3;15368;Palette;1.0000;kom;;3.49;3.49;4.25;02.05.2025;4.25;3838824159492;Kozmetika
BOJA ZA KOSU PALETTE  ICC N4;15369;Palette;1.0000;kom;;3.49;3.49;4.25;02.05.2025;4.25;3838824159539;Kozmetika
BOJA ZA KOSU PALETTE  ICC N6;15371;Palette;1.0000;kom;;3.49;3.49;4.25;02.05.2025;4.25;3838824159614;Kozmetika
BOJA ZA KOSU PALETTE  ICC N7;15374;Palette;1.0000;kom;;3.49;3.49;4.25;02.05.2025;4.25;3838824159652;Kozmetika
BOJA ZA KOSU PALETTE ICC R4;15384;Palette;1.0000;kom;;3.49;3.49;4.25;02.05.2025;4.25;3838824159751;Kozmetika
BOJA ZA KOSU PALETTE  ICC RF3;15386;Palette;1.0000;kom;;3.49;3.49;4.25;02.05.2025;4.25;3838824218601;Kozmetika
BOJA ZA KOSU PALETTE  ICC RI5;15399;Palette;1.0000;kom;;3.49;3.49;4.25;02.05.2025;4.25;3838824159898;Kozmetika
PIVO O®UJSKO SVIJ.0,5 L LIM;15547;O¾ujsko;0.5000;l;1.48;2.96;;;02.05.2025;1.38;3850131400609;Piæa
©AMP.SCHAUMA FOR MEN 250 ml;15582;Schauma;0.2500;L;2.69;10.76;;2.49;02.05.2025;2.99;4012800567658;Kozmetika
©AMP.SCHAUMA 7 LJ&T 250 ml;15585;Schauma;0.2500;L;2.69;10.76;;2.49;02.05.2025;2.99;4012800167612;Kozmetika
©AM.SCHAUMA KIDS JAGODA 250 ml;15594;Schauma;0.2500;L;;10.76;2.69;2.79;02.05.2025;4.35;4015000665957;Kozmetika
PR©UT KRA©KI 100 g NAREZAK;15683;Kras;0.1000;kg;4.69;46.90;;;02.05.2025;4.69;3838885333039;Hrana
DETERD®ENT OPAL 375 ml;15697;Opal;0.3750;L;2.52;6.72;;;02.05.2025;2.52;3859890222156;Sredstva za èi¹æenje
MED VAR®AK BAGREM 900 g;15762;Varzak;0.9000;kg;15.26;16.96;;;02.05.2025;15.26;3859888673038;Hrana
MED VAR®AK BAGREM 450 g;15775;Varzak;0.4500;kg;8.89;19.76;;;02.05.2025;8.89;3859888673021;Hrana
MED VAR®AK CVJETNI 900 g;15792;Varzak;0.9000;kg;9.95;11.06;;;02.05.2025;9.95;3859888673137;Hrana
MED VAR®AK CVJETNI 450 g;15808;Varzak;0.4500;kg;5.3;11.78;;;02.05.2025;5.3;3859888673120;Hrana
MED VAR®AK CVJETNI 250 g;15820;Varzak;0.2500;kg;3.31;13.24;;;02.05.2025;3.31;3859888673113;Hrana
PASTA ZA RUKE IDEAL 500 g ;15827;Ideal;0.5000;kg;2.55;5.10;;;02.05.2025;2.55;3859888110175;Sredstva za èi¹æenje
SOLNA KISELINA 19% 1 L;15833;Meteor;1.0000;L;1.85;1.85;;;02.05.2025;1.85;3859888110199;Sredstva za èi¹æenje
IZBJELJIVAÈ CEKINA 1 L;15839;Cekina;1.0000;L;1.49;1.49;;;02.05.2025;1.49;3859888110168;Sredstva za èi¹æenje
MED VAR®AK LIPA 900 g;15881;Varzak;0.9000;kg;11.28;12.53;;;02.05.2025;11.28;3859888673236;Hrana
MED VAR®AK LIPA 450 g;15887;Varzak;0.4500;kg;5.97;13.27;;;02.05.2025;5.97;3859888673229;Hrana
SODA BIKARBONA 1 kg XXL;15976;;1.0000;kg;3.99;3.99;;;02.05.2025;3.99;3858881588127;Hrana
GEL ZA TU©.FA SPORT M.250 ml;16076;Fa;0.2500;L;2.75;11.00;;;02.05.2025;2.75;9000100194419;Kozmetika
NAMAZ LINO LADA DUO PODR.400 g;16080;Podravka;0.4000;kg;3.99;9.98;;;02.05.2025;3.99;3850104019784;Hrana
BR.GILL.BLUE II PLUS 5 KOM ;16134;Gillette;5.0000;kom;3.99;0.80;;3.99;02.05.2025;3.59;3014260283254;Kozmetika
JED.BRITVICE GILLETTE 5/1;16156;Gillette;5.0000;kom;1.59;0.32;;1.59;02.05.2025;2.18;3014260596989;Kozmetika
BRITVICA GILL.BLUE 2 PLUS 1/1;16179;Gillette;1.0000;kom;0.99;0.99;;0.99;02.05.2025;0.99;3014260265885;Kozmetika
GEL GILLETTE OSJ.KO®A 200 ml ;16191;Gillette;0.2000;L;;19.95;3.99;4.19;02.05.2025;4.19;3014260223007;Kozmetika
KOBASICA EXTRA 500 g ;16247;Perutnina;0.5000;kg;1.79;3.58;;;02.05.2025;1.79;3850220150583;Hrana
Poli maxi Perutnina;16253;Poli;1.0000;kg;11.59;11.59;;;02.05.2025;11.59;3850220152921;Hrana
POLI MINI 220 g PERUTNINA;16258;Poli;0.2200;kg;1.99;9.05;;;02.05.2025;1.59;3838977010855;Hrana
POLI 500 g PERUTNINA;16286;Poli;0.5000;kg;4.25;8.50;;;02.05.2025;3.99;3838977014051;Hrana
GEL ZA BRI.GILLETTE S.S.200 ml;16328;Gillette;0.2000;L;3.99;19.95;;3.99;02.05.2025;3.79;3014260214692;Kozmetika
DEO ROLL ON FA SPORT 50 ml;16371;Fa;0.0500;L;3.20;64.00;;;02.05.2025;3.20;9000100219877;Kozmetika
PJENA GILLETTE SENSITI.200 ml;16487;Gillette;0.2000;L;;9.95;1.99;2.09;02.05.2025;1.99;3014260228682;Kozmetika
DEO SPRAY FA M.SPORT 150 ml;16580;Fa;0.1500;L;3.20;21.33;;;02.05.2025;3.20;3838824085272;Kozmetika
Kobasica èajna;16599;Podravka;1.0000;kg;18.29;18.29;;;02.05.2025;18.29;3856020236687;Hrana
PANCETA VP;16607;Podravka;1.0000;kg;22.99;22.99;;;02.05.2025;22.99;3856020237295;Hrana
KAVA LAVAZZ.CREMA E GUSTO250 g;16628;Lavazza;0.2500;kg;6.99;27.96;;;02.05.2025;6.99;8000070038769;Piæa
KAVA LAVAZZA QUAL.ROSSA 250 g;16631;Lavazza;0.2500;kg;7.29;29.16;;;02.05.2025;7.29;8000070035805;Piæa
BRIJAÈ GILLETTE VENUS 2UP;16707;Gillette;1.0000;kom;7.49;7.49;;7.49;02.05.2025;7.49;3014260262693;Kozmetika
PJENASTI DES.MUNCHMALLOW 105 g;16710;Munchmallow;0.1050;kg;1.49;14.19;;;02.05.2025;1.11;8600114000020;Hrana
KEKS JAFFA NARAN.CRVENKA 300 g;16717;Jaffa;0.3000;kg;2.39;7.97;;;02.05.2025;2.39;8600114000211;Hrana
KEKS JAFFA NARAN.CRVENKA 150 g;16719;Jaffa;0.1500;kg;1.29;8.60;;;02.05.2025;1.29;8600114000013;Hrana
BRIJAÈ GILLETTE MACH3 2UP;16730;Gillette;1.0000;kom;9.49;9.49;;9.49;02.05.2025;9.49;7702018020676;Kozmetika
PATRONE GILLETTE VENUS 4;16765;Gillette;4.0000;kom;13.19;3.30;;;02.05.2025;13.19;3014260262709;Kozmetika
PREZERVATIV YOU&ME JAGODA 3/1;16823;Primeros;3.0000;kom;2.55;0.85;;;02.05.2025;2.55;8594068382533;Toaletne potrep¹tine
Sir Bergader Edelpilz;16874;Bergader;1.0000;kg;15.99;15.99;;;02.05.2025;15.99;3858890211870;Hrana
OBLATNE TENA 200 g;16886;Tena;0.2000;kg;1.19;5.95;;;02.05.2025;1.19;3859892466022;Hrana
GRIZ P©ENIÈNI TENA 1 kg;16936;Tena;1.0000;kg;1.59;1.59;;;02.05.2025;1.59;3858887101511;Hrana
ÈET. DJ.ORAL B STAGES BABY 1/1;16969;Oral B;1.0000;kom;3.49;3.49;;;02.05.2025;3.49;3014260281366;Toaletne potrep¹tine
ÈETK.DJ.ORAL B STAGE.3 BUZ.1/1;16973;Oral B;1.0000;kom;3.49;3.49;;;02.05.2025;3.49;5010622010795;Toaletne potrep¹tine
ZUBNI KONAC ORAL B MENTA 50 m ;17000;Oral B;50.0000;m;3.16;0.06;;;02.05.2025;3.16;5010622005029;Kozmetika
STOLNI ZA KREME ZVIJEZDA 250 g;17104;Zvijezda;0.2500;kg;1.09;4.36;;;02.05.2025;1.09;3858882211611;Hrana
STOLNI ZVIJEZDA 500 g;17109;Zvijezda;0.5000;kg;1.75;3.50;;;02.05.2025;1.75;3858882210553;Hrana
STOLNI ZVIJEZDA 250 g;17113;Zvijezda;0.2500;kg;0.99;3.96;;;02.05.2025;0.99;3858882210102;Hrana
ULJE BILJNO JESTIVO ZVIJEZ.1 L;17126;Zvijezda;1.0000;L;1.79;1.79;;;02.05.2025;1.79;3858882210065;Hrana
ULJE SUNCOKRETOVO JESTIVO 3 L;17129;Zvijezda;3.0000;L;5.05;1.68;;;02.05.2025;5.07;3858882211345;Hrana
ULJE SUNCOKRETOVO JESTIVO 1 L;17131;Zvijezda;1.0000;L;1.69;1.69;;;02.05.2025;1.69;3858882210010;Hrana
ULJE MASLINOVO EXTRA DJE.0,5 L;17143;Zvijezda;0.5000;L;7.99;15.98;;;02.05.2025;7.99;3858882211574;Hrana
ULJE MASL.EXTRA DJEV.ZVIJ.1 L ;17145;Zvijezda;1.0000;L;14.99;14.99;;;02.05.2025;14.99;3858882211550;Hrana
KOLA.PRINCES U©TIP.DOLCE.250 g;17148;;0.2500;kg;3.99;15.96;;;02.05.2025;3.99;3850104075841;Hrana
KOLAÈ KREM©NITE PODRAVKA 230 g;17149;Dolcela;0.2300;kg;3.19;13.87;;;02.05.2025;3.19;3850104075810;Hrana
KOLAÈ PARFE PODRAVKA 180 g;17151;;0.1800;kg;3.39;18.83;;;02.05.2025;3.39;3850104075803;Hrana
KOLAÈ TIRAMISU PODRAVKA 100 g;17198;;0.1000;kg;2.29;22.90;;;02.05.2025;2.29;3850104066405;Hrana
NAMAZ MARGO ZVIJEZDA 15 g;17242;Zvijezda;0.0150;kg;0.29;19.33;;;02.05.2025;0.29;3858882213677;Hrana
DOD.JEL.FANT PAPR.I SARMA 60 g;17243;;0.0600;kg;1.39;23.17;;;02.05.2025;1.39;3850104075513;Hrana
DO.JE.FANT ÆEVAPI,PLJESKA.40 g;17249;;0.0400;kg;1.39;34.75;;;02.05.2025;1.39;3850104018237;Hrana
DOD.JE.FANT GRAH I VARIVA 60 g;17251;;0.0600;kg;1.39;23.17;;;02.05.2025;1.39;3850104075759;Hrana
DO.JE.FANT GULA© I PAPRIK.65 g;17255;;0.0650;kg;1.39;21.38;;;02.05.2025;1.39;3850104075537;Hrana
DOD.JE.FANT RIBLJU JUHU 60 g;17293;;0.0600;kg;1.39;23.17;;;02.05.2025;1.39;3850104019173;Hrana
DO.JE.FANT KOSANI ODREZAK 90 g;17342;;0.0900;kg;1.39;15.44;;;02.05.2025;1.39;3850104048999;Hrana
DOD.JE.FANT SLAVO.ÈOBANAC 90g;17362;;0.0900;kg;1.39;15.44;;;02.05.2025;1.39;3850104007859;Hrana
UMAK FANT LOVAÈKI PODRAV.40 g;17379;;0.0400;kg;1.19;29.75;;;02.05.2025;1.19;3850104036590;Hrana
UMAK FANT BOLOGNESE 40 g;17385;;0.0400;kg;1.19;29.75;;;02.05.2025;1.19;3850104036613;Hrana
ULO©CI CAREFREE LARGE 20/1;17388;Carefree;20.0000;kom;2.25;0.11;;;02.05.2025;2.19;3574661486741;Toaletne potrep¹tine
DODATA JELIMA FANT GLJIVE 45 g;17391;;0.0450;kg;1.19;26.44;;;02.05.2025;1.19;3850104298202;Hrana
JUHA INS.FINI MINI KOKO©.18 g;17460;;0.0180;kg;0.89;49.44;;;02.05.2025;0.89;3850104048296;Hrana
JUHA INS.FINI MINI GLJIVE 20 g;17465;Podravka;0.0200;kg;0.89;44.50;;;02.05.2025;0.89;3856020230982;Hrana
JUHA INS.FINI MINI GOVEÐA 18 g;17481;;0.0180;kg;0.89;49.44;;;02.05.2025;0.89;3850104048333;Hrana
MAJONEZA LAGANA ZVIJEZDA 95 g;17490;Zvijezda;0.0900;kg;1.09;12.11;;;02.05.2025;1.09;3858882210324;Hrana
BRA©NO KUKURUZNO TENA 1 kg;17514;Tena;1.0000;kg;1.59;1.59;;;02.05.2025;1.59;3858887101740;Hrana
KRUPICA KUKURUZNA TENA 750 g;17532;Tena;0.7500;kg;1.39;1.85;;;02.05.2025;1.39;3858887101757;Hrana
BRA©N.P©.O©TRO T-400 TENA 1 kg;17539;Tena;1.0000;kg;0.83;0.83;;;02.05.2025;0.83;3858887101474;Hrana
BRA©N.P©.O©TRO T-400 TENA 2 kg;17548;Tena;2.0000;kg;1.65;0.83;;;02.05.2025;1.65;3858887101498;Hrana
BRA©N.P©.O©TRO T-400 TENA 5 kg;17553;Tena;5.0000;kg;4.10;0.82;;;02.05.2025;4.10;3858887101535;Hrana
BRA©.P©.GLATKO T-550 TENA 1 kg;17561;Tena;1.0000;kg;.79;0.79;;;02.05.2025;.79;3858887101467;Hrana
BRA©.P©.GLATKO T-550 TENA 2 kg;17566;Tena;2.0000;kg;1.55;0.78;;;02.05.2025;1.55;3858887101481;Hrana
BRA©.P©.GLATKO T-550 TENA 5 kg;17572;Tena;5.0000;kg;3.85;0.77;;;02.05.2025;3.85;3858887101528;Hrana
BRA©.TAM.KRUH T-1600 TENA 1 kg;17579;Tena;1.0000;kg;1.32;1.32;;;02.05.2025;1.32;3858887101504;Hrana
MAJONEZA OD SVJ. JAJA 165 g;17620;Zvijezda;0.1650;kg;2.29;13.88;;;02.05.2025;2.29;3858882210263;Hrana
TUNA RIO MARE MASL.ULJE 160 g;17739;Rio Mare;0.1040;kg;3.99;38.37;;;02.05.2025;3.99;8004030044005;Hrana
TUNA RIO MARE MASL.ULJE 4X80 g;17793;Rio Mare;0.2080;kg;;23.99;4.99;5.29;02.05.2025;7.69;8004030005051;Hrana
TUNA RIO MARE NATUR. 4X80 g ;17804;Rio Mare;0.2240;kg;7.69;34.33;;;02.05.2025;7.69;8004030344570;Hrana
TUNA RIO MARE MAS.ULJE 3X80 g;17812;Rio Mare;0.1560;kg;5.89;37.76;;;02.05.2025;5.89;8004030345775;Hrana
TUNA RIO MARE MAS.ULJE 2X160 g;17818;Rio Mare;0.2080;kg;6.99;33.61;;;02.05.2025;6.99;8004030381681;Hrana
TUNA SALATA RIO MARE GRA.160 g;17826;Rio Mare;0.1600;kg;4.68;29.25;;;02.05.2025;4.68;8004030023017;Hrana
TUNA SALATA RIO MARE KUK.160 g;17836;Rio Mare;0.1600;kg;4.68;29.25;;;02.05.2025;4.68;8004030022010;Hrana
TUNA SALATA RIO MARE MEK.160 g;17841;Rio Mare;0.1600;kg;4.68;29.25;;;02.05.2025;4.68;8004030026018;Hrana
TUNA SAL.RIO MARE GRAH 2X160 g;17845;Rio Mare;0.3200;kg;8.59;26.84;;;02.05.2025;8.59;8004030352414;Hrana
TUNA SAL.RIO MARE KUKU.2X160 g;17847;Rio Mare;0.3200;kg;8.59;26.84;;;02.05.2025;8.59;8004030352513;Hrana
TUNA SAL.RIO MARE MEX..2X160 g;17850;Rio Mare;0.3200;kg;8.59;26.84;;;02.05.2025;8.59;8004030352612;Hrana
NAMAZ RIO MARE PATE TUNA 100 g;17858;Rio Mare;0.1000;kg;3.69;36.90;;;02.05.2025;3.69;8004030069008;Hrana
NAMAZ RIO MARE PATE LOS.100 g;17862;Rio Mare;0.1000;kg;3.69;36.90;;;02.05.2025;3.69;8004030070004;Hrana
TJES.BARILLA CAPELLINI 500 g;17916;;0.5000;kg;2.25;4.50;;;02.05.2025;2.25;8076800195019;Hrana
TJES.BARILLA BUCATINI 500 g;17925;Barilla;0.5000;kg;2.85;5.70;;;02.05.2025;2.85;8076800315097;Hrana
©ljiva rfs;17937;;1.0000;kg;3.99;3.99;;;02.05.2025;3.99;3858893251675;Hrana
TJE.BARILLA LINGUINE BAV.500 g;17939;Barilla;0.5000;kg;2.25;4.50;;;02.05.2025;2.25;8076800195132;Hrana
Paprika crvena rfs;17944;;1.0000;kg;2.99;2.99;;;02.05.2025;3.49;3858885877050;Hrana
Paprika zelena rfs;17948;;1.0000;kg;3.49;3.49;;;02.05.2025;3.49;3859889267755;Hrana
PA©TETA PODRAVKA KOKO©JA 50 g;17953;Podravka;0.0500;kg;0.79;15.80;;;02.05.2025;0.80;38500480;Hrana
Patlid¾an rfs;17956;;1.0000;kg;1.99;1.99;;;02.05.2025;1.99;3858893251682;Hrana
TJES.BARILLA SPAGHETTI 500 g;17957;Barilla;0.5000;kg;1.09;2.18;;;02.05.2025;1.09;8076800195057;Hrana
Kelj rfs;17969;Eigenbedarf;1.0000;kg;1.67;1.67;;;02.05.2025;1.67;3858893251699;Hrana
TJES.BARILLA SPAGHETTINI 1 kg;17978;Barilla;1.0000;kg;3.69;3.69;;;02.05.2025;3.69;8076800105032;Hrana
PA©TETA PODRAVKA PILEÆA 50 g;17979;Podravka;0.0500;kg;0.79;15.80;;;02.05.2025;0.80;38500503;Hrana
TJES.BARILLA SPAGHETTI 1 kg;17986;Barilla;1.0000;kg;3.69;3.69;;;02.05.2025;3.69;8076800105056;Hrana
MED PODRAV.CVJETNI VRCANI 20 g;18004;Podravka;0.0200;kg;0.39;19.50;;;02.05.2025;0.39;38500213;Hrana
PA©TETA PODRAVKA ÈAJNA 50 g;18015;Podravka;0.0500;kg;0.79;15.80;;;02.05.2025;0.80;38500701;Hrana
SLADOLED SNJEGULJICA 65 ml;18021;Ledo;0.0650;L;0.99;15.23;;;02.05.2025;0.99;3850116500171;Hrana
SLADOLED SILK MILK LEDO 65 ml;18022;Ledo;0.0650;L;1.29;19.85;;;02.05.2025;1.29;3850116064055;Hrana
SLADOLED MACHO ÈOKOLADA 75 ml;18023;Ledo;0.0750;L;1.99;26.53;;;02.05.2025;1.99;3850116612621;Hrana
SLADOLED MACHO VANILIJA 75 ml;18024;Ledo;0.0750;L;1.99;26.53;;;02.05.2025;1.99;3850116641942;Hrana
©EÆER AGRAGOLD 1 kg;18054;Agragold;1.0000;kg;1.09;1.09;;;02.05.2025;1.09;9007829025017;Hrana
BRA©NO P©.O©TRO T-400 POD.1 kg;18055;Podravka;1.0000;kg;0.83;0.83;;;02.05.2025;0.83;3850104223631;Hrana
BRA©NO P©.O©TRO T-400 POD.2 kg;18056;Podravka;2.0000;kg;1.56;0.78;;;02.05.2025;1.56;3850104223648;Hrana
BRA©.P©.GLATKO T-550 POD 1 kg;18058;Podravka;1.0000;kg;0.79;0.79;;;02.05.2025;0.79;3850104223624;Hrana
BRA©.P©.GLATKO T-550 POD 2 kg;18059;Podravka;2.0000;kg;1.49;0.75;;;02.05.2025;1.49;3850104223617;Hrana
SLADOLE.KORNET VANILIJA 120 ml;18062;Ledo;0.1200;L;1.79;14.92;;;02.05.2025;1.79;3850116037820;Hrana
SLA.KORNET STRAC-©UMS.V.120 ml;18063;Ledo;0.1200;L;1.79;14.92;;;02.05.2025;1.79;3850116037851;Hrana
SLADOLED KORNET ÈOKOLADA 120ml;18065;Ledo;0.1200;L;1.79;14.92;;;02.05.2025;1.79;3850116037790;Hrana
SLAD.TWICE JAG-VAN-ÈOKOL.1,7 L;18087;Ledo;1.7000;L;4.49;2.64;;;02.05.2025;4.49;3850116768441;Hrana
TIJESTO LISNATO LEDO 500 g;18089;Ledo;0.5000;kg;2.49;4.98;;;02.05.2025;2.49;3850116558981;Hrana
VALJU©CI LEDO 500 g;18096;Ledo;0.5000;kg;2.99;5.98;;;02.05.2025;2.99;3850116535890;Hrana
©TRUKLI SA SIROM LEDO 600 g;18097;Ledo;0.6000;kg;4.39;7.32;;;02.05.2025;4.39;3850116765198;Hrana
KROKETI LEDO  1 kg;18103;Ledo;1.0000;kg;4.49;4.49;;;02.05.2025;4.49;3850116684710;Hrana
POMMES FRITES LEDO 1 kg;18104;Ledo;1.0000;kg;4.29;4.29;;;02.05.2025;4.29;3850116677477;Hrana
RAJÈICA PODRA.KONCENTRAT 120 g;18114;Podravka;0.1200;kg;1.89;15.75;;;02.05.2025;1.89;3850104053214;Hrana
RAJÈICA PODRA.KONCENTRAT 190 g;18116;;0.1900;kg;2.19;11.53;;;02.05.2025;2.19;3850104053221;Hrana
ALUFOLIJA 30m MELITTA;18125;;1.0000;kom;7.29;7.29;;;02.05.2025;7.29;8594059389725;Proizvodi za kuæanstvo
PAPIR ZA PEÈENJE 8m MELITTA;18131;;1.0000;kom;2.59;2.59;;;02.05.2025;2.59;8594059389527;Proizvodi za kuæanstvo
FOLIJA ZA ODR®AVA.SVJE®INE 30m;18134;;1.0000;kom;2.59;2.59;;;02.05.2025;2.59;8594059380418;Proizvodi za kuæanstvo
TJES.BARILLA PIPE RIGATE 500 g;18142;;0.5000;kg;2.09;4.18;;;02.05.2025;2.09;8076802085912;Hrana
VREÆICE ZA LED 10/1 200KUGLICA;18145;;10.0000;kom;1.79;0.18;;;02.05.2025;1.79;4008871213174;Proizvodi za kuæanstvo
PAPIR ZA PEÈENJE 8m TOPPITS;18154;;1.0000;kom;3.34;3.34;;;02.05.2025;3.34;4006508162505;Proizvodi za kuæanstvo
ALUFOLIJA SUPER 10m/30cm ;18157;;1.0000;kom;5.49;5.49;;;02.05.2025;5.49;4008871200945;Proizvodi za kuæanstvo
TJES.BARILLA FARFALLE 500 g;18161;;0.5000;kg;2.79;5.58;;;02.05.2025;2.79;8076809580144;Hrana
TJE.BARILLA PENNE RIGATE 500 g;18166;Barilla;0.5000;kg;1.95;3.90;;;02.05.2025;1.95;8076802085738;Hrana
TJEST.BARILLA FUSILLI 500 g;18176;Barilla;0.5000;kg;1.95;3.90;;;02.05.2025;1.95;8076802085981;Hrana
TJES.BARILLA PENNE RIGATE 1 kg;18185;Barilla;1.0000;kg;3.69;3.69;;;02.05.2025;3.69;8076800105735;Hrana
KVASAC DI-GO SUHI PEKARSKI 7 g;18187;Podravka;0.0070;kg;0.75;107.14;;;02.05.2025;0.75;3859889940085;Hrana
KVASAC DI-GO SUHI PEKARS.5X7 g;18192;Podravka;0.0350;kg;2.95;84.29;;;02.05.2025;2.95;3859889940153;Hrana
TJESTEN.BARILLA FUSILLI 1 kg;18193;Barilla;1.0000;kg;3.69;3.69;;;02.05.2025;3.69;8076800105988;Hrana
VREÆE ZA SMEÆE 40L 12/1;18197;;12.0000;kom;4.79;0.40;;;02.05.2025;4.79;4006508170043;Proizvodi za kuæanstvo
©LAG KREMA VANIL.PODRAVKA 45 g;18210;;0.0450;kg;1.49;33.11;;;02.05.2025;1.49;3850104216930;Hrana
VREÆE ZA SMEÆE 70L 8/1 ;18214;;8.0000;kom;3.29;0.41;;;02.05.2025;3.29;4006508162093;Proizvodi za kuæanstvo
©LAG KR.VANIL.PODRAV.45 g(2+1);18216;Podravka;0.0900;kg;2.99;33.22;;;02.05.2025;2.99;3850104219337;Hrana
©LAG KREMA ÈOKOL.PODRAVKA 60 g;18220;Podravka;0.0600;kg;1.49;24.83;;;02.05.2025;1.49;3850104216916;Hrana
TJE.BARILLA MEZ.PENN.TRI.500 g;18223;;0.5000;kg;3.49;6.98;;;02.05.2025;3.49;8076809501415;Hrana
TJES.BARILLA TAGLIATELLE 500 g;18232;;0.5000;kg;3.49;6.98;;;02.05.2025;3.49;8076809523714;Hrana
©LAG KR.ÈOKOL.PODR.60 g (2+1);18240;Podravka;0.1200;kg;2.99;24.92;;;02.05.2025;2.99;3850104219320;Hrana
LASAGNE BARILLA S JAJIMA 500 g;18244;Barilla;0.5000;kg;4.35;8.70;;;02.05.2025;4.35;8076800376999;Hrana
©LAG PJENA PODRAVKA MLIJ.36 g;18245;Podravka;0.0360;kg;1.10;30.56;;;02.05.2025;1.10;3850104216763;Hrana
©LAG PJENA PODRAV.M.36 g (3+1);18251;;0.1080;kg;3.29;30.46;;;02.05.2025;3.29;3850104218613;Hrana
TJES.BARILLA TAGL.©PINAT 500 g;18263;;0.5000;kg;3.49;6.98;;;02.05.2025;3.49;8076809523721;Hrana
©LAG PJENA PODRAVKA VODA 42 g;18274;;0.0420;kg;1.10;26.19;;;02.05.2025;1.10;3850104216947;Hrana
©LAG PJENA PODRAV.V.42 g (3+1);18279;;0.1260;kg;3.29;26.11;;;02.05.2025;3.29;3850104218590;Hrana
TJE.BARILLA PAP.EMILIANE 250 g;18282;;0.2500;kg;3.39;13.56;;;02.05.2025;3.39;8076809514774;Hrana
©LAG PJENA HIT PODRAVKA 42 g;18283;;0.0420;kg;1.10;26.19;;;02.05.2025;1.10;3850104216909;Hrana
©LAG PJENA HIT PODRA.42 g(3+1);18284;;0.1260;kg;3.29;26.11;;;02.05.2025;3.29;3850104218606;Hrana
LOS.POS.SUNÈ.NIVEA SUN 200ml;18302;Nivea;0.2000;L;10.99;54.95;;;02.05.2025;10.99;4005808479665;Kozmetika
UMAK BARILLA S BOSILJKOM 400 g;18309;Barilla;0.4000;kg;3.29;8.23;;;02.05.2025;3.29;8076809513722;Hrana
UMAK BARILLA S MASLINAMA 400 g;18315;;0.4000;kg;3.79;9.48;;;02.05.2025;3.79;8076809513715;Hrana
UMAK BARILLA TUNA 400 g;18328;Barilla;0.4000;kg;4.69;11.73;;;02.05.2025;4.69;8076809513418;Hrana
PUDING MALINA PODRAVKA 40 g;18334;;0.0400;kg;0.79;19.75;;;02.05.2025;0.79;3850104216749;Hrana
PUDING JAGODA PODRAVKA 40 g;18338;;0.0400;kg;0.79;19.75;;;02.05.2025;0.79;3850104216725;Hrana
UMAK BARILLA BOLOGNESE 400 g;18339;;0.4000;kg;4.59;11.48;;;02.05.2025;4.59;8076809513678;Hrana
UMAK BARILL.BOLOGN.PRIPR.400 g;18348;;0.4000;kg;3.29;8.23;;;02.05.2025;3.29;8076809513654;Hrana
PESTO BARILLA GENOVESE 190 g;18359;;0.1900;kg;4.59;24.16;;;02.05.2025;4.59;8076809513746;Hrana
UMAK BARILLA NAPOLETANA 400 g;18369;;0.4000;kg;3.29;8.23;;;02.05.2025;3.29;8076809513692;Hrana
UMAK BARILLA RAJÈICA 400 g;18379;;0.4000;kg;4.69;11.73;;;02.05.2025;4.69;8076809521543;Hrana
PUDING JAGODA PODRAVKA 3X40 g;18382;;0.1200;kg;1.99;16.58;;;02.05.2025;1.99;3850104219344;Hrana
TJE.BARILLA MINI PENNE R.500 g;18410;Barilla;0.5000;kg;2.65;5.30;;;02.05.2025;2.65;8076809521581;Hrana
TJE.BARILLA MINI PIPE R. 500 g;18414;;0.5000;kg;2.45;4.90;;;02.05.2025;2.45;8076809523523;Hrana
PRA©AK ZA PECIVO PODRAVKA 12 g;18425;Podravka;0.0120;kg;0.20;16.67;;;02.05.2025;0.20;3850104216770;Hrana
©LAGFIX PODRAVKA 8 g;18441;;0.0080;kg;0.39;48.75;;;02.05.2025;0.39;3850104219481;Hrana
KEKS DIGESTIVE McVITIE´S 250 g;18642;Digestive;0.2500;kg;2.49;9.96;;;02.05.2025;2.49;5000396033373;Hrana
KEKS DIGESTIVE ÈOKOLADA 200 g;18647;McVities;0.2000;kg;2.49;12.45;;;02.05.2025;2.49;5000396033359;Hrana
©KROB GUSSNEL PODRAVKA 200 g;18685;Podravka;0.2000;kg;1.69;8.45;;;02.05.2025;1.69;3850104219467;Hrana
PRELJEV ZA TORTE DOLCELA 13 g;18690;Podravka;0.0130;kg;0.99;76.15;;;02.05.2025;0.99;3850104219474;Hrana
SODA BIKARBONA PODRAVKA 40 g;18695;;0.0400;kg;0.69;17.25;;;02.05.2025;0.69;3850104074035;Hrana
KRUPICA P©ENIÈNA PODRAV.200 g;18713;;0.2000;kg;0.99;4.95;;;02.05.2025;0.99;3850104075339;Hrana
DEO SPR.FA PINK PASSION 150 ml;18717;Fa;0.1500;L;3.20;21.33;;;02.05.2025;3.20;3838824116204;Kozmetika
SENF ESTRAGON PODRAVKA 140 g;18719;;0.1400;kg;1.79;12.79;;;02.05.2025;1.79;3850104023033;Hrana
VOSAK TAFT CREATIVE LOOK 75 ml;18742;Taft;0.0750;L;4.39;58.53;;4.39;02.05.2025;4.39;40152257;Kozmetika
SENF ESTRAGON PODRAVKA 200 g;18745;;0.2000;kg;2.19;10.95;;;02.05.2025;2.19;3850104092176;Hrana
PJENA TAFT REF.SHIN.200 ml;18755;Taft;0.2000;L;3.99;19.95;;3.99;02.05.2025;3.89;3838824083667;Kozmetika
PJENA VOLUMEN TAFT 200 ml;18778;Taft;0.2000;L;3.99;19.95;;3.99;02.05.2025;3.89;3838824083704;Kozmetika
SENF ESTRAGON PODRAVKA 350 g;18784;;0.3500;kg;2.49;7.11;;;02.05.2025;2.49;3850104023484;Hrana
SENF ESTRAGON PODRAVKA 700 g;18786;;0.7000;kg;3.99;5.70;;;02.05.2025;3.99;3850104023415;Hrana
SENF ESTRAGON PODRAVKA 100g;18794;;0.1000;kg;1.59;15.90;;;02.05.2025;1.59;3850104023019;Hrana
HREN PODRAVKA STAKLO 200 g;18805;;0.2000;kg;1.99;9.95;;;02.05.2025;1.99;3850104209444;Hrana
LAK ZA KOSU TAFT POWER 250 ml;18807;Taft;0.2500;L;3.55;14.20;;;02.05.2025;2.99;4015000510790;Kozmetika
HREN PODRAVKA STAKLO 345 g;18810;Podravka;0.3450;kg;2.69;7.80;;;02.05.2025;2.69;3850104209451;Hrana
HREN PODRAVKA STAKLO 660 g;18814;;0.6600;kg;4.49;6.80;;;02.05.2025;4.49;3850104209468;Hrana
®ELIN PODRAVKA 25 g;18820;;0.0250;kg;1.09;43.60;;;02.05.2025;1.09;3850104007958;Hrana
LAK ZA KOSU TAFT VOLUME.250 ml;18821;Taft;0.2500;L;3.55;14.20;;;02.05.2025;2.99;3838824058245;Kozmetika
GEL ZA KOSU TAFT STAND 150 ml;18837;Taft;0.1500;L;4.39;29.27;;4.39;02.05.2025;4.39;9000101723366;Kozmetika
GEL ZA KOSU TAFT WET 150 ml;18838;Taft;0.1500;L;4.39;29.27;;4.39;02.05.2025;4.39;9000101723182;Kozmetika
GEL ZA KOSU TAFT POWER 150 ml;18840;Taft;0.1500;L;4.39;29.27;;4.39;02.05.2025;4.39;9000101723229;Kozmetika
KREMA BAD ZA UÈVR©È.ZUBI 47 g;18849;Blend a dent;1.0000;kom;4.49;4.49;;;02.05.2025;4.49;8001841900483;Kozmetika
BRA©NO P©.T-850 PODRAVKA 1 kg;18851;Podravka;1.0000;kg;1.39;1.39;;;02.05.2025;1.39;3850104063084;Hrana
BRA©.P©E.T-1100 PODRAVKA 1 kg;18859;Podravka;1.0000;kg;1.29;1.29;;;02.05.2025;1.29;3850104063183;Hrana
BRA©NO KUKURUZN.PODRAVKA 1 kg;18864;Podravka;1.0000;kg;1.49;1.49;;;02.05.2025;1.49;3850104052552;Hrana
SOL FINISH 1,5 kg;18865;Finish;1.5000;kg;2.75;1.83;;;02.05.2025;2.75;8594002682736;Sredstva za èi¹æenje
SRE.CILLIT BAN.DEGREASE.750 ml;18901;Cilit;0.7500;L;4.99;6.65;;;02.05.2025;4.99;5900627024210;Sredstva za èi¹æenje
SRED.CILLIT BANG LIME 750 ml;18907;Cillit;0.7500;L;4.99;6.65;;;02.05.2025;4.99;5997321740690;Sredstva za èi¹æenje
SRED.CILLIT LIME&RUST 450 ml;18939;Cilit;0.4500;L;4.69;10.42;;;02.05.2025;4.69;5999109510938;Sredstva za èi¹æenje
RAJÈICA PASIRANA PODRAV.200 g;18945;Podravka;0.2000;kg;0.79;3.95;;;02.05.2025;0.79;3850104213120;Hrana
SREDSTVO VANISH 3U1 500 ml;18950;Vanish;0.5000;l;8.39;16.78;;;02.05.2025;8.39;8594002688615;Sredstva za èi¹æenje
RAJÈICA PASIRANA PODRAV.500 ml;18953;Podravka;0.5000;l;1.09;2.18;;;02.05.2025;1.09;3850104073656;Hrana
RAJÈICA PASIRANA PODRAVK.680 g;18956;Podravka;0.6800;kg;2.59;3.81;;;02.05.2025;2.59;3850104242915;Hrana
RAJÈICA PELAT PODRAVKA 400 g;18960;;0.2400;kg;1.79;7.46;;;02.05.2025;1.79;3850104073724;Hrana
RAJÈICA PELAT PODRAVKA 800 g;18962;Podravka;0.4800;kg;3.29;6.85;;;02.05.2025;3.23;3850104073212;Hrana
MASLAC MEGGLE 10 g;18979;Meggle;0.0100;kg;0.29;29.00;;;02.05.2025;0.29;3858886271109;Hrana
MASLAC SA ZAÈIN.BILJEM 125 g;18988;Meggle;0.1250;kg;3.49;27.92;;;02.05.2025;3.49;40349251;Hrana
VRHNJE KISELO MEGG.12%MM 180 g;18992;Meggle;0.1800;kg;0.89;4.94;;;02.05.2025;0.89;3870085020753;Hrana
KREMA ZA DEPILAC.VEET 100 ml;19000;Veet;0.1000;L;4.99;49.90;;;02.05.2025;4.99;5997321773445;Kozmetika
REFILL EL.AIRWICK IVORY 19 ml;19003;Airwick;1.0000;kom;4.89;4.89;;;02.05.2025;4.89;5999109542380;Sredstva za èi¹æenje
REFILL EL.AIRWICK ANTI 19 ml;19004;Airwick;1.0000;kom;4.89;4.89;;;02.05.2025;4.89;5999109542427;Sredstva za èi¹æenje
REF.EL.AIRWICK PURPLE 19 ml;19005;Airwick;1.0000;kom;5.59;5.59;;;02.05.2025;5.59;5999109542410;Sredstva za èi¹æenje
KREMA ZA DEPILAC.VEET 100 ml;19019;Veet;0.1000;L;4.49;44.90;;;02.05.2025;4.49;5997321773438;Kozmetika
VAFEL LOACKER CHOCO.NOIR 118 g;19030;Loacker;0.1180;kg;2.19;18.56;;;02.05.2025;2.19;8000380214914;Hrana
PA©TETA GAVRILOVIÆ ÈAJNA 50 g;19035;Gavrilovic;0.0500;kg;1.09;21.80;;;02.05.2025;1.09;3858881220096;Hrana
PA©TETA GAVRILOVIÆ ÈAJNA 100 g;19038;Gavrilovic;0.1000;kg;1.52;15.20;;;02.05.2025;1.52;3858881221529;Hrana
PA©TETA GAVRILOVIÆ JETR.30 g;19040;Gavrilovic;0.0300;kg;0.89;29.67;;;02.05.2025;0.89;3858881220126;Hrana
PA©TETA GAVRILOVIÆ JETR.50 g;19043;Gavrilovic;0.0500;kg;1.09;21.80;;;02.05.2025;1.09;3858881220072;Hrana
PA©TETA GAVRILOVIÆ JETR.100 g;19046;Gavrilovic;0.1000;kg;1.52;15.20;;;02.05.2025;1.52;3858881221543;Hrana
VAFEL LOACKER NAPOLITANE.175 g;19058;Loacker;0.1750;kg;2.19;12.51;;;02.05.2025;2.19;8000380007219;Hrana
SREDSTVO FINISH ÈISTILO 250 ml;19059;Finish;0.2500;L;6.29;25.16;;;02.05.2025;6.29;8594002680138;Sredstva za èi¹æenje
MESNI DORUÈAK GAVRILOVIÆ 150 g;19075;Gavrilovic;0.1500;kg;2.15;14.33;;;02.05.2025;2.15;3858881220010;Hrana
SIR KREM ABC CLASSIC 100 g ;19125;Zvijezda;0.1000;kg;1.25;12.50;;;02.05.2025;1.25;3859888858008;Hrana
NAMAZ MLIJ.VAJKREM 40%MM 150 g;19128;Belje;0.1500;kg;2.05;13.67;;;02.05.2025;2.05;3859888858220;Hrana
RAKIJA WILLIAMS RESERV 0,7 L;19301;;0.7000;l;30.29;43.27;;;02.05.2025;30.29;8002345007340;Piæa
WHISKEY WILLIAM GRANTS 0,70 L ;19303;;0.7000;L;15.59;22.27;;;02.05.2025;15.59;5010327000404;Piæa
JOGURT TEK.2,8% MEGGLE 180 g ;19453;Meggle;0.1800;kg;0.44;2.44;;;02.05.2025;0.44;3870085030028;Hrana
RIBICE BOBI KREKER 50 g;19643;Bobi;0.0500;kg;0.65;13.00;;;02.05.2025;0.65;3858891590226;Hrana
Teleæi vrat s kosti;19657;;1.0000;kg;9.99;9.99;;;02.05.2025;9.99;3859892958541;Hrana
Teleæa lopatica s kosti ;19658;;1.0000;kg;9.99;9.99;;;02.05.2025;9.99;3859892958558;Hrana
Teleæa podlaktica s kosti;19660;;1.0000;kg;8.99;8.99;;;02.05.2025;8.99;3859892958565;Hrana
MLIJEKO UHT 2,5% MEGGLE 1 L;19725;Meggle;1.0000;L;1.19;1.19;;;02.05.2025;1.21;3870085010051;Hrana
KREKERI SCOTTI RI®INI 150 g;19750;Scotti;0.1500;kg;2.59;17.27;;;02.05.2025;2.52;8001860355028;Hrana
ÈOKOLADA VRUÆA CIOBAR 25 g;19776;Dr. Oetker;0.0250;kg;0.79;31.60;;;02.05.2025;0.79;5997381329392;Piæa
VINO AD®IÆ CRNI PINOT 0,75 L;19807;;0.7500;l;20.02;26.69;;;02.05.2025;20.02;3859890469087;Piæa
VINO TOMIÆ PLAVAC 0,75 L;19829;;0.7500;L;14.28;19.04;;;02.05.2025;14.28;3859889164252;Piæa
ANANAS kom;19832;;1.0000;kom;2.49;2.49;;;02.05.2025;2.49;7441029614473;Hrana
VINO TOMIÆ PLAV.MAL. BQ 0,75 L;19833;;0.7500;L;34.32;45.76;;;02.05.2025;34.32;3859889164221;Piæa
VINO MARIJ.ARM.MALVA.0,75 L;19855;;0.7500;L;14.89;19.85;;;02.05.2025;14.89;3859893024016;Piæa
VINO DEGRASS.CHARDON.0,75 L ;19886;;0.7500;l;20.02;26.69;;;02.05.2025;20.02;3859891805037;Piæa
VINO DEGRAS.MALVAZIJA 0,75 L ;19887;;0.7500;l;16.52;22.03;;;02.05.2025;16.52;3859891805013;Piæa
VINO ENJINGI GRA©EVINA 0,75L;19891;;0.7500;l;9.92;13.23;;;02.05.2025;9.92;3859892375010;Piæa
VINO ENJIN.GRA©EVINA KB0,75 L;19895;;0.7500;l;13.92;18.56;;;02.05.2025;13.92;3859892375041;Piæa
Jabuka Gala rfs;19901;S-BUDGET;1.0000;kg;1.39;1.39;;;02.05.2025;1.39;3858885878262;Hrana
VINO KRAUTHAK.GRA©EV.0,75L L;19961;;0.7500;l;12.49;16.65;;;02.05.2025;12.49;3859892481001;Piæa
VINO MATO©EVIÆ ALBA 0,75 L;19966;;0.7500;l;15.49;20.65;;;02.05.2025;15.39;3859892196011;Piæa
VINO MILIÈIÆ DINGAÈ 0,75 L;19997;;0.7500;l;20.78;27.71;;;02.05.2025;20.78;3859888400016;Piæa
VINO ZLATAN PLAVAC 0,75 L;20000;;0.7500;l;14.22;18.96;;;02.05.2025;14.22;3859888437029;Piæa
VINO ZLATAN OTOK 0,75 L;20005;;0.7500;l;6.12;8.16;;;02.05.2025;6.12;3859888437012;Piæa
VINO ZLATAN ROSE 0,75 L;20007;;0.7500;l;6.99;9.32;;;02.05.2025;6.99;3859888437036;Piæa
VINO ZL.PLAVAC BARRIQUE 0,75 L;20010;;0.7500;L;19.52;26.03;;;02.05.2025;19.52;3859888437074;Piæa
VINO PZ VRBNIK ZL.®LAHT.0,75 L;20025;;0.7500;l;10.49;13.99;;;02.05.2025;10.49;3859889467018;Piæa
TP PALOMA EX.BIJELA 3SL.10/1;20034;Paloma;10.0000;kom;2.99;0.30;;;02.05.2025;2.99;3838952016643;Toaletne potrep¹tine
PIVO LEFFE BROWN 0,33 L BOCA;20041;Leffe;0.3300;l;2.15;6.52;;;02.05.2025;2.15;5410228166672;Piæa
PIVO LEFFE BLOND 0,33 L BOCA;20045;Leffe;0.3300;l;2.15;6.52;;;02.05.2025;2.15;5410228166665;Piæa
PIVO HOEGAARDEN 0,33 L;20049;;0.3300;l;2.32;7.03;;;02.05.2025;2.32;5410228141785;Piæa
TP PALOMA EXTRA MIRIS 3SL.10/1;20056;Paloma;10.0000;kom;2.99;0.30;;;02.05.2025;2.99;3838952016315;Toaletne potrep¹tine
TP PALOMA ®UTI 3SL.10/1;20061;Paloma;10.0000;kom;2.99;0.30;;;02.05.2025;2.99;3838952015226;Toaletne potrep¹tine
PIVO O®UJ.SVIJ.0,5 L BOCA P.A.;20062;O¾ujsko;0.5000;l;1.19;2.38;;;02.05.2025;1.19;38501692;Piæa
PAP.RUÈNICI  PALOMA TISAK 2/1;20072;Paloma;2.0000;kom;1.65;0.83;;;02.05.2025;1.65;3838952013468;Proizvodi za kuæanstvo
PIVO TOMISLAV  0,5 L BOCA P.A.;20076;Tomislav;0.5000;l;1.09;2.18;;;02.05.2025;1.09;38501715;Piæa
PIVO STELLA ARTOIS 0,5 LIM;20094;Stella Artois;0.5000;l;1.72;3.44;;;02.05.2025;1.62;3850131486009;Piæa
PIVO O®. COOL 0,5 L BOCA P.A.;20109;O¾ujsko;0.5000;l;1.25;2.50;;;02.05.2025;1.25;38502293;Piæa
VINO CAPE SPR.CHENIN 0,75L ;20183;;0.7500;l;4.02;5.36;;;02.05.2025;4.02;6009712610914;Piæa
PAPAYA kom;20189;;1.0000;kom;2.99;2.99;;;02.05.2025;2.99;7898246300175;Hrana
MANGO kom;20194;;1.0000;kom;1.19;1.19;;;02.05.2025;1.19;3858885877531;Hrana
AVOKADO kom;20199;;1.0000;kom;1.29;1.29;;;02.05.2025;0.99;3858885878446;Hrana
VINO CAPE SPRING PINOTAG.0,75L;20200;;0.7500;l;4.02;5.36;;;02.05.2025;4.02;3263286347130;Piæa
VINO JP CHENET CA.SYRAH 0,75 L;20230;;0.7500;L;5.49;7.32;;;02.05.2025;5.49;3263286301323;Piæa
VINO JP CHEN.SPAR.BRUT 0,75 L;20241;Chenet;0.7500;L;6.92;9.23;;;02.05.2025;6.92;3500610034589;Piæa
KA©A HAJDINSKA ÈAK.MLINO.500 g;20347;Cakovecki Mlinovi;0.5000;kg;2.49;4.98;;;02.05.2025;2.49;3858884170718;Hrana
KA©A JEÈMENA ÈAK.MLINOVI 500 g;20349;Cakovecki Mlinovi;0.5000;kg;1.19;2.38;;;02.05.2025;1.19;3858884170671;Hrana
BRA©.P©.GLATKO T-550 È.M.1 kg;20363;Cakovecki Mlinovi;1.0000;kg;0.79;0.79;;;02.05.2025;0.79;3858884172569;Hrana
BRA©.P©.GLATKO T-550 È.M.5 kg;20366;Cakovecki Mlinovi;5.0000;kg;3.59;0.72;;;02.05.2025;3.59;3858884172521;Hrana
BRA©NO P©.O©TRO T-400 È.M.1 kg;20372;Cakovecki Mlinovi;1.0000;kg;0.83;0.83;;;02.05.2025;0.83;3858884172637;Hrana
BRA©NO È.M.T-400 ZA TORTE 5 kg;20377;Eigenbedarf;5.0000;kg;4.15;0.83;;;02.05.2025;4.15;3858884172538;Hrana
BRA©NO P©ENIÈNO T-850 È.M.1 kg;20381;Cakovecki Mlinovi;1.0000;kg;1.25;1.25;;;02.05.2025;1.25;3858884170084;Hrana
BRA©NO GRAHAM ÈAK.MLINOVI 1 kg;20384;Cakovecki Mlinovi;1.0000;kg;1.59;1.59;;;02.05.2025;1.59;3858884170107;Hrana
KRUP.P©ENIÈNA T-400 È.M.1 kg;20387;Cakovecki Mlinovi;1.0000;kg;1.49;1.49;;;02.05.2025;1.49;3858884170015;Hrana
BRA©N.P©.DIZ.TJ.T-400 È.M.1 kg;20390;Cakovecki Mlinovi;1.0000;kg;1.49;1.49;;;02.05.2025;1.49;3858884172583;Hrana
BRA©NO P©.TAN.TJ.T-700 È.M.1kg;20393;Cakovecki Mlinovi;1.0000;kg;1.49;1.49;;;02.05.2025;1.49;3858884172576;Hrana
VINO RIZLING TALIJANS.ÐAKO.1 L;20401;;1.0000;l;5.49;5.49;;;02.05.2025;5.49;3859888932227;Piæa
MJE©ANI SUHI KOLAÈI 1000g;20402;;1.0000;kg;22.99;22.99;;;02.05.2025;22.99;3859890208099;Hrana
Kol.voæ.mix 6/1 720 g;20406;;0.7200;kg;7.99;11.10;;;02.05.2025;7.99;3859890208266;Hrana
ORAHNJAÈA 550 g;20419;;0.5500;kg;6.39;11.62;;;02.05.2025;6.39;3859890208037;Hrana
Pita od jabuka 700g;20424;;0.7000;kg;6.19;8.84;;;02.05.2025;6.19;3859890208136;Hrana
KOBASICA PILEÆA EXTRA 350 g;20435;Gavrilovic;0.3500;kg;2.39;6.83;;;02.05.2025;2.39;3858881223165;Hrana
VINO GRA©EVINA ÐAKOVO 1 L;20446;;1.0000;L;5.49;5.49;;;02.05.2025;5.49;3859888932234;Piæa
VINO CHARDONNAY ÐAKO. 0,75 L;20475;;0.7500;L;6.69;8.92;;;02.05.2025;6.69;3859888932456;Piæa
©unkarica Gavriloviæ;20476;Gavrilovic;1.0000;kg;9.99;9.99;;9.29;02.05.2025;10.79;3858890206708;Hrana
VINO GRA©E.ÐAKO.0,75 L  VRH ;20477;;0.7500;L;6.59;8.79;;;02.05.2025;6.59;3859888932289;Piæa
VINO DIKA FRANKOVKA 0,75 L;20489;;0.7500;l;6.32;8.43;;;02.05.2025;6.32;3859888852037;Piæa
VINO DIKA GRA©EVINA 0,75 L;20493;;0.7500;l;6.32;8.43;;;02.05.2025;6.32;3859888852020;Piæa
VINO GRA©EVINA FERAVINO 1 L;20500;;1.0000;l;5.02;5.02;;;02.05.2025;5.02;3859888852044;Piæa
VINO FRANKOVKA FERAVINO 1L;20502;;1.0000;l;5.02;5.02;;;02.05.2025;5.02;3859888852051;Piæa
VINO POKLON PAKET FER.2X 0,75L;20515;;1.5000;l;11.25;7.50;;;02.05.2025;11.25;3859888852525;Piæa
Svinjski but bez kosti HR;20532;SPAR Qualitätsmarke;1.0000;kg;;3.99;3.99;4.49;02.05.2025;4.49;3859892958572;Hrana
Svinjski vrat s kosti HR;20536;;1.0000;kg;5.29;5.29;;4.99;02.05.2025;5.99;3859892958589;Hrana
Svinjska koljenica s kosti HR;20553;;1.0000;kg;4.29;4.29;;;02.05.2025;4.29;3859892958596;Hrana
Svinjski file HR;20557;;1.0000;kg;10.69;10.69;;;02.05.2025;10.69;3859892958602;Hrana
RIBLJI ©TAPIÆI PANI.LEDO 300 g;20580;Ledo;0.3000;kg;2.99;9.97;;;02.05.2025;2.99;3850116066486;Hrana
GAMBERI LEDO 250 g ;20590;Ledo;0.2500;kg;5.99;23.96;;;02.05.2025;5.99;3850116746050;Hrana
LOSOS FILET S KO®OM LEDO 400 g;20595;Ledo;0.4000;kg;9.99;24.98;;;02.05.2025;9.99;3850116765716;Hrana
CEDEVITA NARANÈA 200 g;20603;Cedevita;0.2000;kg;2.09;10.45;;;02.05.2025;2.09;3850322003527;Piæa
PLODOVI MORA  LEDO 300 g;20606;Ledo;0.3000;kg;4.89;16.30;;;02.05.2025;4.89;3850116745985;Hrana
©EÆER SMEÐI DEMERARA 500 g;20613;Billington´S;0.5000;kg;2.89;5.78;;;02.05.2025;2.89;5010651001115;Hrana
©EÆ.SMEÐI GOLDEN GRANULA.1 kg;20615;Billington´S;1.0000;kg;4.99;4.99;;;02.05.2025;4.99;5010651001559;Hrana
UMAK TABASCO MC ILHENNY 60 ml ;20621;;0.0600;l;4.64;77.33;;;02.05.2025;4.64;0011210000018;Hrana
UMAK TABASCO MC ILHENNY 60 ml ;20622;;0.0600;l;4.64;77.33;;;02.05.2025;4.64;0011210009530;Hrana
SIRUP OD JAVORA MAPLE J.250 g;20623;;0.2500;kg;7.99;31.96;;;02.05.2025;9.99;3088542500285;Hrana
PIVO BAVARIA PRE.LIM.0,5 L ;20624;Bavaria;0.5000;L;1.53;3.06;;;02.05.2025;1.53;8600105004013;Piæa
Svinjske nogice HR;20666;;1.0000;kg;1.79;1.79;;;02.05.2025;1.79;3858891521114;Hrana
VINO BABIÆ KV. VINOPL. 0,75 L ;20668;;0.7500;l;8.99;11.99;;;02.05.2025;8.99;3859888129122;Piæa
Svinjska jetra HR;20677;;1.0000;kg;2.89;2.89;;;02.05.2025;2.89;3859891139767;Hrana
Svinjsko srce HR;20680;;1.0000;kg;2.99;2.99;;;02.05.2025;2.99;3859892223212;Hrana
Svinjski jezik HR;20682;;1.0000;kg;3.98;3.98;;;02.05.2025;3.98;3859893251221;Hrana
Svinjski rep HR;20685;;1.0000;kg;3.31;3.31;;;02.05.2025;3.31;3858891521091;Hrana
VINO DEBIT 0,75 VINOPLOD;20693;;0.7500;l;7.99;10.65;;;02.05.2025;7.99;3859888129160;Piæa
SPU®VA POLLY-FLEX PLUS 2/1;20694;;2.0000;kom;2.29;1.15;;;02.05.2025;2.29;3859888122031;Proizvodi za kuæanstvo
SPU®VA S ABRAZIVOM MAXI 5/1;20702;;5.0000;kom;1.99;0.40;;;02.05.2025;1.99;3858882680035;Proizvodi za kuæanstvo
KRPA SPU®VASTA POLLY-FLEX 1/1;20708;;1.0000;kom;0.99;0.99;;;02.05.2025;0.99;3859888122130;Proizvodi za kuæanstvo
Juneæa lopatica bez kosti;20716;;1.0000;kg;12.99;12.99;;;02.05.2025;12.99;3859893251337;Hrana
Juneæi vrat s kosti;20719;Eigenbedarf;1.0000;kg;6.99;6.99;;;02.05.2025;6.99;3859893251344;Hrana
Juneæa rebra;20720;;1.0000;kg;9.69;9.69;;;02.05.2025;9.69;3859892958633;Hrana
KRPA SPU®VASTA POLLY-FLEX 3/1;20733;;3.0000;kom;2.39;0.80;;;02.05.2025;2.39;3859888122154;Proizvodi za kuæanstvo
Juneæa potrbu¹ina;20737;;1.0000;kg;10.79;10.79;;;02.05.2025;10.79;3859893251382;Hrana
Juneæa leða s kosti;20740;;1.0000;kg;10.99;10.99;;;02.05.2025;10.29;3859892958657;Hrana
Juneæi biftek;20746;;1.0000;kg;41.99;41.99;;;02.05.2025;41.99;3859892958664;Hrana
SPU®VA S ABRAZIVOM BRAVO 1/1;20765;;1.0000;kom;0.89;0.89;;;02.05.2025;0.89;3858882681667;Proizvodi za kuæanstvo
SPU®VA S ABRAZIVOM BRAVO 2/1;20767;;2.0000;kom;1.19;0.60;;;02.05.2025;1.19;3858882681674;Proizvodi za kuæanstvo
Juneæa koljenica s kosti;20769;;1.0000;kg;10.99;10.99;;;02.05.2025;10.99;3859893251399;Hrana
SPU®VA S ABRAZIVOM BRAVO 3/1;20772;;3.0000;kom;1.29;0.43;;;02.05.2025;1.29;3858882681681;Proizvodi za kuæanstvo
RAKIJA TRAVARICA VINOPLOD 1 L ;20775;;1.0000;l;14.02;14.02;;;02.05.2025;14.02;3859888129849;Piæa
Juneæa prsa;20776;;1.0000;kg;9.69;9.69;;;02.05.2025;9.69;3859893251375;Hrana
KRPA SPU®VASTA BRAVO 3/1;20777;;3.0000;kom;1.59;0.53;;;02.05.2025;1.59;3858882681698;Proizvodi za kuæanstvo
RAKIJA KOMOVICA VINOPLOD 1L;20778;Vinoplod;1.0000;l;14.02;14.02;;;02.05.2025;14.02;3859888129900;Piæa
KRPA VI©ENAMJENSKA BRAVO 5/1;20782;;5.0000;kom;1.29;0.26;;;02.05.2025;1.29;3858882681889;Proizvodi za kuæanstvo
VINO KUTJEVO VRH.GRA©EV.0,75 L;20789;;0.7500;l;11.09;14.79;;;02.05.2025;11.09;3850156001003;Piæa
VINO KUTJEVO PINOT SIVI 0,75 L;20795;;0.7500;l;10.02;13.36;;;02.05.2025;10.02;3850156001096;Piæa
Juneæa jetra;20817;;1.0000;kg;7.99;7.99;;;02.05.2025;7.99;3859892958701;Hrana
Juneæi rep;20821;;1.0000;kg;11.79;11.79;;;02.05.2025;11.79;3859892958718;Hrana
VINO KUTJEVO TRAMINAC VRH0,75L;20825;;0.7500;L;10.02;13.36;;;02.05.2025;10.02;3850156001041;Piæa
VINO KUTJEVO GRA©EVINA 1 L;20842;;1.0000;l;7.15;7.15;;;02.05.2025;7.15;3850156001218;Piæa
VINO KUTIJEVO GRA©EVINA 0,187L;20851;;0.1870;l;2.09;11.18;;;02.05.2025;2.09;3850156004202;Piæa
NAPOL.MANNER LJE©NJAK 400 g;20911;Manner;0.4000;kg;4.09;10.23;;;02.05.2025;4.09;9000331607917;Hrana
VAFEL MANNER TORTICE VR.400 g;20923;Manner;0.4000;kg;3.79;9.48;;;02.05.2025;3.79;9000331607955;Hrana
Salama zimska;20952;Gavrilovic;1.0000;kg;28.99;28.99;;;02.05.2025;21.99;3858881220799;Hrana
ÈOKOLADNA KRA© TORTICA 25 g;20957;Kra¹;0.0250;kg;0.55;22.00;;;02.05.2025;0.55;3850102320011;Hrana
VAFEL KNOPPERS  25 g;20978;Knoppers;0.0250;kg;0.55;22.00;;;02.05.2025;0.55;40144399;Hrana
MESNI NAREZAK 400 g GAVRILOVIÆ;20990;Gavrilovic;0.4000;kg;4.59;11.48;;;02.05.2025;4.59;3858881224490;Hrana
ZA.MJ.ZELENO JUHA KOTANYI 18 g;21073;;0.0180;kg;1.19;66.11;;;02.05.2025;0.99;9001414015551;Hrana
ZAÈIN PAPAR CRNI KOTANYI 36 g;21101;;0.0360;kg;4.49;124.72;;;02.05.2025;3.99;9001414041116;Hrana
ZA.CHILI EX.LJUTI KOTANYI 35 g;21114;;0.0350;kg;3.99;114.00;;;02.05.2025;3.99;9001414041154;Hrana
ZAÈ.MJ.TALIJAN.KOTANYI 48 g;21119;;0.0480;kg;3.99;83.13;;;02.05.2025;3.99;9001414041178;Hrana
ZAÈ.MJ.PROVANS.KOTANYI 33 g;21122;;0.0330;kg;3.99;120.91;;;02.05.2025;3.99;9001414041185;Hrana
DET.PLAVI RADION 500 g;21163;Radion;0.5000;kg;1.86;3.72;;;02.05.2025;1.86;3850105101167;Sredstva za èi¹æenje
Svinjski vrat bez kosti;21178;Eigenbedarf;1.0000;kg;5.49;5.49;;;02.05.2025;5.49;9242920800006;Hrana
KAVA FRANCK JUB.VAK.250 g;21200;Franck;0.2500;kg;5.39;21.56;;;02.05.2025;5.39;3858881080263;Piæa
KAVA FRANCK INSTANT GOLD 100 g;21205;Franck;0.1000;kg;5.49;54.90;;;02.05.2025;5.49;3850291055244;Piæa
GRAH KOBASICA PODRAVKA 400 g;21384;Podravka;0.4000;kg;3.69;9.23;;;02.05.2025;3.69;3850104035739;Hrana
TEQUILA PUEBLO SILVER 0,7L ;21388;Pueblo;0.7000;L;13.22;18.89;;;02.05.2025;13.22;4006714008833;Piæa
GRAH HAMBUR.PODRAVKA 400 g;21391;Podravka;0.4000;kg;3.69;9.23;;;02.05.2025;3.69;3850104035746;Hrana
FILEKI PODRAVKA 400 g;21395;Podravka;0.4000;kg;3.89;9.73;;;02.05.2025;3.89;3850104050848;Hrana
GOVEÐI GULA© PODRAVKA 400 g;21396;Podravka;0.4000;kg;4.49;11.23;;;02.05.2025;4.49;3850104020087;Hrana
GOVEÐI GULA© PODRAVKA 300 g;21400;Podravka;0.3000;kg;3.69;12.30;;;02.05.2025;3.69;3850104020032;Hrana
GOVEÐI GULA© PODRAVKA 200 g;21404;Podravka;0.2000;kg;3.49;17.45;;;02.05.2025;3.49;3850104020018;Hrana
WHISKEY JIM B.BURBON 0,7 L;21412;Jim Beam;0.7000;l;20.02;28.60;;;02.05.2025;20.02;0080686000389;Piæa
KRUPICA P©.PODRAVKA T-400 1 kg;21414;Podravka;1.0000;kg;2.09;2.09;;;02.05.2025;2.09;3850104064029;Hrana
KRUPICA KUKURUZNA PODRAVKA1 kg;21416;Podravka;1.0000;kg;1.79;1.79;;;02.05.2025;1.79;3850104053429;Hrana
GOVEÐI HA©E PODRAVKA 200 g;21450;Podravka;0.2000;kg;2.39;11.95;;;02.05.2025;2.39;3850104020353;Hrana
HA©E PODRAVKA SVINJETINA 200 g;21453;Podravka;0.2000;kg;2.44;12.20;;;02.05.2025;2.44;3850104057380;Hrana
MESNI RAGU PODRAVKA 200 g;21457;Podravka;0.2000;kg;2.49;12.45;;;02.05.2025;2.49;3850104020308;Hrana
RAGU BOLOGNESE PODRAVKA 200 g;21462;Podravka;0.2000;kg;2.49;12.45;;;02.05.2025;2.49;3850104022401;Hrana
ÈAJ FRANCK ©IPAK 60 g;21495;Franck;0.0600;kg;2.09;34.83;;;02.05.2025;2.09;3858881081383;Piæa
ÈAJ FRANCK BOROVNICA KUV.55 g;21505;Franck;0.0550;kg;2.29;41.64;;;02.05.2025;2.49;3858881083851;Piæa
ÈAJ FRANCK MAREL..KUVERT.60 g;21507;Franck;0.0600;kg;2.29;38.17;;;02.05.2025;2.29;3858881082076;Piæa
ÈAJ FRANCK JAB.-CIMET KU.60 g;21521;Franck;0.0600;kg;2.19;36.50;;;02.05.2025;2.39;3858881082694;Piæa
LIKER UNDERBERG 3PACK 3x0.02 L;21527;Underberg;0.0600;l;3.79;63.17;;;02.05.2025;3.79;4034100029087;Piæa
PUREÆI NAREZAK PODRAV.150 g;21534;Podravka;0.1500;kg;1.99;13.27;;;02.05.2025;1.99;3850104031748;Hrana
WHISKEY BALLANTINES 1 L ;21535;Ballantines;1.0000;L;20.52;20.52;;;02.05.2025;20.52;5010106111956;Piæa
PILEÆI NAREZAK PODRAVKA 150 g;21537;Podravka;0.1500;kg;1.99;13.27;;;02.05.2025;1.99;3850104055706;Hrana
WHISKEY BALLANTINES+ÈA©E 0,7 L;21538;Ballantines;0.7000;l;18.02;25.74;;;02.05.2025;18.02;5010106114667;Piæa
WHISKY JACK DANIELS 1 L;21555;Jack Daniels;1.0000;L;30.59;30.59;;;02.05.2025;29.99;5099873045367;Piæa
WHISKY JACK DANIELS 0,7 L;21557;Jack Daniels;0.7000;L;24.22;34.60;;;02.05.2025;24.22;5099873089798;Piæa
WHIS.J.DANIELS SINGLE BAR.0,7L;21559;Jack Daniels;0.7000;l;53.59;76.56;;;02.05.2025;53.02;5099873088654;Piæa
BITTER CYNAR JAP 0,7 L;21563;Cynar;0.7000;l;15.59;22.27;;;02.05.2025;15.59;8002240001023;Piæa
WHISKEY CANAD.SPEC.OLD  0,7 L;21567;Canadian Club;0.7000;l;12.52;17.89;;;02.05.2025;12.52;0089540453705;Piæa
LIKER CAROLANS  1L;21595;Carolans;1.0000;l;24.62;24.62;;;02.05.2025;24.62;5011026105216;Piæa
SENF THOMY TUBA 200 g;21600;;0.2000;kg;;8.95;1.79;2.29;02.05.2025;2.29;7613287084163;Hrana
SENF THOMY TUBA 100 g;21606;;0.1000;kg;;13.90;1.39;1.79;02.05.2025;1.79;7613287084644;Hrana
COURVOISIER VS  0,7 L;21610;Courvoisier;0.7000;l;41.29;58.99;;;02.05.2025;40.99;3049197110076;Piæa
GIN BEEFEATER 0,7 L ;21619;Beefeater;0.7000;l;20.02;28.60;;;02.05.2025;20.02;5000329002193;Piæa
VODKA FINLANDIA 0,7 L ;21622;;0.7000;L;15.72;22.46;;;02.05.2025;15.72;6412709021776;Piæa
LIKER SOUTHERN COMFORT  0,7 L;21633;Southern Comfort;0.7000;l;20.19;28.84;;;02.05.2025;19.99;1210000100511;Piæa
WHISKY TULLAMORE DEW 0,7 L;21660;;0.7000;l;23.99;34.27;;;02.05.2025;23.99;5011026108033;Piæa
ÈAJ FRANCK KAMILICA 20 g;21682;Franck;0.0200;kg;1.69;84.50;;;02.05.2025;1.79;3858881081420;Piæa
Brusnica su¹ena kandirana RFS;21691;;1.0000;kg;9.99;9.99;;;02.05.2025;9.99;3858889330674;Hrana
ÈAJ FRANCK INDIJSKI KUV.30 g;21700;Franck;0.0300;kg;2.29;76.33;;;02.05.2025;2.29;3858881082045;Piæa
ÈAJ FRANCK ZELENI 35 g;21701;Franck;0.0350;kg;2.29;65.43;;;02.05.2025;2.29;3858881083752;Piæa
SOL PA©KA MORSKA SITNA 1 kg KK;21758;;1.0000;kg;0.79;0.79;;;02.05.2025;0.79;3859888155114;Hrana
KEKSI PAN DI STELLE MUL.350 g;21780;Mulino;0.3500;kg;4.59;13.11;;;02.05.2025;4.59;8076809574075;Hrana
SOL PA©KA MORSK.KRUPNA 1 kg KK;21792;;1.0000;kg;0.89;0.89;;;02.05.2025;0.85;3859888155107;Hrana
SOL PA©KA MORSKA SITNA 250 g;21800;;0.2500;kg;1.19;4.76;;;02.05.2025;1.19;3859888155183;Hrana
KEKS ABBRACCI MULINO 350 g;21823;Mulino;0.3500;kg;4.59;13.11;;;02.05.2025;4.59;8076809574082;Hrana
KEKS COUR DI MELA JABUKA 300 g;21833;Mulino Bianco;0.3000;kg;3.99;13.30;;;02.05.2025;3.99;8076809580670;Hrana
LIKER CREM PINA COLADA 0.7 L;21852;Toorank Pina Colada;0.7000;l;11.02;15.74;;;02.05.2025;11.02;8712436102839;Piæa
TEQUILA TRES OCHOS TAMNA 0.7L;21860;Tres Ochos;0.7000;l;19.52;27.89;;;02.05.2025;19.52;8413425005369;Piæa
TEQUILA TRES OCHOS BLANCO 0.7L;21867;Tres Ochos;0.7000;l;19.52;27.89;;;02.05.2025;19.52;8413425005352;Piæa
GAZIRANO PIÆE PIPI 2 L;21985;Pipi;2.0000;l;2.22;1.11;;;02.05.2025;2.12;3870183400013;Piæa
VREÆE S VEZICOM 20/1 40L ;21990;;20.0000;kom;2.89;0.14;;;02.05.2025;2.89;3870075001069;Proizvodi za kuæanstvo
MARAMICE LOVELY 4SL 100/1 ;22046;Lovely;100.0000;kom;1.59;0.02;;;02.05.2025;1.59;9100000161723;Toaletne potrep¹tine
MARAM.LOVELY 4SL.15X10;22052;Lovely;15.0000;kom;2.39;0.16;;;02.05.2025;2.39;9100000696775;Toaletne potrep¹tine
JUHA KOCKA MAGGI PILEÆA 80 g;22082;Maggi;0.0800;kg;1.79;22.38;;;02.05.2025;1.75;8585002419477;Hrana
SARDINA MIRELA POVRÆE 100 g;22093;Mirela;0.1000;kg;1.39;13.90;;;02.05.2025;1.39;3850104277399;Hrana
JUHA-KOCKA MAGGI GOVEÐA 120 g;22105;Maggi;0.1200;kg;2.29;19.08;;;02.05.2025;2.29;8585002419538;Hrana
CORNFLAKES KELLOGG´S 250 g;22229;Kelloggs;0.2500;kg;3.99;15.96;;;02.05.2025;3.99;5053827111188;Hrana
UMAK DOLMIO ORIGIN.BOLOG.500 g;22322;Dolmio;0.5000;kg;4.29;8.58;;;02.05.2025;4.29;4002359634420;Hrana
LIKER KRU©KOVAC MARASKA 1 L;22370;Maraska;1.0000;l;10.02;10.02;;;02.05.2025;10.02;3850158403607;Piæa
LIKER MARASKA ORAHOVAC 1 L;22377;Maraska;1.0000;L;15.02;15.02;;;02.05.2025;15.02;3850158406004;Piæa
SODA BIKARBONA ©AFRAM 500 g;22380;;0.5000;kg;1.49;2.98;;;02.05.2025;1.49;3859888163249;Hrana
LIKER PELINKOV. G.MARASKA 1 L ;22386;;1.0000;l;15.49;15.49;;;02.05.2025;15.02;3850158406752;Piæa
LIKER PELINKOVAC MARASKA 0,1 L;22387;;0.1000;l;1.69;16.90;;;02.05.2025;1.69;3850158406301;Piæa
LIKER CHERRY BRANDY ZAD.0,70L;22400;Maraska;0.7000;l;13.02;18.60;;;02.05.2025;13.02;3850158401504;Piæa
ROOM MARASKA 1 L;22417;Maraska;1.0000;l;11.02;11.02;;;02.05.2025;11.02;3850158201555;Piæa
ROOM MARASKA 0,5 L;22420;Maraska;0.5000;L;6.52;13.04;;;02.05.2025;6.52;3850158201531;Piæa
ROOM DOMAÆI MARASKA 0,1 L;22422;;0.1000;l;1.69;16.90;;;02.05.2025;1.69;3850158201517;Piæa
RAKIJA ©LJIVOVICA MARASKA 1 L ;22425;;1.0000;l;16.02;16.02;;;02.05.2025;16.02;3850158301705;Piæa
LIMUNSKA KISELINA ©AFRAM 500 g;22433;;0.5000;kg;3.99;7.98;;;02.05.2025;3.99;3859888163362;Hrana
LIMUNSKA KISELINA ©AFRAM 100 g;22435;Safram;0.1000;kg;0.99;9.90;;;02.05.2025;0.99;3859888163355;Hrana
WASABI PASTE BLUE DRAGON 45 g;22436;Blue Dragon;0.0450;kg;;97.56;4.39;6.39;02.05.2025;6.39;5010338302887;Hrana
UMAK OYSTER&SPRING ONION 120 g;22439;Blue Dragon;0.1200;kg;;12.42;1.49;2.19;02.05.2025;2.19;5010338200091;Hrana
UMAK SWEET&SOUR BL.DRAGO.120 g;22441;Blue Dragon;0.1200;kg;;12.42;1.49;2.19;02.05.2025;2.19;5010338200039;Hrana
RI®A ZA SUSHI BLUE DRAGO.500 g;22451;Blue Dragon;0.5000;kg;;7.78;3.89;5.59;02.05.2025;5.59;5010338303273;Hrana
PILEÆI RASJEK PREMIUM ;22477;Vindija;1.0000;kg;5.19;5.19;;;02.05.2025;5.19;3850159110610;Hrana
ZAÈ.PAPRIKA TUCANA ©AFRAM 50 g;22491;;0.0500;kg;1.19;23.80;;;02.05.2025;1.19;3859888163287;Hrana
UM.LA FIESTA SALSA MILD 315 g;22499;;0.3150;kg;3.29;10.44;;;02.05.2025;3.29;5412514935092;Hrana
UMAK LA FIESTA PAPRIKA 85 g;22502;Casa Fiesta;0.0850;kg;2.89;34.00;;;02.05.2025;2.91;7311310388027;Hrana
UMAK LA FIESTA AVOKADO 315 g;22504;;0.3150;kg;4.39;13.94;;;02.05.2025;4.39;5412514935115;Hrana
SEZAM ©AFRAM 100 g;22505;;0.1000;kg;0.99;9.90;;;02.05.2025;0.99;3859888163164;Hrana
UM.LA FIESTA SALSA LJUTI 315 g;22508;;0.3150;kg;3.29;10.44;;;02.05.2025;3.29;5412514935122;Hrana
UMAK LA FIESTA RAJÈICA 230 g;22514;Casa Fiesta;0.2300;kg;2.99;13.00;;;02.05.2025;2.99;5412514935139;Hrana
PILEÆA KRILA;22516;Cekin;1.0000;kg;6.29;6.29;;;02.05.2025;6.29;3850159110269;Hrana
TORTILLA.LA FIESTA FLOUR 320 g;22520;;0.3200;kg;2.59;8.09;;;02.05.2025;2.59;5412514934989;Hrana
TORTILLAS LA FIESTA WRAP 245 g;22525;Casa Fiesta;0.2450;kg;2.19;8.94;;;02.05.2025;2.19;5412514935016;Hrana
UMAK KUHNE MEKSIÈKI 250 ml;22531;Kuehne;0.2500;l;2.59;10.36;;;02.05.2025;3.29;40804934;Hrana
RI®A PARBOILED ©AFRAM 950 g;22550;;0.9500;kg;2.89;3.04;;;02.05.2025;2.91;3859890104131;Hrana
PIVO ZLATOROG SVIJ.0,5 L P.A.;22593;Lasko;0.5000;l;1.19;2.38;;;02.05.2025;1.19;3830001711011;Piæa
Limeta rfs;22620;;1.0000;kg;2.49;2.49;;;02.05.2025;2.49;3858885879252;Hrana
Cikla rfs;22670;;1.0000;kg;0.89;0.89;;;02.05.2025;0.89;3858893251736;Hrana
Èe¹njak rfs;22671;;1.0000;kg;4.99;4.99;;;02.05.2025;4.99;861;Hrana
Hren rfs;22672;S-BUDGET;1.0000;kg;5.99;5.99;;;02.05.2025;5.99;3858885876527;Hrana
Komoraè rfs;22673;;1.0000;kg;4.99;4.99;;;02.05.2025;4.99;3858893251743;Hrana
PIVO LA©KO ZLATOR.0,5L LIM ;22768;Lasko;0.5000;l;1.49;2.98;;;02.05.2025;1.49;3830001710991;Piæa
BRIT.BEAUTY KISS JEDNOKR.®.5/1;22775;Beauty Kiss;5.0000;kom;1.05;0.21;;;02.05.2025;1.05;9100000864440;Kozmetika
BRIT.BEAUTY KISS JEDNOKR.M.5/1;22778;Beauty Kiss;5.0000;kom;1.05;0.21;;;02.05.2025;1.05;9100000191652;Kozmetika
Luk ljubièasti rfs;22803;;1.0000;kg;1.49;1.49;;;02.05.2025;1.49;3858885875643;Hrana
LIKER AMARO 18 1 L ;22823;Amaro;1.0000;l;15.02;15.02;;;02.05.2025;15.02;8001110017058;Piæa
SENF JUTRO 250 ml KRIGLA;22840;;0.2500;l;2.69;10.76;;;02.05.2025;2.65;4025891004254;Hrana
MARAM.ZEWA SOFTIS NEUTRAL 10/1;22882;Zewa;10.0000;kom;2.35;0.24;;;02.05.2025;2.35;7322541110776;Toaletne potrep¹tine
MARAM.ZEWA SOFTIS MENTOL 10/1;22883;Zewa;10.0000;kom;2.35;0.24;;;02.05.2025;2.35;4006670380943;Toaletne potrep¹tine
MARAMICE ZEWA DELUX 10/1;22885;Zewa;10.0000;kom;1.95;0.20;;;02.05.2025;1.95;9011111516145;Toaletne potrep¹tine
KETCHUP ZVIJEZDA BLAGI 1 kg;22905;Zvijezda;1.0000;kg;2.79;2.79;;;02.05.2025;2.79;3858882210881;Hrana
Paprika ¾uta rog rfs;22907;;1.0000;kg;2.49;2.49;;;02.05.2025;2.99;3858885877135;Hrana
KETCHUP ZVIJEZDA LJUTI 500 g;22909;;0.5000;kg;2.19;4.38;;;02.05.2025;2.19;3858882210898;Hrana
KETCHUP ZVIJEZDA BLAGI 500 g;22910;;0.5000;kg;1.99;3.98;;;02.05.2025;1.99;3858882210874;Hrana
HRANA ZA PSE PED.JUN.PIL.100 g;22918;Pedigree;0.1000;kg;.89;8.90;;;02.05.2025;.89;5900951017247;Proizvodi za kuæanstvo
Pomelo rfs;22920;;1.0000;kg;2.49;2.49;;1.59;02.05.2025;1.59;258;Hrana
PSEÆA HRANA PED.PIL.JANJ.100 g;22926;Pedigree;0.1000;kg;.89;8.90;;;02.05.2025;.89;5900951017322;Proizvodi za kuæanstvo
Tikvice rfs;22945;;1.0000;kg;1.39;1.39;;;02.05.2025;1.39;3858893251774;Hrana
OCAT VINSKI ZVIJEZDA 1 L;22946;;1.0000;l;1.99;1.99;;;02.05.2025;1.95;3858882211154;Hrana
ULO©.LIBRESSE CLIP SUPER 9/1;22950;Libresse;9.0000;kom;2.25;0.25;;;02.05.2025;1.79;7322540591927;Toaletne potrep¹tine
OCAT ALKOHOLNI ZVIJEZDA 3 L;22951;Zvijezda;3.0000;L;3.29;1.10;;;02.05.2025;3.29;3858882211727;Hrana
ULO©CI LIBRESSE CLIP 10/1;22952;Libresse;10.0000;kom;1.85;0.19;;;02.05.2025;1.65;7322541192543;Toaletne potrep¹tine
OCAT ALKOHOLNI ZVIJEZDA 1 L;22953;;1.0000;l;1.19;1.19;;;02.05.2025;1.19;3858882210928;Hrana
OCAT JABUÈNI PRIRO.ZVIJEZ.1 L ;22954;;1.0000;l;2.19;2.19;;;02.05.2025;2.19;3858882210911;Hrana
UMAK ZVIJEZDA PIZZA 490 g;22955;;0.4900;kg;2.29;4.67;;;02.05.2025;2.29;3858882212502;Hrana
ULO©CI LIBRESSE CLIP NORM.10/1;22960;Libresse;10.0000;kom;2.25;0.23;;;02.05.2025;1.79;7322541195018;Toaletne potrep¹tine
ULO©.LIBRESSE COMPLETE 24/1;22964;Libresse;24.0000;kom;1.75;0.07;;;02.05.2025;1.49;7322540062656;Toaletne potrep¹tine
MLIJ.SVJ. Z BREGOV 3,2%MM 1 L;22969;Vindija;1.0000;L;1.39;1.39;;;02.05.2025;1.39;3850108011517;Hrana
MLIJEKO UHT 2,8% Z BREGOV1 L;22975;Vindija;1.0000;L;1.02;1.02;;;02.05.2025;1.02;3850108020502;Hrana
MLIJEKO UHT 2,8% Z BREGO.0,5 L;22977;Vindija;0.5000;L;1.05;2.10;;;02.05.2025;1.05;3850108020557;Hrana
MLIJEKO UHT 2,8% Z BREGO.0,2 L;22979;;0.2000;L;0.59;2.95;;;02.05.2025;0.59;3850108020601;Hrana
MLIJEKO UHT 0,9% Z BREG.1 L TE;22982;Vindija;1.0000;L;1.49;1.49;;;02.05.2025;1.49;3850108021592;Hrana
MLIJEKO KOZJE ´Z BREGOV 0,2 L;22992;Vindija;0.2000;L;0.99;4.95;;;02.05.2025;0.99;3850108026009;Hrana
MLIJEKO ÈOKOL. TE Z BREG.0,5 L;22995;Vindija;0.5000;L;1.65;3.30;;;02.05.2025;1.65;3850108023350;Hrana
NAPITAK MLIJ.LED.KA.Z BREG.1 L;22997;Vindija;1.0000;L;2.79;2.79;;;02.05.2025;2.79;3850108021820;Piæa
NAPIT. MLIJ. Z BREG.KAVA 0,2 L;22998;Vindija;0.2000;L;1.19;5.95;;;02.05.2025;1.19;3850108021851;Piæa
VRHNJE ©LAG Z BREG.36%MM 0,5 L;23005;Vindija;0.5000;L;3.99;7.98;;;02.05.2025;3.99;3850108033663;Hrana
VRHNJE ZA KUHA.Z BREGOV 0,5 L;23009;Vindija;0.5000;L;3.29;6.58;;;02.05.2025;3.29;3850108033571;Hrana
VRHNJE ZA KUH. Z BREGOV 0,2 L;23010;Vindija;0.2000;L;1.39;6.95;;;02.05.2025;1.39;3850108033588;Hrana
JOGURT 2,8% Z BREGOV 180 g;23012;Vindija;0.1800;kg;0.44;2.44;;;02.05.2025;0.44;3850108030136;Hrana
JOGURT LIGHT Z BREGOV 200 g;23017;Vindija;0.2000;kg;0.49;2.45;;;02.05.2025;0.49;3850108030303;Hrana
MLIJEKO KISELO Z BREGOV 200 g;23023;Vindija;0.2000;kg;0.75;3.75;;;02.05.2025;0.75;3850108031645;Hrana
MLIJEKO ACIDOF. Z BREGOV 200 g;23025;Vindija;0.2000;kg;0.75;3.75;;;02.05.2025;0.75;3850108032253;Hrana
KEFIR Z BREGOV 3,5% M.M.200 g ;23027;Vindija;0.2000;kg;0.75;3.75;;;02.05.2025;0.75;3850108030525;Hrana
ÈIPS ÈIPI ÈIPS SLANI 200 g;23049;Chio;0.2000;kg;2.99;14.95;;;02.05.2025;2.99;3856021300547;Hrana
PA©TETA GAVRILOVIÆ ÈAJNA 30 g;23083;Gavrilovic;0.0300;kg;0.89;29.67;;;02.05.2025;0.89;3858881220102;Hrana
TJ.KL.MARIÆ LAZANJE 500 g;23084;Klara M;0.5000;kg;4.99;9.98;;;02.05.2025;4.99;3859888499249;Hrana
TJ.KL.MARIÆ LAZANJE ©IRO.500 g;23087;Klara M;0.5000;kg;4.99;9.98;;;02.05.2025;4.99;3859888499027;Hrana
TJ.KL.MARIÆ LAZANJ.ZELEN.500 g;23093;Klara M;0.5000;kg;4.99;9.98;;;02.05.2025;4.99;3859888499119;Hrana
TJ.KL.MAR.©URLE ©PAROGE 500 g ;23119;Klara M;0.5000;kg;4.49;8.98;;;02.05.2025;4.49;3859888499263;Hrana
FLIPS TIP TOP CUBICS 50 g;23120;Tip Top;0.0500;kg;1.09;21.80;;;02.05.2025;1.09;3856021303685;Hrana
FLIPS TIP TOP PIZZA 45 g;23126;Tip Top;0.0450;kg;1.09;24.22;;;02.05.2025;1.09;3856021303746;Hrana
TJ.KL.MARIÆ ©URLE 500 g;23130;Klara M;0.5000;kg;3.59;7.18;;;02.05.2025;3.59;3859888499164;Hrana
TJ.KL.MARIÆ FU®I ISTARS.500 g;23137;Klara M;0.5000;kg;4.69;9.38;;;02.05.2025;4.69;3859888499874;Hrana
TJ.KL.MARIÆ PASUTICE IST.500 g;23140;Klara M;0.5000;kg;4.49;8.98;;;02.05.2025;4.49;3859888499812;Hrana
KIKIRIKI FRANCK  NUTLINE 250 g;23147;Nutline;0.2500;kg;2.69;10.76;;;02.05.2025;2.15;3856021302190;Hrana
KIKIRIKI FRANCK  NUTLINE 500 g;23150;Nutline;0.5000;kg;4.74;9.48;;;02.05.2025;3.79;3856021302237;Hrana
ZAÈIN CURRY KOTANYI 45 g;23201;;0.0450;kg;3.99;88.67;;;02.05.2025;3.99;9001414041161;Hrana
VRHN.KISELO Z´BREG.12%MM 200 g;23207;Meggle;0.2000;kg;0.94;4.70;;;02.05.2025;0.94;3850108033007;Hrana
VRH.KISELO Z BREG.20%MM 200 g;23209;Vindija;0.2000;kg;1.19;5.95;;;02.05.2025;1.19;3850108033106;Hrana
MILERAM Z´BREGOV 22% M.M.400 g;23212;Vindija;0.4000;kg;2.39;5.98;;;02.05.2025;2.39;3850108036442;Hrana
PUDING VANILIJA Z BREGOV 125 g;23259;Vindija;0.1250;kg;0.65;5.20;;;02.05.2025;0.65;38500022;Hrana
PUDING ÈOKOLADA Z BREGOV 125 g;23261;Vindija;0.1250;kg;0.65;5.20;;;02.05.2025;0.65;38500039;Hrana
FLIPS BOBI PIKANT 70 g;23263;Bobi;0.0700;kg;0.95;13.57;;;02.05.2025;0.95;3858891590080;Hrana
VINO T GA ZA JUG TIK.0,75 L;23286;Tikves;0.7500;L;5.29;7.05;;;02.05.2025;5.19;5310008007129;Piæa
VINO TIKVE© CHARDONNAY 0,75 L;23304;Tikves;0.7500;L;5.29;7.05;;;02.05.2025;5.29;5310008007259;Piæa
TEQUILA SIERRA SILVER  0,7L;23328;Sierra;0.7000;l;19.99;28.56;;;02.05.2025;19.99;4062400174305;Piæa
STOCK 84 1 L ;23335;Stock;1.0000;l;13.99;13.99;;;02.05.2025;13.99;8000440396383;Piæa
SIR SVJ.POLUMASNI VIND.500 g;23340;Vindija;0.5000;kg;2.49;4.98;;;02.05.2025;2.49;3850108058352;Hrana
SIR SVJE®I POSNI Z BREG.500 g;23351;Vindija;0.5000;kg;2.89;5.78;;;02.05.2025;2.89;3850108058321;Hrana
SIR MASCARPONE VINDIJA 500 g;23355;Vindija;0.5000;kg;6.29;12.58;;;02.05.2025;6.29;3850108058369;Hrana
VERMOUTH MARTINI BIANCO 1 L ;23362;Martini;1.0000;l;17.49;17.49;;;02.05.2025;16.02;5010677925006;Piæa
Sir Grabancija¹;23386;Vindija;1.0000;kg;13.99;13.99;;;02.05.2025;13.99;3850108054002;Hrana
PREHRAMB.BOJILA AROMAR 4X10 ml;23397;;0.0400;l;3.19;79.75;;;02.05.2025;3.19;3859888333215;Hrana
SOK HAPPY DAY JABUKA 0,2 L;23402;Happy Day;0.2000;l;0.79;3.95;;;02.05.2025;0.79;9008700112505;Piæa
SOK HAPPY DAY NARANÈ.100%0,2 L;23404;Happy Day;0.2000;l;0.79;3.95;;;02.05.2025;0.79;9008700112482;Piæa
SOK HAPPY DAY RAJÈICA 100% 1 L;23408;Happy Day;1.0000;l;2.29;2.29;;;02.05.2025;2.29;90087547;Piæa
SOK HAPPY DAY NARANÈA 100% 1 L;23410;Happy Day;1.0000;l;3.49;3.49;;;02.05.2025;3.49;90087066;Piæa
NEKTAR HAPPY DAY CRNI RIBIZ1 L;23419;Happy Day;1.0000;l;2.39;2.39;;;02.05.2025;2.39;9008700181860;Piæa
SOK HAPPY DAY JABUKA 100% 1 L;23426;Happy Day;1.0000;l;2.29;2.29;;;02.05.2025;2.29;90087011;Piæa
ULJE ZA KOSU ÈIÈKOVO 50 ml;23442;Afrodita;0.0500;L;5.19;103.80;;;02.05.2025;5.19;3830001295061;Kozmetika
ULJE ZA KOSU ORAHOVO 50 ml;23443;Afrodita;0.0500;L;5.19;103.80;;;02.05.2025;5.19;3830001290424;Kozmetika
KREMA ZA KOSU TI X TI 75 ml;23444;Afrodita;0.0750;L;4.49;59.87;;;02.05.2025;4.49;3830001290394;Kozmetika
KREMA ZA DEPILAC.CHAMOM.100 ml;23448;Afrodita;0.1000;L;6.49;64.90;;;02.05.2025;6.49;3830001296969;Kozmetika
BRILJANT.LIGHT WET LOOK 125 ml;23449;Afrodita;0.1250;L;4.49;35.92;;;02.05.2025;4.49;3830001294309;Kozmetika
KREMA AFRODITA OKO OÈIJU 15 ml;23457;;0.0150;l;8.69;579.33;;;02.05.2025;8.69;3830001297706;Kozmetika
ODSTRANJ.ZA NOKTE ULJNI 125 ml;23460;Afrodita;0.1250;L;3.99;31.92;;;02.05.2025;3.99;3830001296716;Kozmetika
KREMA BADEM HRANJIVA 50 ml;23485;Afrodita;0.0500;L;9.99;199.80;;;02.05.2025;9.99;3831070659938;Kozmetika
KREMA BADEM HIDRATANTNA 50 ml;23487;Afrodita;0.0500;L;9.99;199.80;;;02.05.2025;9.99;3831070659921;Kozmetika
ULJNI PEROXID 11,8% 125 ml;23488;Afrodita;0.1250;L;2.99;23.92;;;02.05.2025;2.99;3830001296136;Kozmetika
ULJNI PEROXID  6% 125 ml;23515;Afrodita;0.1250;L;2.99;23.92;;;02.05.2025;2.99;3830001296112;Kozmetika
KREMA AFRODITA HIDRATANT 50 ml;23517;Afrodita;0.0500;l;11.99;239.80;;;02.05.2025;11.99;3830001297683;Kozmetika
PALENTA INSTANT FRANCK 450 g;23557;Franck;0.4500;kg;1.39;3.09;;;02.05.2025;1.39;3858881080744;Hrana
BOMBONI RICOLA ORIGINAL 40 g;23570;Ricola;0.0400;kg;1.59;39.75;;;02.05.2025;1.59;7610700923061;Hrana
BOMBONI RICOLA LIMUN-MINT 40 g;23572;Ricola;0.0400;kg;1.59;39.75;;;02.05.2025;1.59;7610700923092;Hrana
BOM. RICOLA ALPIN FRESH 40 g;23575;Ricola;0.0400;kg;1.59;39.75;;;02.05.2025;1.59;7610700622438;Hrana
CAPPUCCINO ÈOK.ANAMARIA 200 g;23576;Anamarija;0.2000;kg;2.59;12.95;;;02.05.2025;2.59;3858881770676;Piæa
CAPP.VANILIJA ANAMARIA 200 g;23579;Anamarija;0.2000;kg;2.59;12.95;;;02.05.2025;2.59;3858881770669;Piæa
BOMB.MENTOS VOÆNI 38 g;23583;Mentos;0.0380;kg;0.89;23.42;;;02.05.2025;0.89;87108026;Hrana
BOMB.MENTOS GRO®ÐE 38 g;23585;Mentos;0.0380;kg;0.89;23.42;;;02.05.2025;0.89;5908227100686;Hrana
ZAÈIN PAPAR MLJEV. FRANCK 10g;23589;Franck;0.0100;kg;0.79;79.00;;;02.05.2025;0.79;3858881083097;Hrana
ZAÈIN PAPAR MLJEVE.FRANCK 50 g;23591;Franck;0.0500;kg;1.89;37.80;;;02.05.2025;1.89;3858881083103;Hrana
INST.3 U 1 ANAMARIJA 180g ;23592;Anamarija;0.1800;kg;2.39;13.28;;;02.05.2025;2.39;3858881770881;Piæa
ÈAJ AGRISTAR KADULJA LIS.100 g;23602;Agristar;0.1000;kg;2.65;26.50;;;02.05.2025;2.65;3858886500247;Piæa
BOM.FISHERMAN FRIEND MINT 25 g;23614;Fisherman's;0.0250;kg;1.79;71.60;;;02.05.2025;1.79;50997862;Hrana
BOMBONI PEZ FIGURICE 17 g;23625;Pez;0.0170;kg;2.49;146.47;;;02.05.2025;2.49;9044400825482;Hrana
BOMBONI PEZ FRUIT 8,5 g;23627;Pez;0.0090;kg;0.29;32.22;;;02.05.2025;0.29;90444470;Hrana
ÈAJ AGRISTAR KAMILICA 20 g;23635;Agristar;0.0200;kg;1.75;87.50;;;02.05.2025;1.75;3858886500032;Piæa
BOMBONI PEZ FRUIT 6-PACK 51 g;23636;Pez;0.0510;kg;1.19;23.33;;;02.05.2025;1.19;5997255708322;Hrana
ÈAJ AGRISTAR ©IPAK 60 g;23637;Agristar;0.0600;kg;1.79;29.83;;;02.05.2025;1.79;3858886500049;Piæa
ÈAJ AGRISTAR MENTA 30 g;23643;Agristar;0.0300;kg;1.95;65.00;;;02.05.2025;1.95;3858886500056;Piæa
ÈAJ AGRISTAR KOPRIVA FILT.30 g;23648;Agristar;0.0300;kg;1.79;59.67;;;02.05.2025;1.79;3858886500124;Piæa
ÈAJ AGRISTAR NARODNI 40 g;23652;Agristar;0.0400;kg;2.25;56.25;;;02.05.2025;2.25;3858886502180;Piæa
ÈAJ AGRISTAR KADULJA 30 g;23665;Agristar;0.0300;kg;2.29;76.33;;;02.05.2025;2.29;3858886500117;Piæa
LIZA.CHUPA CHUPS MELODY 15 g;23674;Chupa Chups;0.0150;kg;0.69;46.00;;;02.05.2025;0.69;84196842;Hrana
LIZA.CHUPA CHUPS SURPRISE 12 g;23680;Chupa Chups;0.0120;kg;1.99;165.83;;;02.05.2025;1.99;84194107;Hrana
®IT.ZA DORUÈ.ÈOKOLE©NIK 200 g;23690;Podravka;0.2000;kg;2.59;12.95;;;02.05.2025;2.59;3850104245053;Hrana
BOM.HARIBO GUMENI COLA 100 g;23693;Haribo;0.1000;kg;1.59;15.90;;;02.05.2025;1.59;9002975323369;Hrana
BOM.GUM.HARIBO BRESKVA 100 g;23702;Haribo;0.1000;kg;1.59;15.90;;;02.05.2025;1.59;9002975380522;Hrana
BOM.GUM.HARIBO MEDO 100 g;23704;Haribo;0.1000;kg;1.59;15.90;;;02.05.2025;1.59;9002975401111;Hrana
BOM.GUM. HARIBO MEDO ZL.100 g;23706;Haribo;0.1000;kg;1.59;15.90;;;02.05.2025;1.59;9002975301558;Hrana
SODA BIKARBONA FRANCK 40g;23724;Franck;0.0400;kg;0.99;24.75;;;02.05.2025;0.99;3858881081048;Hrana
BOM.GUM.HARI. HAPPY COLA 200 g;23745;Haribo;0.2000;kg;2.49;12.45;;;02.05.2025;2.49;9002975315104;Hrana
BOM.GUM.HARIBO ZLAT.MEDO 200 g;23753;Haribo;0.2000;kg;2.49;12.45;;;02.05.2025;2.49;9002975301268;Hrana
BOM.GUM.HARIBO MEKA.MEDO 200 g;23755;Haribo;0.2000;kg;2.49;12.45;;;02.05.2025;2.49;9002975401210;Hrana
BOM.GUM.HARIBO ROLE VOÆNE 25 g;23767;Haribo;0.0250;kg;0.59;23.60;;;02.05.2025;0.59;4001686372234;Hrana
BOM.GUM.HARIBO ROLE COLA 25 g;23769;Haribo;0.0250;kg;0.59;23.60;;;02.05.2025;0.59;4001686383025;Hrana
VINO POSTUP MADIRAZ.0.75 L  ;23875;;0.7500;l;16.69;22.25;;;02.05.2025;16.69;3859889833028;Piæa
VINO DINGAÈ MADIRAZZ.0.75 L  ;23878;;0.7500;l;21.09;28.12;;;02.05.2025;21.09;3859889833011;Piæa
VINO PO©IP BIJELO ÈARA 0.75 L;23881;;0.7500;l;19.49;25.99;;;02.05.2025;15.92;3859889311014;Piæa
TJEST.RAGUSA USK REZANCI 400 g;23882;;0.4000;kg;1.72;4.30;;;02.05.2025;1.72;3859889154222;Hrana
TJEST.RAGUSA ©PAGETE 400 g;23883;Paradiso;0.4000;kg;1.59;3.98;;;02.05.2025;1.59;3859889154017;Hrana
TJEST.RAGUSA PU®IÆI 63 400 g;23890;Paradiso;0.4000;kg;1.59;3.98;;;02.05.2025;1.59;3859889154048;Hrana
TJEST.RAGUSA PU®IÆI 66 400 g;23891;;0.4000;kg;1.59;3.98;;;02.05.2025;1.59;3859889154161;Hrana
VINO DINGAÈ SKARAMUÈA  0,75 L;23894;;0.7500;l;14.79;19.72;;;02.05.2025;14.79;3859888214019;Piæa
VINO PLAVAC SKARAMUÈA  0,75 L;23896;;0.7500;l;5.59;7.45;;;02.05.2025;5.59;3859888214026;Piæa
VINO ROSO PL.BARRIQUE 0,75 L;23897;;0.7500;l;6.69;8.92;;;02.05.2025;6.69;3859888568099;Piæa
TJEST.RAGUSA SLOVA I BRO.400 g;23898;;0.4000;kg;1.72;4.30;;;02.05.2025;1.72;3859889154581;Hrana
VINO PLAVAC  MILIÈIÆ  0,75 L;23900;;0.7500;l;6.02;8.03;;;02.05.2025;6.02;3859888400269;Piæa
TJEST.RAGUSA ©KOLJKE 400 g;23904;;0.4000;kg;1.59;3.98;;;02.05.2025;1.59;3859889154109;Hrana
VINO BABIÆ PILI®.©IB.0,75 L;23907;;0.7500;l;9.02;12.03;;;02.05.2025;9.02;3859892261016;Piæa
TJEST.RAGUSA ZVJEZDICE 400 g;23912;;0.4000;kg;1.72;4.30;;;02.05.2025;1.72;3859889154284;Hrana
TJEST.RAGUSA VIJ.MOZAIK 400 g ;23920;;0.4000;kg;2.12;5.30;;;02.05.2025;2.12;3859889154758;Hrana
LAZANJE RAGUSA DOMAÆE 400 g;23923;;0.4000;kg;2.65;6.63;;;02.05.2025;2.65;3859889154727;Hrana
VINO KRAU.PINOT SIVI 0,75 L;23934;;0.7500;l;12.99;17.32;;;02.05.2025;12.99;3859889217378;Piæa
Sir Grana Padano ;23972;Grana;1.0000;kg;26.99;26.99;;;02.05.2025;26.99;8011661149986;Hrana
SIR CAPRILO 100 g;24011;Vindija;0.1000;kg;3.39;33.90;;;02.05.2025;3.39;3850108052008;Hrana
Sir Bovi Blue cca. 4,8 kg;24024;Vindija;1.0000;kg;19.99;19.99;;;02.05.2025;19.99;3850108052817;Hrana
Sir Bovidur ;24031;Vindija;1.0000;kg;18.99;18.99;;;02.05.2025;18.99;3850108052510;Hrana
Sir Caprodur ;24036;Vindija;1.0000;kg;29.99;29.99;;;02.05.2025;29.99;3850108052213;Hrana
Pas oguljeni ;24040;;1.0000;kg;11.49;11.49;;;02.05.2025;10.99;93856024302978;Hrana
Orada L 200-300 g;24041;;1.0000;kg;9.29;9.29;;;02.05.2025;9.29;3859891926602;Hrana
Sir Ovidur ;24042;Vindija;1.0000;kg;29.99;29.99;;;02.05.2025;29.99;3850108053722;Hrana
Orada L 300-400 g;24043;;1.0000;kg;10.69;10.69;;;02.05.2025;10.69;3859891926633;Hrana
Orada LL 400-600 g;24045;;1.0000;kg;11.19;11.19;;;02.05.2025;11.19;3859891926671;Hrana
Brancin L 200-300 g;24046;;1.0000;kg;8.59;8.59;;;02.05.2025;8.59;3859891926480;Hrana
Brancin L 300-400 g;24047;;1.0000;kg;7.99;7.99;;7.99;02.05.2025;7.99;3859891926510;Hrana
Brancin LL 400-600 g;24048;;1.0000;kg;10.39;10.39;;;02.05.2025;10.39;3859891926558;Hrana
Sir Vara¾dinec;24049;Vindija;1.0000;kg;12.49;12.49;;;02.05.2025;12.49;3850108055207;Hrana
Osliæ I HR;24050;;1.0000;kg;11.49;11.49;;;02.05.2025;11.49;93856024302053;Hrana
Osliæ II HR;24051;;1.0000;kg;9.99;9.99;;;02.05.2025;9.99;93856024302060;Hrana
Sir Tilzit Vindija;24057;Vindija;1.0000;kg;12.49;12.49;;;02.05.2025;12.49;3850108053906;Hrana
©kampi 21-30 kom/kg;24077;;1.0000;kg;16.99;16.99;;;02.05.2025;16.99;93856024301452;Hrana
Kozice pacifièke repovi 30- 35;24080;;1.0000;kg;17.99;17.99;;;02.05.2025;17.99;93856024300783;Hrana
NAM.SIRNI CLASSIC Z BREG.200 g;24093;Vindija;0.2000;kg;1.89;9.45;;;02.05.2025;1.89;3850108059076;Hrana
NAM.SIRNI Z BREGOV MIX  200 g;24095;Vindija;0.2000;kg;1.89;9.45;;;02.05.2025;1.89;3850108059069;Hrana
NAMAZ MLIJ. CLASSIC Z BRE.70 g;24101;Z Bregov;0.0700;kg;0.79;11.29;;;02.05.2025;0.79;3850108059113;Hrana
Pagar japanski 600-800 g;24105;;1.0000;kg;16.99;16.99;;;02.05.2025;16.99;93856024302374;Hrana
Rep grdobine ;24110;;1.0000;kg;24.99;24.99;;;02.05.2025;25.99;93856024301247;Hrana
Losos atlantski 4-5 kg;24115;;1.0000;kg;10.79;10.79;;10.79;02.05.2025;11.89;93856024301810;Hrana
File atlantskog lososa;24118;;1.0000;kg;;13.99;13.99;14.89;02.05.2025;17.99;93856024301834;Hrana
Nilski ostri¾ filet;24121;;1.0000;kg;14.99;14.99;;;02.05.2025;14.99;;Hrana
Cipal balavac ;24125;;1.0000;kg;3.19;3.19;;3.19;02.05.2025;3.19;;Hrana
Kozice pacifièke 80-120 kom/kg;24142;;1.0000;kg;11.99;11.99;;;02.05.2025;11.99;93856024300769;Hrana
Kamenice;24149;;1.0000;kg;;8.29;8.29;8.99;02.05.2025;8.99;;Hrana
VODA NEGAZIRANA CETINA 0,5 L;24154;Cetina;0.5000;l;.68;1.36;;;02.05.2025;.68;3859890129042;Piæa
VINO SIVI PINOT ORMO® 0,75 L ;24159;;0.7500;l;8.09;10.79;;;02.05.2025;8.09;3830078701649;Piæa
VINO LA©KI RIZLING KVAL.1 L;24163;;1.0000;l;;4.49;4.49;5.89;02.05.2025;5.99;3830001600025;Piæa
POSL.ZA PSE PEDIG.BISCR.200 g;24170;Pedigree;0.2000;kg;1.79;8.95;;;02.05.2025;1.79;9003579302545;Proizvodi za kuæanstvo
LIKER JAEG.KUTIJA+2 ÈA©E 0,7 L;24190;;0.7000;L;17.99;25.70;;;02.05.2025;17.99;3859890211136;Piæa
SALAMA ZIMSKA PICK 400 g;24192;Pick;0.4000;kg;8.09;20.23;;;02.05.2025;8.09;5998003186690;Hrana
SOK ORANGINA 0,5 L;24199;Orangina;0.5000;L;1.62;3.24;;;02.05.2025;1.62;3877000209170;Piæa
WHISKY CHIVAS REGAL 0,7 L;24215;;0.7000;L;32.02;45.74;;;02.05.2025;32.02;0080432402931;Piæa
MARTELL VS 0,7 L;24217;;0.7000;l;35.62;50.89;;;02.05.2025;35.62;3219820000078;Piæa
COGNAC MARTELL + 2 ÈA©E  0,7L;24219;Martell;0.7000;l;35.02;50.03;;;02.05.2025;35.02;3219820003581;Piæa
MARTELL  VSOP  0,7 L;24221;;0.7000;l;59.82;85.46;;;02.05.2025;59.82;3219820005882;Piæa
WHISKEY FOUR ROSES 1 L;24227;;1.0000;l;29.72;29.72;;;02.05.2025;29.72;5000299101209;Piæa
WHISKEY JAMESON 0,7 L;24229;Jameson;0.7000;l;23.02;32.89;;;02.05.2025;23.02;5011007003005;Piæa
MAÈJA HR.HOBBY CAT GOVED.100 g;24236;Hobby;0.1000;kg;0.86;8.60;;;02.05.2025;0.86;3838964017232;Proizvodi za kuæanstvo
MAÈJA HR.HOBBY CAT KIT.100 g;24240;Hobby;0.1000;kg;0.86;8.60;;;02.05.2025;0.86;3838964017201;Proizvodi za kuæanstvo
MAÈJA HR.HOBBY CAT RIBA 100 g;24242;Hobby;0.1000;kg;0.86;8.60;;;02.05.2025;0.86;3838964017263;Proizvodi za kuæanstvo
HRANA ZA PSE HOBBY DOG 300 g ;24247;Hobby;0.3000;kg;1.79;5.97;;;02.05.2025;1.79;3838964011643;Proizvodi za kuæanstvo
Sir Trapist Pa¹ka sirana;24321;;1.0000;kg;19.99;19.99;;;02.05.2025;19.99;3859889426046;Hrana
Sir Primorac ;24322;;1.0000;kg;19.90;19.90;;;02.05.2025;19.90;3859889426039;Hrana
Sir Dalmatinac;24323;;1.0000;kg;24.99;24.99;;;02.05.2025;24.99;3859889426022;Hrana
POVRÆE BONDUELLE MIX 400 g;24333;Bonduelle;0.4000;kg;1.89;4.73;;;02.05.2025;1.89;3083680566377;Hrana
SKU©A AQ FILETI BILJ.ULJ.105 g;24425;Adriatic Queen;0.0735;kg;2.69;36.60;;;02.05.2025;2.69;3850160110067;Hrana
TUNA AQ FILETI BILJ.ULJE 105 g;24471;Adriatic Queen;0.0735;kg;3.79;51.56;;;02.05.2025;3.79;3850160108064;Hrana
TUNJ AQ FILETI MASL.ULJE 105 g;24473;Adriatic Queen;0.0735;kg;4.09;55.65;;;02.05.2025;4.09;3850160108538;Hrana
SARDINA AQ MASLIN.ULJE 105 g;24486;Adriatic Queen;0.0735;kg;2.09;28.44;;;02.05.2025;2.09;3850160101065;Hrana
SARDINA AQ POVRÆE 105 g;24490;Adriatic Queen;0.0751;kg;1.99;26.50;;;02.05.2025;1.99;3850160105162;Hrana
SARDINA AQ BILJNO ULJE 105 g;24509;Adriatic Queen;0.0735;kg;1.79;24.35;;;02.05.2025;1.79;3850160102161;Hrana
PRIP.ZA ©LAG BILJ.HALTA 200 ml;24544;Halta;0.2000;L;1.09;5.45;;;02.05.2025;1.12;8004172000297;Hrana
PRIP.ZA ©LAG BILJ.HALTA 500 ml;24547;Halta;0.5000;L;1.89;3.78;;;02.05.2025;1.89;8004172000303;Hrana
PRIPR.ZA ©LAG HALTA BILJNI 1 L;24549;Halta;1.0000;L;3.69;3.69;;;02.05.2025;3.71;8004172000310;Hrana
PUREÆI BATAK ;24580;Vindon;1.0000;kg;5.69;5.69;;;02.05.2025;5.69;3850339404003;Hrana
PUREÆA KRILA MINI PACK;24584;Vindon;1.0000;kg;3.89;3.89;;;02.05.2025;3.58;3850339405024;Hrana
PUREÆI VRAT ;24592;Vindon;1.0000;kg;2.99;2.99;;;02.05.2025;2.99;3850339405505;Hrana
PUREÆA JETRA ;24594;Vindon;1.0000;kg;4.49;4.49;;;02.05.2025;4.49;3850339406007;Hrana
DVOPEK M.BIA.FETTE DORATE 315g;24595;;0.3150;kg;2.49;7.90;;;02.05.2025;2.49;8076809512060;Hrana
DVOPEK M.BIANCO INTEGR. 315 g;24605;;0.3150;kg;2.72;8.63;;;02.05.2025;2.72;8076809512077;Hrana
PILEÆI BATAK SA ZABATKOM OP;24648;;1.0000;kg;5.49;5.49;;;02.05.2025;5.49;3850159110559;Hrana
PILEÆI ZABATAK OP;24654;Cekin;1.0000;kg;5.29;5.29;;;02.05.2025;5.29;3850159110573;Hrana
PILEÆI FILE OP;24656;Cekin;1.0000;kg;11.09;11.09;;10.99;02.05.2025;12.65;3850159110580;Hrana
PILEÆI BATAK OP;24658;Cekin;1.0000;kg;4.99;4.99;;4.79;02.05.2025;5.57;3850159110597;Hrana
PILEÆI KRILKO ;24667;Cekin;1.0000;kg;8.39;8.39;;;02.05.2025;7.96;3850159110702;Hrana
HRENOVKA PILEÆA VINDIJA 100 g;24689;Cekin;0.1000;kg;0.85;8.50;;;02.05.2025;0.85;3850159120015;Hrana
HRENOVKA PILEÆA  VINDIJA 300 g;24691;Cekin;0.3000;kg;1.99;6.63;;;02.05.2025;1.99;3850159120022;Hrana
NAREZAK SENDVIÈ SA SIROM 500 g;24698;Cekin;0.5000;kg;2.89;5.78;;;02.05.2025;2.59;3850159125072;Hrana
POSEBNA KOBASICA 500 g;24727;Cekin;0.5000;kg;1.99;3.98;;;02.05.2025;1.99;3850159125027;Hrana
POLIKO PREMIUM VINDIJA 500 g;24732;Cekin;0.5000;kg;2.89;5.78;;;02.05.2025;2.89;3850159125010;Hrana
HRENOVKA PILEÆA SA SIROM 100 g;24766;Cekin;0.1000;kg;0.85;8.50;;;02.05.2025;0.85;3850159120800;Hrana
DELKO SA PAPRIKOM VIN.500 g;24789;Cekin;0.5000;kg;2.65;5.30;;;02.05.2025;2.65;3850159125041;Hrana
NAREZAK DIMCEK CEKIN 250 g;24798;Cekin;0.2500;kg;3.49;13.96;;;02.05.2025;3.49;3850159122033;Hrana
PIL.PRSA U OVITKU VIN. 500 g;24807;Cekin;0.5000;kg;4.95;9.90;;;02.05.2025;4.95;3850159125034;Hrana
JAPANSKI OCAT BLUE DRAG.150 ml;24898;Blue Dragon;0.1500;l;;11.93;1.79;2.59;02.05.2025;2.59;5010338101749;Hrana
LEDENI ÈAJ STUDENA BRESK.0,5 L;24932;;0.5000;l;1.05;2.10;;;02.05.2025;1.05;3856022302045;Piæa
LEDENI ÈAJ STUDENA BRUSN.0,5 L;24936;;0.5000;l;1.05;2.10;;;02.05.2025;1.05;3856022302106;Piæa
LEDENI ÈAJ STUDE.BRES.1,5 L ;24937;;1.5000;l;1.65;1.10;;;02.05.2025;1.65;3856022302014;Piæa
LEDENI ÈAJ STUD.BRUSN.1,5 L ;24938;;1.5000;l;1.65;1.10;;;02.05.2025;1.65;3856022302076;Piæa
LED.ÈAJ STUDENA LIMUN 1,5 L ;24939;;1.5000;l;1.65;1.10;;;02.05.2025;1.65;3856022302137;Piæa
VODA STUDENA IZVORSKA 0,5 L ;24940;;0.5000;l;.77;1.54;;;02.05.2025;.77;3856022300188;Piæa
VODA STUDENA IZVORSKA 1,5 L;24941;;1.5000;l;.89;0.59;;;02.05.2025;.89;3856022300157;Piæa
VODA STUDENAC MINERAL.0,5 L ;24949;;0.5000;l;.76;1.52;;;02.05.2025;.76;3856022300911;Piæa
VODA STUDENAC MINERAL.1,5 L ;24950;;1.5000;l;.89;0.59;;;02.05.2025;.89;3856022300836;Piæa
DESERT KINDER MAXI KING 35 g;24954;Kinder;0.0350;kg;0.79;22.57;;;02.05.2025;0.79;4008400553023;Hrana
DES.KINDER MILCHSCHNITTE 28 g;24955;Ferrero;0.0280;kg;0.75;26.79;;;02.05.2025;0.75;40084794;Hrana
VRHNJE ZA KUH.DUKAT 200 g;24959;;0.2000;kg;1.49;7.45;;;02.05.2025;1.49;3850354001232;Hrana
DES. MLIJEÈNI KIND.PINGUI 30 g;24960;Ferrero;0.0300;kg;0.75;25.00;;;02.05.2025;0.75;4008400290126;Hrana
©unka u ovitku;24988;Danica;1.0000;kg;9.99;9.99;;7.99;02.05.2025;9.99;3850104038518;Hrana
VINO WOODBRID.ZINFANDEL 0,75 L;24999;;0.7500;l;13.59;18.12;;;02.05.2025;13.59;5010186016424;Piæa
VINO CAL.CAB.SAUV.RESER.0,75 L;25015;;0.7500;l;10.39;13.85;;;02.05.2025;9.82;7809636300750;Piæa
VINO AMANO PRIMITIVO  0,75L;25018;;0.7500;l;11.19;14.92;;;02.05.2025;9.85;8026705101103;Piæa
VINO ANT.SANTA CRISTINA 0,75 L;25027;;0.7500;l;11.29;15.05;;;02.05.2025;9.58;8001935361404;Piæa
PJEN.CORD.NEGRO BRUT 0,75 L ;25035;;0.7500;l;11.99;15.99;;;02.05.2025;11.99;8410036009090;Piæa
PJENU©AC CARTA NEV.0,75 L ;25037;;0.7500;l;9.99;13.32;;;02.05.2025;9.99;8410036002015;Piæa
PJENU©AC CORDON NEG.BRUT 1,5L;25043;;1.5000;l;20.02;13.35;;;02.05.2025;20.02;8410036009991;Piæa
VINO LUKAÈEVIÆ GRA©EVINA 0,75L;25050;;0.7500;l;6.49;8.65;;;02.05.2025;6.49;3859892543273;Piæa
VINO LUKAÈEV.PINOT SIVI 0,75 L;25051;;0.7500;l;6.49;8.65;;;02.05.2025;6.49;3859892543426;Piæa
©ampinjoni rfs;25102;;1.0000;kg;3.08;3.08;;;02.05.2025;3.08;3859889614252;Hrana
Pecivo hamburger 100 g;25249;Bäckerei SPAR;0.1000;kg;0.49;4.90;;;02.05.2025;0.49;1104;Hrana
KREMA NIVEA OSJ.KO®A 75 ml;25300;Nivea;0.0750;L;;109.20;8.19;10.99;02.05.2025;10.99;4005900626134;Kozmetika
VINO OSBOR.TAWNY PORT .0,75 L ;25306;;0.7500;l;14.39;19.19;;;02.05.2025;13.3;8410337173032;Piæa
SOK FRUTEK SOK&ÈAJ 125 ml;25312;Fructal;0.1250;l;.99;7.92;;;02.05.2025;.99;3838945502696;Piæa
SOK FRUTEK BAN.JABUKA 125 ml;25314;Fructal;0.1250;l;.99;7.92;;;02.05.2025;.99;3838945502726;Piæa
SOK FRUTEK JABUKA 125 ml;25315;Fructal;0.1250;l;.99;7.92;;;02.05.2025;.99;3838945502733;Piæa
SOK FRUTEK BRES.KRU©.125 ml;25316;Fructal;0.1250;l;.99;7.92;;;02.05.2025;.99;3838945502740;Piæa
ENE.PIÆE SU.FR.RED BULL 250 ml;25317;Red Bull;0.2500;l;1.69;6.76;;;02.05.2025;1.69;90162800;Piæa
ENER. PIÆE RED BULL 4x250 ml ;25318;Red Bull;1.0000;l;6.35;6.35;;;02.05.2025;6.35;9002490100490;Piæa
ENERG. PIÆE RED BULL 250 ml;25319;Red Bull;0.2500;l;1.69;6.76;;;02.05.2025;1.69;9002490100070;Piæa
SOK FRUTEK MRKVA JABUKA 125 ml;25326;Fructal;0.1250;l;.99;7.92;;;02.05.2025;.99;3838945502757;Piæa
KA©ICA FRUTEK BRES.RI®A 120 g;25334;Fructal;0.1200;kg;1.26;10.50;;;02.05.2025;1.26;3838945502955;Hrana
KA©ICA FRUTEK MAREL.KRU©.120 g;25335;Fructal;0.1200;kg;1.26;10.50;;;02.05.2025;1.26;3838945502979;Hrana
KA©ICA FRUTEK KRU©KA 120 g;25341;Fructal;0.1200;kg;1.26;10.50;;;02.05.2025;1.26;3838945504171;Hrana
KA©ICA FRUTEK BANANA 120 g;25342;Fructal;0.1200;kg;1.26;10.50;;;02.05.2025;1.26;3838945504188;Hrana
KA©ICA FRUTEK ®ITAR.JAB.120 g;25349;Fructal;0.1200;kg;1.26;10.50;;;02.05.2025;1.26;3838945504294;Hrana
KA©ICA FRUTEK MAREL.KRU©.190 g;25357;Fructal;0.1900;kg;1.75;9.21;;;02.05.2025;1.75;3838945503136;Hrana
KA©ICA FRUTEK VOÆE ®ITAR.190 g;25361;Fructal;0.1900;kg;1.75;9.21;;;02.05.2025;1.75;3838945503143;Hrana
KA©ICA FRUTEK BRE.GR.RI®.190 g;25371;Fructal;0.1900;kg;1.75;9.21;;;02.05.2025;1.75;3838945503174;Hrana
NEKTAR SPAR MULTIVIVTAMIN 1 L;25387;SPAR;1.0000;l;1.29;1.29;;;02.05.2025;1.29;9100000800110;Piæa
NEKTAR SPAR  NARANÈA 50% 1 L;25390;SPAR;1.0000;l;1.99;1.99;;;02.05.2025;1.99;9100000800073;Piæa
SOK SPAR 100% NARANÈA 1 L;25393;SPAR;1.0000;l;2.79;2.79;;;02.05.2025;2.79;9100000545431;Piæa
SOK SPAR 100% JABUKA 1 L;25394;SPAR;1.0000;l;1.75;1.75;;;02.05.2025;1.75;9100000838021;Piæa
MUSLI PL.FRUTABELA ©UMSKO 30 g;25446;Frutabela;0.0300;kg;0.79;26.33;;;02.05.2025;0.79;3838945501095;Hrana
MUSLI PL.FRUTABELA JAGODA 30 g;25449;Frutabela;0.0300;kg;0.79;26.33;;;02.05.2025;0.79;3838945501101;Hrana
MUSLI PL.FRUTABELA MARELI.30 g;25452;Frutabela;0.0300;kg;0.79;26.33;;;02.05.2025;0.79;3838945501118;Hrana
NAMAZ NUTELLA ÈOKOLADNI 1kg;25477;Nutella;1.0000;kg;10.19;10.19;;;02.05.2025;9.59;8000500082379;Hrana
INSTA.KUKUR.PALENTA SPAR 500 g;25478;SPAR;0.5000;kg;0.95;1.90;;;02.05.2025;0.95;3831115309699;Hrana
MESNI NAREZAK PODRAVKA 150 g;25479;Podravka;0.1500;kg;1.99;13.27;;;02.05.2025;1.99;3859890848196;Hrana
PA©TETA PODRAVKA KOKO©JA 135 g;25480;Podravka;0.1350;kg;1.62;12.00;;;02.05.2025;1.62;3850104020452;Hrana
ÈOKOLADA TOBLERONE 35 g;25488;Toblerone;0.0350;kg;1.29;36.86;;;02.05.2025;1.29;76145759;Hrana
ÈOK.TOBLERONE 100 g;25490;Toblerone;0.1000;kg;1.89;18.90;;1.89;02.05.2025;2.99;7614500010013;Hrana
PECIVO KVIKI GRIC SLANI 50 g;25496;Kviki;0.0500;kg;;14.20;0.71;0.89;02.05.2025;0.89;3850104007781;Hrana
PLOÈICE ®ITNE NESQUIK 25 g;25508;Nesquik;0.0250;kg;0.99;39.60;;;02.05.2025;0.89;8593893007437;Hrana
BOMBONI NESTLE SMARTIES 38 g;25509;Nestle;0.0380;kg;1.39;36.58;;;02.05.2025;1.39;7613034462961;Hrana
ÈOK. KIT KAT CHUNKY  40 g;25512;Kitekat;0.0400;kg;1.39;34.75;;;02.05.2025;1.39;3800020415627;Hrana
JUHA PODRAVKA GOVEÐA 60 g ;25541;;0.0600;kg;1.59;26.50;;;02.05.2025;1.59;3850104002410;Hrana
FEFERONI PODRAVKA LJUTI 630 g;25551;Podravka;0.3000;kg;3.34;11.13;;;02.05.2025;3.34;3850104011689;Hrana
FEFERONI PODRAVKA BLAGI 600 g;25556;Podravka;0.2700;kg;3.34;12.37;;;02.05.2025;3.34;3850104011641;Hrana
AJVAR PODRAVKA BLAGI 195 g;25572;Podravka;0.1950;kg;1.84;9.44;;;02.05.2025;1.84;3850104022517;Hrana
AJVAR PODRAVKA BLAGI 350 g;25575;Podravka;0.3500;kg;2.49;7.11;;;02.05.2025;2.49;3850104051029;Hrana
AJVAR PODRAVKA BLAGI 690 g;25578;Podravka;0.6900;kg;3.69;5.35;;;02.05.2025;3.69;3850104051012;Hrana
AJVAR PODRAVKA LJUTI 350 g;25580;Podravka;0.3500;kg;2.49;7.11;;;02.05.2025;2.49;3850104050565;Hrana
AJVAR PODRAVKA LJUTI 690 g;25582;Podravka;0.6900;kg;3.79;5.49;;;02.05.2025;3.79;3850104050572;Hrana
PIVO TUBORG GREEN LIM. 0,5 L;25615;Tuborg;0.5000;l;1.35;2.70;;;02.05.2025;1.35;3858887584116;Piæa
PIVO PAN BOCA P.A.  0,5 L;25629;Pan;0.5000;l;1.19;2.38;;;02.05.2025;1.19;3859888291416;Piæa
PIVO PAN LIMENKA  0,5 L;25631;Pan;0.5000;l;1.48;2.96;;;02.05.2025;1.48;3859888291461;Piæa
KUKURUZ SPAR 340 g;25646;SPAR;0.2850;kg;1.39;4.88;;;02.05.2025;1.39;9100000007298;Hrana
GRAH SPAR BIJELI 400 g;25661;SPAR;0.2400;kg;0.99;4.13;;;02.05.2025;0.99;9100000076553;Hrana
BOMB.GUM.SPAR MEDVJEDIÆI 200 g;25669;SPAR;0.2000;kg;1.19;5.95;;;02.05.2025;1.19;9100000985138;Hrana
BOMB.GUM.SPAR KIS.©TAPI. 200 g;25670;SPAR;0.2000;kg;1.19;5.95;;;02.05.2025;1.19;9100000693231;Hrana
PECIVO MIJE©. SLANO SPAR 250 g;25692;SPAR;0.2500;kg;1.89;7.56;;;02.05.2025;1.89;9100000081304;Hrana
©TAPIÆI SLANI SPAR 250 g;25693;SPAR;0.2500;kg;0.95;3.80;;;02.05.2025;0.95;9100000081250;Hrana
RAJÈ.MUTTI KONCEN.DVOSTR.200 g;25795;Mutti;0.2000;kg;2.99;14.95;;;02.05.2025;2.79;8005110120015;Hrana
RAJÈICA SJEC.SIT.MUTTI 3X400 g;25796;;1.2000;kg;5.39;4.49;;;02.05.2025;5.39;8005110170300;Hrana
PIVO KARLOVAÈ. CRNO P.A. 0,5 L;25918;Karlovacko;0.5000;l;1.19;2.38;;;02.05.2025;1.19;3850103001520;Piæa
KOKOS kom;25931;;1.0000;kom;1.59;1.59;;;02.05.2025;1.59;870;Hrana
RAJÈICA SJEC.SITN.MUTTI 4050 G;25948;;4.0500;kg;9.99;2.47;;;02.05.2025;9.99;8005110100000;Hrana
PIVO KARLOVAÈKO LIM. 0,5 L ;25954;Karlovacko;0.5000;l;1.48;2.96;;;02.05.2025;1.48;3850103002312;Piæa
PIVO KARLOVAÈKO LIM. 0,33 L;25955;Karlovacko;0.3300;l;1.13;3.42;;;02.05.2025;1.05;3850103902582;Piæa
ÈOK.DORINA KUHANJE KRA© 300 g;25968;Dorina;0.3000;kg;5.59;18.63;;;02.05.2025;5.59;3850102120697;Hrana
ÈOK.DORINA PUNCH 100 g;25971;Dorina;0.1000;kg;1.99;19.90;;;02.05.2025;1.99;3850102110711;Hrana
KAKAO PRAH KRA© 100 g;25973;Kra¹;0.1000;kg;2.49;24.90;;;02.05.2025;2.49;3850102110292;Piæa
UL.CAREFREE COTTON ALOE 20/1;26103;Carefree;20.0000;kom;2.05;0.10;;;02.05.2025;1.99;3574660224849;Toaletne potrep¹tine
POSL.ZA PSE FRISK.T BONZ 150 g;26133;Friskies;0.1500;kg;1.99;13.27;;;02.05.2025;1.99;4000487223332;Proizvodi za kuæanstvo
NJOKI KRUMPIR MAREX-GEL 500 g;26189;Marex;0.5000;kg;2.69;5.38;;;02.05.2025;2.69;3859888280120;Hrana
OCAT ALKOHOLNI PREHRANA 9% 1 L;26272;;1.0000;l;1.19;1.19;;;02.05.2025;1.19;3859891093007;Hrana
OCAT ALKOHOLNI PREHRANA 9% 3 L;26273;Prehrana;3.0000;l;3.19;1.06;;;02.05.2025;3.18;3859891093014;Hrana
OCAT JABUÈNI PREHRANA 1 L;26274;;1.0000;l;1.19;1.19;;;02.05.2025;1.19;3859891093106;Hrana
Kruh bijeli mali 350 g;26317;Eigenbedarf;0.3500;kg;0.51;1.46;;;02.05.2025;0.39;9218;Hrana
Pecivo bijelo okruglo 50 g;26417;Bäckerei SPAR;0.0500;kg;.19;3.80;;;02.05.2025;.19;1139;Hrana
Pecivo pletenica sezam 100 g;26440;Bäckerei SPAR;0.1000;kg;.8;8.00;;;02.05.2025;.8;1069;Hrana
Pecivo pletenica  100 g;26442;Bäckerei SPAR;0.1000;kg;0.66;6.60;;;02.05.2025;0.66;1062;Hrana
NJOKI KRUMPIR MAREX-GEL 1 kg;26450;Marex;1.0000;kg;4.99;4.99;;;02.05.2025;4.99;3859888280106;Hrana
VODA DONAT PVC 1 L ;26662;Donat;1.0000;l;2.19;2.19;;;02.05.2025;2.19;3838600024945;Piæa
VODA DONAT PVC 0,5 L;26663;Donat;0.5000;l;1.39;2.78;;;02.05.2025;1.39;3838600253345;Piæa
PIVO GUINNES LIMENKA 0,44 L ;26678;Guinness;0.4400;l;2.62;5.95;;;02.05.2025;2.62;5000213101872;Piæa
PIVO ERDINGER WEISS.B.0,5 L;26681;Erdinger;0.5000;l;2.18;4.36;;;02.05.2025;2.18;4002103248408;Piæa
PIVO ERDING.W.TAMNO B.0,5 L ;26682;Erdinger;0.5000;l;2.18;4.36;;;02.05.2025;2.18;4002103248422;Piæa
PIVO ERDINGER WEI.LIM.0,5 L;26683;Erdinger;0.5000;l;2.08;4.16;;;02.05.2025;2.08;4002103003014;Piæa
©unka kuh.u vl.soku;26693;Pik;1.0000;kg;15.99;15.99;;;02.05.2025;13.99;3850139350043;Hrana
ZUB.PASTA SIGNAL WHITEN.75 ml;26743;Signal;0.0750;L;3.59;47.87;;;02.05.2025;3.59;5900300804511;Kozmetika
ÈOK.MILKA MILKINIS 87,5 g;26744;Milka;0.0875;kg;2.49;28.46;;;02.05.2025;2.49;7622300108137;Hrana
INS.KAVA JACOBS MONARCH 100 g;26747;Jacobs;0.1000;kg;8.89;88.90;;;02.05.2025;7.69;8711000532843;Piæa
ULO©.LIBRESSE MAXI NORMAL 10/1;26767;Libresse;10.0000;kom;2.25;0.23;;;02.05.2025;1.79;7310790088137;Toaletne potrep¹tine
ULO©CI LIBRESSE CLIP 20/1;26769;Libresse;20.0000;kom;2.55;0.13;;;02.05.2025;1.99;7322541194998;Toaletne potrep¹tine
ULO©CI LIBRESSE CLIP 16/1;26770;Libresse;16.0000;kom;2.55;0.16;;;02.05.2025;1.99;7322541195056;Toaletne potrep¹tine
VINO PP ORAHOV.SIL.ZELEN.0,75L;26823;;0.7500;l;8.48;11.31;;;02.05.2025;8.48;3859888114050;Piæa
MASLAC Z BREGOV 250 g;26827;Vindija;0.2500;kg;2.99;11.96;;;02.05.2025;2.99;3850108060102;Hrana
JAGODA 500 g;26828;;0.5000;kg;2.19;4.38;;;02.05.2025;1.99;8406050025000;Hrana
KREKER CRICH INTEGRALNI  250 g;26831;Crich;0.2500;kg;2.52;10.08;;;02.05.2025;2.52;8008620009337;Hrana
NEKTAR  FRUCTAL JAGODA 1 L;26849;Fructal;1.0000;L;2.59;2.59;;;02.05.2025;2.59;3838945509022;Piæa
NEKTAR BRESKVA  FRUCTAL 1 L;26850;Fructal;1.0000;L;2.39;2.39;;;02.05.2025;2.39;3838945508988;Piæa
LIKER MATISS ÈOKOLADA 0,7 L;26853;;0.7000;L;12.02;17.17;;;02.05.2025;12.02;3838945670326;Piæa
RAKIJA PRIOR VILJAM. 0,7 L ;26855;;0.7000;L;31.32;44.74;;;02.05.2025;31.32;3838945669580;Piæa
SOK JABUKA MUTNI FRUCT.100% 1L;26857;Fructal;1.0000;L;2.39;2.39;;;02.05.2025;2.39;3838945509060;Piæa
Dinja honey ¾uta;26867;;1.0000;kg;2.59;2.59;;;02.05.2025;1.99;8436036720858;Hrana
Breskva rfs 22/24;26871;;1.0000;kg;3.99;3.99;;;02.05.2025;6.99;3858893251842;Hrana
Jabuka crveni deli¹es rfs;26876;;1.0000;kg;1.69;1.69;;;02.05.2025;1.69;3858893251897;Hrana
Marelica rfs;26877;;1.0000;kg;;1.99;1.99;2.99;02.05.2025;2.99;3858893251903;Hrana
Nektarina rfs;26878;;1.0000;kg;4.99;4.99;;;02.05.2025;5.99;3858893251910;Hrana
Paprika ¾uta rfs;26880;;1.0000;kg;2.99;2.99;;;02.05.2025;3.99;503;Hrana
Kupus kineski rfs;26894;;1.0000;kg;;1.19;1.19;1.79;02.05.2025;2.49;3858893251927;Hrana
Luk srebrenac;26895;;1.0000;kg;2.39;2.39;;;02.05.2025;1.99;3858885876800;Hrana
BOMBONI ©©©UM JABUKA 100 g;26915;Sumi;0.1000;kg;1.29;12.90;;;02.05.2025;1.29;3838700040432;Hrana
ÈOK.MANNER ZA KUHANJE 250 g;26964;Manner;0.2500;kg;4.39;17.56;;;02.05.2025;4.39;9000331602509;Hrana
KRU©NE MRVICE KLARA 500 g  ;26987;Klara;0.5000;kg;1.89;3.78;;;02.05.2025;1.89;3858881322011;Hrana
MLINCI KLARA S JAJ.250 g  ;26990;Klara;0.2500;kg;1.69;6.76;;;02.05.2025;1.69;3858881323025;Hrana
CAO-CAO KLARA 45 g;26992;Klara;0.0450;kg;0.85;18.89;;;02.05.2025;0.85;3858881324022;Hrana
TOAST KLARA 500 g;27012;Klara;0.5000;kg;2.15;4.30;;;02.05.2025;2.15;3858881320017;Hrana
SOJA PUDING ALPRO ÈOK.4X125 g;27050;Alpro;0.5000;kg;3.69;7.38;;;02.05.2025;3.69;54051157;Piæa
PIVO KARLOVAÈ. BOCA P.A. 0,5 L;27093;Karlovacko;0.5000;l;1.19;2.38;;;02.05.2025;1.19;3850103000820;Piæa
SLANINA MES.PEÈENA 1/4 VAC;27135;Gavrilovic;1.0000;kg;15.49;15.49;;;02.05.2025;15.49;3858892720004;Hrana
©unka u ovitku;27140;Gavrilovic;1.0000;kg;13.59;13.59;;;02.05.2025;13.59;3858890206685;Hrana
VODA RADENSKA CLASSIC 0.5 L;27309;Radenska;0.5000;l;.83;1.66;;;02.05.2025;.83;3830000620871;Piæa
VODA RADENSKA CLASS.PET 1.5 L;27310;Radenska;1.5000;l;.99;0.66;;;02.05.2025;.99;3830000620864;Piæa
VODA RADENSKA CLASSIC P.A. 1 L;27312;Radenska;1.0000;l;0.69;0.69;;;02.05.2025;0.69;3830000620970;Piæa
PIVO O®UJSKO BAÈVA 30L;27318;O¾ujsko;30.0000;l;79.99;2.67;;;02.05.2025;79.99;3850131000175;Piæa
Brancin 600-800 g;27336;;1.0000;kg;10.99;10.99;;;02.05.2025;10.99;3859891926565;Hrana
Brancin 800-1000 g;27337;;1.0000;kg;16.99;16.99;;;02.05.2025;16.99;3858893580126;Hrana
Orada 800-1000 g;27344;;1.0000;kg;15.99;15.99;;;02.05.2025;15.99;3859892725037;Hrana
KUPUS KISELI REZ. V® 500 g;27391;;0.4350;kg;0.99;2.28;;;02.05.2025;0.99;3859891093304;Hrana
REPA KIS.REZANA 500 g;27402;;0.4350;kg;1.79;4.11;;;02.05.2025;1.79;3859891093342;Hrana
Kupus kiseli gl. vara¾dinski;27405;;1.0000;kg;1.85;1.85;;;02.05.2025;1.85;3859891093649;Hrana
KAVA ESPRESSO MLJE.VAKUM.250 g;27472;Franck;0.2500;kg;7.79;31.16;;;02.05.2025;7.79;3858881080119;Piæa
KAVA FILTER FRANCK VAKUM.250 g;27473;Franck;0.2500;kg;7.79;31.16;;;02.05.2025;7.79;3858881080270;Piæa
KAVA FILTER FRANCK B.KOF.250 g;27474;Franck;0.2500;kg;7.79;31.16;;;02.05.2025;7.79;3858881080225;Piæa
KIKIRIKI SUHOP.FRANC.NUT.125 g;27479;Nutline;0.1250;kg;1.84;14.72;;;02.05.2025;1.69;3856021302251;Hrana
PIVO PITTINGER 4,2% LIM. 0.5 L;27648;Pittinger;0.5000;l;.85;1.70;;;02.05.2025;.82;9100000037752;Piæa
MAJONEZA THOMY TUBA 85 g;27666;Thomy;0.0850;kg;1.49;17.53;;;02.05.2025;1.49;7613287084620;Hrana
MAJONEZA THOMY TUBA 165 g;27667;Thomy;0.1650;kg;;12.06;1.99;2.49;02.05.2025;2.49;7613287084606;Hrana
Krastavac rfs;27669;;1.0000;kg;;0.69;0.69;0.99;02.05.2025;1.89;3858885876077;Hrana
ÈE©NJAK 250 g;27673;;0.2500;kg;1.29;5.16;;;02.05.2025;1.29;3859892668105;Hrana
JOGURT DRINK VOÆ.0,9%MM 150 g;27738;Vindija;0.1500;kg;0.55;3.67;;;02.05.2025;0.55;3850108037494;Hrana
Juneæa koljenica bez kosti;27739;;1.0000;kg;13.89;13.89;;;02.05.2025;13.89;3858891910024;Hrana
VINO LAGUNA MALVAZIJA 1 L;27747;;1.0000;l;7.32;7.32;;;02.05.2025;7.32;3858881190481;Piæa
VINO LAGUNA MALVAZIJA 0,75 L;27888;;0.7500;l;8.79;11.72;;;02.05.2025;8.79;3858881190443;Piæa
VINO LAGUNA CHARDONNAY 0,75 L;27891;;0.7500;l;7.69;10.25;;;02.05.2025;7.69;3858881190320;Piæa
VINO LAGUNA MERLOT.0,75 L;27896;;0.7500;l;6.39;8.52;;;02.05.2025;6.39;3858881190160;Piæa
VINO LAGUNA CABER.SAU.0,75 L ;27902;;0.7500;l;6.39;8.52;;;02.05.2025;6.39;3858881190597;Piæa
VINO LAGUNA CABERNET SAUV.1 L;27905;;1.0000;l;5.32;5.32;;;02.05.2025;5.32;3858881190825;Piæa
VINO MERLOT LAGUNA 1 L;27913;;1.0000;l;5.39;5.39;;;02.05.2025;5.39;3858881190818;Piæa
REFILL AIRWICK LAVANDA 250 ml;27940;Airwick;0.2500;L;6.69;26.76;;;02.05.2025;6.69;5999109542069;Sredstva za èi¹æenje
Sir trapist Zel.Doline;28039;;1.0000;kg;;6.99;6.99;9.99;02.05.2025;9.99;93831051011048;Hrana
Salpa Jadrandska HR;28233;;1.0000;kg;5.99;5.99;;;02.05.2025;5.99;93856024302343;Hrana
ROLL ON NEUTRO POWDER 50 ml;28274;Neutro Roberts;0.0500;L;3.45;69.00;;;02.05.2025;3.45;80619062;Kozmetika
DEO SPR.NEUTRO R.POWDER 150 ml;28279;Neutro Roberts;0.1500;L;3.45;23.00;;;02.05.2025;3.45;8002410002232;Kozmetika
BAZA GLADE MICROSP.MIX 10 ml;28281;Glade;1.0000;kom;6.19;6.19;;;02.05.2025;6.19;5000204076141;Sredstva za èi¹æenje
BOJA PALETTE  PNC 100 0-00;28383;Palette;1.0000;kom;;3.29;3.29;3.89;02.05.2025;3.89;3838824171166;Kozmetika
BOJA ZA KOSU PALETTE  PNC 219 ;28387;Palette;1.0000;kom;;3.29;3.29;3.89;02.05.2025;3.89;3838824171180;Kozmetika
BOJA PALETTE  PNC 300 8-0;28389;Palette;1.0000;kom;;3.29;3.29;3.89;02.05.2025;3.89;3838824171241;Kozmetika
BOJA ZA KOSU PALETTE  PNC 400 ;28391;Palette;1.0000;kom;;3.29;3.29;3.89;02.05.2025;3.89;3838824171289;Kozmetika
BOJA PALETTE  PNC 500 6-0;28402;Palette;1.0000;kom;;3.29;3.29;3.89;02.05.2025;3.89;3838824171326;Kozmetika
BOJA ZA KOSU PALETTE  PNC 600 ;28408;Palette;1.0000;kom;;3.29;3.29;3.89;02.05.2025;3.89;3838824171401;Kozmetika
BOJA ZA KOSU PALETTE  PNC 700 ;28410;Palette;1.0000;kom;;3.29;3.29;3.89;02.05.2025;3.89;3838824171449;Kozmetika
BOJA ZA KOSU PALETTE PNC 800 ;28414;Palette;1.0000;kom;;3.29;3.29;3.89;02.05.2025;3.89;3838824171524;Kozmetika
BOJA ZA KOSU PALETTE  PNC 900 ;28416;Palette;1.0000;kom;;3.29;3.29;3.89;02.05.2025;3.89;3838824171562;Kozmetika
BOJA ZA KOSU PALETTE  PNC 909 ;28417;Palette;1.0000;kom;;3.29;3.29;3.89;02.05.2025;3.89;3838824171586;Kozmetika
KOLAÈ PANNA COTTA DR.OETK.124g;28473;Dr. Oetker;0.1240;kg;2.49;20.08;;;02.05.2025;2.49;5997381372701;Hrana
KREMA UNIVERZALNA DOVE 75 ml;28484;Dove;0.0750;L;2.99;39.87;;;02.05.2025;2.99;8717163972717;Kozmetika
KREMA UNIVERZALNA DOVE 150 ml;28485;Dove;0.1500;L;3.69;24.60;;;02.05.2025;3.69;8717163476789;Kozmetika
SANITAR ORIGINAL 750 ml ;28518;Sanitar;0.7500;L;2.25;3.00;;;02.05.2025;2.25;3850111502620;Sredstva za èi¹æenje
TOAST KRUH PANCARRE 285 g;28622;Mulino;0.2850;kg;1.59;5.58;;;02.05.2025;1.59;8076809582452;Hrana
NJOKI SMRZNUTI KRUMPIROVI 1 kg;28646;Marex;1.0000;kg;3.79;3.79;;;02.05.2025;3.79;3858887470990;Hrana
UMAK OD SOJE KIKKOMAN 150 ml;28670;Kikkoman;0.1500;l;3.99;26.60;;;02.05.2025;3.99;8715035110205;Hrana
UMAK OD SOJE KIKKOMAN 250 ml;28672;Kikkoman;0.2500;l;5.99;23.96;;;02.05.2025;5.99;8715035110304;Hrana
GAZ.PIÆE.SCHW.TONIC WATER1.5 L;28716;Schweppes;1.5000;l;2.25;1.50;;;02.05.2025;2.25;5449000044679;Piæa
GAZIRANO PIÆE COCA COLA 2 L ;28718;Coca-Cola;2.0000;l;2.29;1.15;;;02.05.2025;2.29;5449000000286;Piæa
GAZIR. PIÆE COCA COLA 0,5 L;28830;Coca-Cola;0.5000;l;1.15;2.30;;;02.05.2025;1.15;54491472;Piæa
CAMPARI BITTER 0,7 L;28923;Campari;0.7000;l;20.79;29.70;;;02.05.2025;20.99;8000040001106;Piæa
GEL TU©.PALM.ABSOLUTE 250 ml;29014;Palmolive;0.2500;L;2.65;10.60;;;02.05.2025;2.65;8718951430334;Kozmetika
KAVA ESPR.EXTRA BEZ KOF.140 g;29036;Franck;0.1400;kg;9.99;71.36;;;02.05.2025;9.99;3858881082762;Piæa
Sir trapist Kolan Gligora;29061;Sirana Gligora;1.0000;kg;22.99;22.99;;;02.05.2025;22.99;3859891864065;Hrana
Sir ®igljen Gligora ;29062;;1.0000;kg;28.99;28.99;;;02.05.2025;28.99;3859891864058;Hrana
KRUMPIR 1,5 kg;29153;;1.5000;kg;1.99;1.33;;;02.05.2025;1.99;3859893984068;Hrana
Sku¹a ;29184;;1.0000;kg;7.99;7.99;;5.99;02.05.2025;5.99;93856024301346;Hrana
PUREÆA POSEBNA VINDON 500 g;29206;Vindon;0.5000;kg;;3.18;1.59;1.99;02.05.2025;1.99;3850159128332;Hrana
Pureæa ¹unka delux cca 1,8 kg;29207;Vindon;1.0000;kg;;14.99;14.99;19.99;02.05.2025;19.99;3850159659898;Hrana
PILEÆI FILETINO CLASSIC ;29208;Cekin;1.0000;kg;12.99;12.99;;;02.05.2025;11.89;3850159110795;Hrana
MLIJEKO KISELO 3,2% M.M. 400 g;29296;Vindija;0.4000;kg;1.29;3.23;;;02.05.2025;1.29;3850108031683;Hrana
KEFIR 3,5% M.M. Z BREGOV 400 g;29299;Vindija;0.4000;kg;1.29;3.23;;;02.05.2025;1.29;3850108030518;Hrana
KEFIR 0,9% M.M. Z BREGOV 200 g;29300;Vindija;0.2000;kg;0.75;3.75;;;02.05.2025;0.75;3850108030549;Hrana
KEFIR 0,9% M.M. Z BREGOV 400 g;29301;Vindija;0.4000;kg;1.29;3.23;;;02.05.2025;1.29;3850108030556;Hrana
MLIJEKO ACIDOF. Z BREGOV 400 g;29302;Vindija;0.4000;kg;1.29;3.23;;;02.05.2025;1.29;3850108032284;Hrana
RIBIZ CRVENI 125 g ;29331;;0.1250;kg;2.99;23.92;;;02.05.2025;3.99;8437006505253;Hrana
KUPINA 125 g;29333;;0.1250;kg;2.69;21.52;;;02.05.2025;3.39;8032140012577;Hrana
SLAD.TWICE ÈOKOLADA-VANILI.1 L;29336;Ledo;1.0000;L;3.19;3.19;;;02.05.2025;3.19;3850116712970;Hrana
SLADOL.TWICE VANIL.-JAGODA 1 L;29337;Ledo;1.0000;l;3.19;3.19;;;02.05.2025;3.19;3850116713045;Hrana
MLIJEKO KOZJE ´Z BREGOV 0,5 L;29342;Vindija;0.5000;L;1.59;3.18;;;02.05.2025;1.59;3850108026603;Hrana
Cipal balavac ;29536;;1.0000;kg;4.29;4.29;;;02.05.2025;4.29;3856024302623;Hrana
MAJONEZA ZVIJE.GASTRO 2 kg-XXL;29539;Zvijezda;2.0000;kg;7.96;3.98;;;02.05.2025;7.96;3858882212946;Hrana
Kozice pacifièke 40-60 kom/kg;29837;;1.0000;kg;12.99;12.99;;12.99;02.05.2025;12.99;93856024300745;Hrana
BAKE ROLLS SLANI 80 g;29982;7 Day's;0.0800;kg;0.56;7.00;;;02.05.2025;0.56;7622202015007;Hrana
LABELLO HYDRO CARE 4,8 g;30037;Labello;1.0000;kom;3.49;3.49;;;02.05.2025;3.49;9005800362991;Kozmetika
©kamp 30-40 kom/kg;30303;;1.0000;kg;;12.99;12.99;13.49;02.05.2025;13.49;93856024301469;Hrana
SOJA MEDALJONI NATURAL 100 g;30530;Encian;0.1000;kg;1.79;17.90;;;02.05.2025;1.79;3859891205004;Hrana
TP VIOLETA MIRISNI 2SL.8/1;30680;Violeta;8.0000;kom;2.35;0.29;;;02.05.2025;2.35;3870128000186;Toaletne potrep¹tine
PAPIR.MAR.VIOLETA BIJELE 10/1;30681;Violeta;10.0000;kom;1.89;0.19;;;02.05.2025;1.89;3870128000087;Toaletne potrep¹tine
PAPIR.MAR.VIOLETA KAMILICA10/1;30682;Violeta;10.0000;kom;1.89;0.19;;;02.05.2025;1.89;3870128000582;Toaletne potrep¹tine
PAPIR.MAR.VIOLETA MENTOL 10/1;30685;Violeta;10.0000;kom;1.89;0.19;;;02.05.2025;1.89;3870128000537;Toaletne potrep¹tine
KA©ICA HIPP IN.RI®A VOÆE 190 g;30922;Hipp;0.1900;kg;1.79;9.42;;;02.05.2025;1.79;9062300133520;Hrana
ÈOK.KINDER BUENO TRIPACK 129 g;30928;Ferrero;0.1290;kg;3.19;24.73;;;02.05.2025;3.19;4008400320328;Hrana
VINO JP CHENET MERLOT 0,75 L;30935;;0.7500;L;5.49;7.32;;;02.05.2025;5.49;3263286328993;Piæa
VINO PILATO PINOT BIJ.0,75 L;30937;;0.7500;L;13.78;18.37;;;02.05.2025;13.78;3859889192026;Piæa
VINO PILATO MALVAZIJA  0,75 L;30940;;0.7500;l;11.28;15.04;;;02.05.2025;11.28;3859889192019;Piæa
VINO CUVEE SAN STEFANO 0,75 L;30941;;0.7500;l;16.89;22.52;;;02.05.2025;16.89;3858891982304;Piæa
VINO MALVA. ZIGANTE TAR.0,75 L;30942;;0.7500;l;16.49;21.99;;;02.05.2025;16.49;3858891983516;Piæa
VINO ZL.PLAV.GRAND SEL.0,75 L;30943;;0.7500;l;25.91;34.55;;;02.05.2025;25.91;3859888437722;Piæa
NEKTAR VINDI KA©. BRESKVA 1 L;30981;;1.0000;l;1.79;1.79;;;02.05.2025;1.79;3850108079524;Piæa
ISO SPORT LIMUN-GREJP  1,5 L;30985;Iso Sport;1.5000;L;2.52;1.68;;;02.05.2025;2.52;3850108071726;Piæa
OSVJ. PIÆE COCKT.MAND.NARA.1 L;30986;;1.0000;l;1.35;1.35;;;02.05.2025;1.35;3850108076004;Piæa
OSVJ.PIÆE COCKTAIL NAR.JAB.1 L;30987;;1.0000;l;1.35;1.35;;;02.05.2025;1.35;3850108077001;Piæa
OSV. PIÆE VINDI ACE  1 L;30988;;1.0000;l;;1.19;1.19;1.35;02.05.2025;1.35;3850108071290;Piæa
VOÆ.NEKTAR KA©AST.MARELICA 1 L;30993;;1.0000;l;1.99;1.99;;;02.05.2025;1.99;3850108079029;Piæa
GEL ZA KOSU AFROD.ULJNI 150 ml;31075;Afrodita;0.1500;L;4.49;29.93;;;02.05.2025;4.49;3830001293746;Kozmetika
TOR. SPAR ÈIPS CHILLI 200 g;31145;SPAR;0.2000;kg;1.29;6.45;;;02.05.2025;1.29;8710671004734;Hrana
TORTILLA ÈIPS SPAR ORIGI.200 g;31146;SPAR;0.2000;kg;1.29;6.45;;;02.05.2025;1.29;8710671005984;Hrana
RUM BACARDI CARTA BLANCA 0,70L;31149;Bacardi;0.7000;l;18.49;26.41;;;02.05.2025;18.02;5010677013147;Piæa
KEKS JAFFA NARANÈA KRA© 125 g;31151;Kra¹;0.1250;kg;1.39;11.12;;;02.05.2025;1.39;3850102922703;Hrana
PIVO BECKS 0,5 L P.A.;31181;Becks;0.5000;l;1.35;2.70;;;02.05.2025;1.35;3850131290019;Piæa
TORTILLE SPAR P©ENIÈ.8/1 320 g;31320;SPAR;0.3200;kg;1.79;5.59;;;02.05.2025;1.79;8710671005359;Hrana
NAPITAK MONTE ZOTT 200 ml ;31474;Zott;0.2000;L;0.89;4.45;;;02.05.2025;0.89;4014500026510;Piæa
NAMAZ MLIJEÈ.DUKATELA 150 g;31488;;0.1500;kg;1.69;11.27;;;02.05.2025;1.69;3850354014997;Hrana
NAMAZ MLIJEÈNI S POVRÆEM 150 g;31489;Dukat;0.1500;kg;1.79;11.93;;;02.05.2025;1.79;3850354015017;Hrana
ÈOK.RITTER SP.MARCIPAN 100 g;31697;Ritter Sport;0.1000;kg;1.79;17.90;;;02.05.2025;1.79;4000417025005;Hrana
©ipak rfs;31718;;1.0000;kg;5.99;5.99;;;02.05.2025;2.49;3858893252085;Hrana
POSL.ZA PSE PEDIG.ROD.70 g;31772;Pedigree;0.0700;kg;1.29;18.43;;;02.05.2025;1.29;4008429090110;Proizvodi za kuæanstvo
DENTASTIX PEDIGREE 110 g;31773;Pedigree;0.1100;kg;2.19;19.91;;;02.05.2025;1.76;5010394984577;Proizvodi za kuæanstvo
DENTASTIX PEDIGREE180 g;31774;Pedigree;0.1800;kg;2.99;16.61;;;02.05.2025;2.39;5010394984584;Proizvodi za kuæanstvo
POSL.ZA PSE PEDIG.MARK.150 g;31775;Pedigree;0.1500;kg;1.79;11.93;;;02.05.2025;1.79;9003579302552;Proizvodi za kuæanstvo
MAÈJA HR.WHISKAS TUNA PO.300 g;31804;Whiskas;0.3000;kg;2.39;7.97;;;02.05.2025;2.39;5900951014093;Proizvodi za kuæanstvo
©AMP.SCHAUMA 7 LJEK.TRA.400 ml;31824;Schauma;0.4000;L;2.99;7.48;;2.79;02.05.2025;2.79;3838824086750;Kozmetika
©AMP.SCHAUMA MU©KI 400 ml;31826;Schauma;0.4000;L;2.99;7.48;;2.79;02.05.2025;2.79;3838824086675;Kozmetika
©AM.SCHAUMA CO.MULTI SH.400 ml;31827;Schauma;0.4000;L;2.99;7.48;;2.79;02.05.2025;2.79;3838824086736;Kozmetika
ZUB.PASTA SIGNAL FAMILY 75 ml;31905;Signal;0.0750;L;2.69;35.87;;;02.05.2025;2.69;5900300856794;Kozmetika
GAZIRANO PIÆE COCA-COLA 1 L ;32362;Coca-Cola;1.0000;l;1.48;1.48;;;02.05.2025;1.48;5449000054227;Piæa
GAZ.PIÆE SCHW.BITTER LEM.1,5 L;32398;Schweppes;1.5000;l;2.25;1.50;;;02.05.2025;2.25;5449000044709;Piæa
GAZ.PIÆE SCHWE.TANGERINA 1.5 L;32399;Schweppes;1.5000;l;2.25;1.50;;;02.05.2025;2.25;5449000044730;Piæa
LIKER CAROLANS 0,7 L ;32496;;0.7000;L;17.92;25.60;;;02.05.2025;17.92;5011026105223;Piæa
Ugor 3-5 kg;32620;;1.0000;kg;7.49;7.49;;;02.05.2025;7.49;;Hrana
ODST.MRLJA OMINO BIANCO 500 ml;32815;Omino Bianco;0.5000;L;2.39;4.78;;;02.05.2025;2.39;8004060021083;Sredstva za èi¹æenje
SIRNI NAMAZ ABC ©UNKA 100 g;32871;Belje;0.1000;kg;1.39;13.90;;;02.05.2025;1.39;3859888858282;Hrana
SIRNI NAM.ABC S VLASCEM 100 g;32876;Belje;0.1000;kg;1.39;13.90;;;02.05.2025;1.39;3859888858312;Hrana
ULJE OMEGOL ZVIJEZDA 1 L ;32877;Zvijezda;1.0000;L;1.99;1.99;;;02.05.2025;1.99;3858882213011;Hrana
PAPRIKA FEFERON 200 g;32924;;0.2000;kg;1.49;7.45;;;02.05.2025;1.49;3859893818165;Hrana
®ELATINA FIX DR.OETKER INS.20g;33070;Dr. Oetker;0.0200;kg;1.19;59.50;;;02.05.2025;1.19;5997381336437;Hrana
ÈOK.KINDER SCHOKOBONSI 200 g;33427;Ferrero;0.2000;kg;;20.75;4.15;5.19;02.05.2025;5.19;5413548283128;Hrana
NEKTAR JABUKA 50% SPAR 1 L;33431;SPAR;1.0000;l;1.35;1.35;;;02.05.2025;1.35;9100000802503;Piæa
Kolaè torta lje¹nj.1,1 kg;33442;;1.1000;kg;12.19;11.08;;;02.05.2025;12.19;3859890208600;Hrana
CRNI BAKALAR FILET LEDO 600 g;33528;Ledo;0.6000;kg;10.99;18.32;;;02.05.2025;10.99;3850116785134;Hrana
BOMBONIJERA MOZART 132 g;33561;Mozart;0.1320;kg;3.15;23.86;;;02.05.2025;3.15;9001508084968;Hrana
BOMBONIJERA MOZART 297 g;33562;Mozart;0.2970;kg;4.89;16.46;;;02.05.2025;4.89;9001508084920;Hrana
PJENU©AC ROBBY BUB.JAGO.0,75 L;33809;Robby Bubble;0.7500;l;3.88;5.17;;;02.05.2025;3.88;8595004610123;Piæa
PJENU©AC ROBBY BUB.BRES.0,75 L;33813;Robby Bubble;0.7500;l;3.88;5.17;;;02.05.2025;3.88;8595004610130;Piæa
BRA©NO INTEGRALNO FARINA 1 kg;34030;;1.0000;kg;1.12;1.12;;;02.05.2025;1.12;3859890160618;Hrana
BRA©NO CRNO T-1600 FARINA 1kg;34032;;1.0000;kg;1.12;1.12;;;02.05.2025;1.12;3859890160410;Hrana
BOMBONI  WERTERS 90 g;34097;Werthers Original;0.0900;kg;1.25;13.89;;;02.05.2025;1.25;4014400908527;Hrana
Svinjska glava HR;34107;;1.0000;kg;1.99;1.99;;;02.05.2025;1.99;3850139440683;Hrana
ROCHER  FERRERO T30X3 375 g;34181;Ferrero;0.3750;kg;11.59;30.91;;;02.05.2025;11.59;8000500032237;Hrana
KINDER SCHOKO BONS T16 125 g;34182;Ferrero;0.1250;kg;;20.72;2.59;3.29;02.05.2025;3.29;5413548280189;Hrana
TUNA PA©TETA ARGETA 95 g;34213;Argeta;0.0950;kg;;17.79;1.69;1.99;02.05.2025;1.99;3838975567061;Hrana
Jabuka Pink Cripps rfs;34490;;1.0000;kg;1.69;1.69;;;02.05.2025;1.59;360;Hrana
BOMBONI COLORADO MIX 400 g;34543;Colorado;0.4000;kg;3.84;9.60;;;02.05.2025;3.84;5310002410321;Hrana
Pecivo mali slanci 80 g;34626;Bäckerei SPAR;0.0800;kg;0.59;7.38;;;02.05.2025;0.59;1102;Hrana
HRENOVKE WUDY SA SIROM 150 g;34667;Wudy;0.1500;kg;1.12;7.47;;;02.05.2025;1.12;8008110002107;Hrana
HRENOVKE WUDY AIA MINI 100 g;34669;Wudy;0.1000;kg;0.55;5.50;;;02.05.2025;0.49;8008110002015;Hrana
PANIRANI CORDON BLEU 245 g;34675;AiA;0.2450;kg;2.29;9.35;;;02.05.2025;2.29;8008110258740;Hrana
Teleæa jetra;34782;;1.0000;kg;9.99;9.99;;;02.05.2025;9.99;3859892958749;Hrana
KREMA BLEND-A-D.NEUT.UÈV.40 ml;34788;Blend a dent;1.0000;kom;4.49;4.49;;;02.05.2025;4.49;8001841900575;Kozmetika
SPU®VA GLITZI PLUS 2+1;34800;;3.0000;kom;2.19;0.73;;;02.05.2025;2.19;4003790001444;Proizvodi za kuæanstvo
SCHWEPPES BITER LEMON 0.5 L;35237;Schweppes;0.5000;l;1.35;2.70;;;02.05.2025;1.35;54490130;Piæa
TOAL.PAP.LOVELY ®UTI 10/1 ;35656;Lovely;10.0000;kom;2.99;0.30;;;02.05.2025;2.99;9100000161051;Toaletne potrep¹tine
RI®IN SNACK SPAR MOR.SOL 100 g;35913;SPAR;0.1000;kg;1.19;11.90;;;02.05.2025;1.19;8710671205476;Hrana
KREMA MELEM ZAGREBAÈKI 35 ml;36030;Melem;1.0000;kom;5.79;5.79;;;02.05.2025;5.79;3856007901409;Kozmetika
KREMA MELEM ZAGREBAÈKI 10 ml;36031;Melem;1.0000;kom;3.05;3.05;;;02.05.2025;3.05;3856007901416;Kozmetika
GEL GROG ÈISTAÈ ODVODA 1 L ;36047;Grog;1.0000;L;4.39;4.39;;;02.05.2025;4.39;3850145113007;Sredstva za èi¹æenje
IZBJELJIVAÈ DOMUS 1 L;36051;Domus;1.0000;L;2.32;2.32;;;02.05.2025;2.32;3859890392484;Sredstva za èi¹æenje
HRENOVKA FRANKFURT 100 g;36222;Wudy;0.1000;kg;0.49;4.90;;;02.05.2025;0.49;8008110003005;Hrana
DEO ROLL ON FA PINK PASS.50 ml;36309;Fa;0.0500;L;3.20;64.00;;;02.05.2025;3.20;9000100326193;Kozmetika
RI®A SPAR DUGO ZRNO 1 kg;36567;SPAR;1.0000;kg;2.19;2.19;;;02.05.2025;2.19;9100000862989;Hrana
RI®A SPAR DUGO ZRNO 4X125 g;36570;SPAR;0.5000;kg;1.39;2.78;;;02.05.2025;1.39;9100000863023;Hrana
CORNFLAKES SPAR 500 g;36571;SPAR;0.5000;kg;2.19;4.38;;;02.05.2025;2.19;9100000041100;Hrana
®IT.SPAR P©EN.ÈOKOLADA 500 g;36573;SPAR;0.5000;kg;3.49;6.98;;;02.05.2025;3.49;9100000783482;Hrana
TUNA SPAR MASLIN.ULJE 3X80 g;36578;SPAR;0.1560;kg;4.59;29.42;;;02.05.2025;4.59;3831115309026;Hrana
TUNA SPAR BILJNO ULJE 3X80 g;36579;SPAR;0.1560;kg;3.59;23.01;;;02.05.2025;3.59;3831115309019;Hrana
TUNA SPAR BILJNO ULJE 160 g;36581;SPAR;0.1040;kg;2.29;22.02;;;02.05.2025;2.29;3831115324623;Hrana
KUPKA PALMOLIVE MASLINA 500 ml;36625;Palmolive;0.5000;L;4.49;8.98;;;02.05.2025;4.49;8714789733166;Kozmetika
GEL TU©.PALMOLIVE OLIVE 250 ml;36626;Palmolive;0.2500;L;2.65;10.60;;;02.05.2025;2.65;5996175230975;Kozmetika
TEK.SAP.PALMOLIVE MASLI.300 ml;36627;Palmolive;0.3000;L;2.89;9.63;;;02.05.2025;2.89;8693495017633;Kozmetika
JOGURT 3.2% MU 1 kg;36733;Ljubljanske Mlekarne;1.0000;kg;2.45;2.45;;;02.05.2025;2.45;3838800039220;Hrana
KRUH WASA FIBRE 230 g;36761;Wasa;0.2300;kg;2.89;12.57;;;02.05.2025;2.89;7300400117852;Hrana
UM.SPAR SALSA GUACAMOLE 300 g;36774;SPAR;0.3000;kg;2.99;9.97;;;02.05.2025;2.99;8710671010230;Hrana
UMAK SPAR SALSA SIR 300 g;36775;SPAR;0.3000;kg;2.49;8.30;;;02.05.2025;2.49;8710671202734;Hrana
UMAK SPAR SALSA LJUTI 315 g;36776;SPAR;0.3150;kg;2.49;7.90;;;02.05.2025;2.49;8710671005335;Hrana
UMAK SPAR SALSA SRE.LJUT 315 g;36777;SPAR;0.3150;kg;2.49;7.90;;;02.05.2025;2.49;8710671005342;Hrana
Dimcek maxi ;36872;Cekin;1.0000;kg;11.99;11.99;;;02.05.2025;11.99;3850159121821;Hrana
MLIJEKO UHT 3,5% Z BREGOV 1 L;37189;Vindija;1.0000;L;1.69;1.69;;;02.05.2025;1.69;3850108020762;Hrana
SIR KREM ABC 70%MM 200 g ;37287;Belje;0.2000;kg;2.39;11.95;;;02.05.2025;2.39;3859888858336;Hrana
VODA JANA JAG-GUAVA 0,5 L;37300;Jana;0.5000;l;1.12;2.24;;;02.05.2025;1.12;3858884600956;Piæa
VODA JANA JAGODA-GUAVA 1,5 L ;37302;Jana;1.5000;l;1.59;1.06;;;02.05.2025;1.59;3858884600871;Piæa
VODA JANA LIMUN- LIMETA 1,5 L ;37303;Jana;1.5000;l;1.59;1.06;;;02.05.2025;1.59;3858884600819;Piæa
VODA JANA LIMUN-LIMETA 0,5 LRÈ;37304;Jana;0.5000;l;1.12;2.24;;;02.05.2025;1.12;3858884600932;Piæa
PILE GAVELINO ;37364;Cekin;1.0000;kg;5.49;5.49;;;02.05.2025;5.49;3850159113154;Hrana
REF.BAT.AIRWICK WHITE 250 ml;37369;Airwick;0.2500;L;6.69;26.76;;;02.05.2025;6.69;5999109542038;Sredstva za èi¹æenje
Hobotnica svje¾a ;37404;;1.0000;kg;17.99;17.99;;;02.05.2025;17.99;93856024302503;Hrana
SALVETE USKRSNE 33X33 CM,20/1;37570;;20.0000;kom;1.99;0.10;;;02.05.2025;1.99;3838952008426;Proizvodi za kuæanstvo
HRENOVKE BEZ OVITKA VP 250 g;37656;Pik;0.2500;kg;2.69;10.76;;;02.05.2025;2.69;3850139310825;Hrana
RAJÈICA SJECKANA PODRAV.390 g;37938;Podravka;0.3900;kg;1.79;4.59;;;02.05.2025;1.79;3850104220616;Hrana
RAJÈ.SJECK.PODRAV.BOSILJ.390 g;37940;Podravka;0.3900;kg;2.39;6.13;;;02.05.2025;2.38;3850104221026;Hrana
VAFEL LOACKER FONDENTE 150 g;37964;Loacker;0.1500;kg;2.19;14.60;;;02.05.2025;2.19;8000380141548;Hrana
BOM.GUMENI HARIBO JAGODA 100 g;38231;Haribo;0.1000;kg;1.59;15.90;;;02.05.2025;1.59;9002975405157;Hrana
SOK SCHWEPPES TANGERINA 0,5 L;38240;Schweppes;0.5000;l;1.35;2.70;;;02.05.2025;1.35;87126068;Piæa
VINO TRAMINAC I.PODR.0,75 L;38251;;0.7500;l;8.05;10.73;;;02.05.2025;8.05;3859889556538;Piæa
VINO GRA©EV.ILOÈKI PODR.0,75 L;38252;;0.7500;l;7.05;9.40;;;02.05.2025;7.05;3859889556453;Piæa
VINO CHARDONNAY ILOK 0,75 L;38255;;0.7500;L;7.05;9.40;;;02.05.2025;7.05;3859889556552;Piæa
VINO GRA©EVINA ILOÈKI P.1 L;38257;;1.0000;L;6.55;6.55;;;02.05.2025;6.55;3859889556460;Piæa
VINO VRH.TRAMINAC I.P.0,75 L;38263;;0.7500;l;13.05;17.40;;;02.05.2025;13.05;3859889556774;Piæa
VINO VRH.GRA©EVINA I.P.0,75 L;38267;;0.7500;l;12.05;16.07;;;02.05.2025;12.05;3859889556781;Piæa
VINO VRH.CHARDONNAY I.P.0,75L;38270;;0.7500;l;12.05;16.07;;;02.05.2025;12.05;3859889556798;Piæa
ÈOK.KINDER SUPRISE MAXI 150g;38292;Ferrero;0.1500;kg;;26.60;3.99;8.99;02.05.2025;8.99;8000500020012;Hrana
TRAKE ZA DEPIL.LICA ÈUPKO 16/1;38298;Cupko;16.0000;kom;3.58;0.22;;;02.05.2025;3.58;3859888495159;Kozmetika
SLADOLED QUATTRO JOY 1650 ml;38458;Ledo;1.6500;L;7.49;4.54;;;02.05.2025;7.49;3850116036113;Hrana
SLAD.QUATTRO HAPPINESS 1650 ml;38459;Ledo;1.6500;l;7.49;4.54;;;02.05.2025;7.49;3850116036083;Hrana
UMAK PODRAVKA SALSA 410 g;38497;Podravka;0.4100;kg;3.19;7.78;;;02.05.2025;3.19;3850104222351;Hrana
UMAK PODRAV.RAJÈICA ©AMP.410 g;38502;Podravka;0.4100;kg;3.19;7.78;;;02.05.2025;3.19;3850104222344;Hrana
VINO BELJE GRA©EVINA 3 L;38507;;3.0000;l;14.99;5.00;;;02.05.2025;14.99;3850257019457;Piæa
VINO BELJE GRA©EVINA 1 L;38508;;1.0000;l;6.55;6.55;;;02.05.2025;6.55;3850257019440;Piæa
VRHNJE KISELO DUKAT 12% 400 g;38533;Dukat;0.4000;kg;1.89;4.73;;;02.05.2025;1.89;3850354000471;Hrana
ULJE MASL.DJEVIÈ.POSTIRA 1 L;38550;;1.0000;L;25.99;25.99;;;02.05.2025;25.99;3859888116016;Hrana
DEO SPR.NIVEA PEARL BEA.150 ml;38577;Nivea;0.1500;L;4.99;33.27;;;02.05.2025;4.99;4005808734528;Kozmetika
VRHNJE ZA ©LAG DUKAT 500 g;38652;Dukat;0.5000;kg;3.99;7.98;;;02.05.2025;3.99;3850354001348;Hrana
JOG.ACTIMEL VOÆ.MIX  4X100 g;38686;Danone;0.4000;kg;2.49;6.23;;;02.05.2025;2.49;5997536112558;Hrana
VINO VITAÈ TIKVE© 1 L;38965;Tikves;1.0000;L;4.49;4.49;;;02.05.2025;4.49;5310008006047;Piæa
LUK MLADI - VEZICA;38994;;1.0000;kom;0.89;0.89;;;02.05.2025;0.89;3858893252184;Hrana
GEL ZA TU©.FELCE A. 250+150 ml;39326;Felce Azzurra;0.2500;L;2.85;11.40;;;02.05.2025;2.85;8001280013973;Kozmetika
Kupus mladi rfs;39559;Eigenbedarf;1.0000;kg;0.79;0.79;;;02.05.2025;1.59;3858893252207;Hrana
UMAK CHOW MEIN STRI-FRY 120 g;39862;Blue Dragon;0.1200;kg;;12.42;1.49;2.19;02.05.2025;2.19;5010338200060;Hrana
UM.ORIGINAL SWET.CHILI 190 ml;39877;Blue Dragon;0.1900;l;;14.16;2.69;3.99;02.05.2025;3.99;5010338404017;Hrana
ZAÈ.MJ.LA FIESTA TACO MIX 35 g;39933;Casa Fiesta;0.0350;kg;1.39;39.71;;;02.05.2025;1.32;5412514935191;Hrana
ZAÈ.MJ.LA FIES.FAJITA MIX 40 g;39935;Casa Fiesta;0.0400;kg;1.39;34.75;;;02.05.2025;1.32;5412514935184;Hrana
POLI SA SIROM 500 g PERUTNINA;39975;Poli;0.5000;kg;4.29;8.58;;;02.05.2025;4.29;3838977011494;Hrana
VAFEL ROL. SA ÈOKOLADOM 125 g;40115;SPAR;0.1250;kg;1.99;15.92;;;02.05.2025;1.69;8710671008725;Hrana
SRED.SOMAT TEKUÆINA 750 ml;40120;Somat;0.7500;l;3.99;5.32;;;02.05.2025;3.99;9000100344098;Sredstva za èi¹æenje
SRE.AJAX STAKLO CRYS.C.750 ml;40213;Ajax;0.7500;L;1.99;2.65;;;02.05.2025;1.99;8718951048522;Sredstva za èi¹æenje
KOLAÈ BROWNIES DR.OETKER 436 g;40220;Dr. Oetker;0.4360;kg;3.99;9.15;;;02.05.2025;3.99;5997381371353;Hrana
KOLAÈ MUFFINS DR.OETKER 380 g;40221;Dr. Oetker;0.3800;kg;3.99;10.50;;;02.05.2025;3.99;5997381372152;Hrana
KOL.MUFFINS ÈOKO.DR.OETK.345 g;40222;Dr. Oetker;0.3450;kg;3.99;11.57;;;02.05.2025;3.99;5997381372169;Hrana
MILERAM BRZO&FINO DUKAT 400 g;40341;Dukat;0.4000;kg;2.29;5.73;;;02.05.2025;2.29;3850354009900;Hrana
PESTO BARILLA ROSSO 200 g;40494;Barilla;0.2000;kg;4.99;24.95;;;02.05.2025;4.99;8076809523547;Hrana
TEK.SAPUN DOVE CREAM 500 ml;40520;Dove;0.5000;L;3.99;7.98;;;02.05.2025;3.99;4000388179004;Kozmetika
TEKUÆI SAPUN DOVE SILK 500 ml;40521;Dove;0.5000;L;3.99;7.98;;;02.05.2025;3.99;8717163573792;Kozmetika
Inæun II;40599;;1.0000;kg;3.99;3.99;;;02.05.2025;3.99;93856024300530;Hrana
GAZ.PIÆE SPAR COLA 0,33 L;40644;SPAR;0.3300;l;.85;2.58;;;02.05.2025;.82;9100000044118;Piæa
GAZ.PIÆE SPAR LEMON 0,33 L;40645;SPAR;0.3300;l;.82;2.48;;;02.05.2025;.82;9100000117607;Piæa
GAZ.PIÆE SPAR ORANGE 0,33 L;40646;SPAR;0.3300;l;.82;2.48;;;02.05.2025;.82;9100000117508;Piæa
CROISSANT CHIPICAO MIDI 60 g;40676;7 Day's;0.0600;kg;0.91;15.17;;;02.05.2025;0.91;7622202043390;Hrana
Pecivo ¹lapica kukuruzna 200 g;40679;Bäckerei SPAR;0.2000;kg;.8;4.00;;;02.05.2025;.8;1103;Hrana
ÈOK.KINDER HAPPY HIPPO 103,5 g;40698;Ferrero;0.1040;kg;2.79;26.83;;;02.05.2025;2.79;8000500023624;Hrana
Kruh kukuruzni mije¹ani 450 g;40701;Bäckerei SPAR;0.4500;kg;1.47;3.27;;;02.05.2025;1.47;;Hrana
VINO ERDUTSKA GRA©.0,75 L ;40709;;0.7500;l;6.99;9.32;;;02.05.2025;6.99;3859889193078;Piæa
Kruh tamni 450 g;40712;Bäckerei SPAR;0.4500;kg;1.53;3.40;;;02.05.2025;1.09;;Hrana
VINO ERDUT RAJN.RIZLING 0,75 L;40713;;0.7500;l;6.99;9.32;;;02.05.2025;6.99;3859889193061;Piæa
VINO ERDUT CHARDONNAY 0,75 L;40715;;0.7500;l;6.99;9.32;;;02.05.2025;6.99;3859889193030;Piæa
VINO ERDUT ZWEIGELT 0,75 L;40722;;0.7500;l;6.99;9.32;;;02.05.2025;6.99;3859889193023;Piæa
ZU.PASTA SIGNAL AQUAMINT 75 ml;40836;Signal;0.0750;L;3.29;43.87;;;02.05.2025;3.29;8717163093481;Kozmetika
GRISINI S EK.DJEVIÈ.ULJEM 230g;40887;;0.2300;kg;3.59;15.61;;;02.05.2025;3.59;8076809527569;Hrana
INST.KAVA JAC.ICE COFFEE 18 g;40969;Jacobs;0.0180;kg;0.45;25.00;;;02.05.2025;0.45;8711000530337;Piæa
INST.KAVA JACOBS MONARCH 200 g;40971;Jacobs;0.2000;kg;14.99;74.95;;;02.05.2025;12.99;8711000513880;Piæa
DEO ROLL ON NIVEA PEAR B.50 ml;41232;Nivea;0.0500;L;4.99;99.80;;;02.05.2025;4.99;42242147;Kozmetika
ULO©C.LIBR.CLASSIC NORMAL 20/1;41278;Libresse;20.0000;kom;1.49;0.07;;;02.05.2025;1.19;7322540063547;Toaletne potrep¹tine
DEO SPRAY DOVE INVISIBL.150 ml;41280;Dove;0.1500;L;5.20;34.67;;;02.05.2025;5.20;8720181291623;Kozmetika
DEO STICK DOVE INVISIBLE 40 ml;41282;Dove;1.0000;kom;5.20;5.20;;;02.05.2025;5.20;50287062;Kozmetika
PESTO STAR.GENOVESE 190 g;41385;Star;0.1900;kg;2.99;15.74;;;02.05.2025;2.99;80024101;Hrana
KREKER SLANI GRAN PAVESI 250 g;41526;Barilla;0.2500;kg;3.09;12.36;;;02.05.2025;3.09;8013355998542;Hrana
VINO DU.PODR.CAB.SAU.0,75 L;41653;;0.7500;l;5.6;7.47;;;02.05.2025;5.6;3859890164036;Piæa
VINO MERLOT DUBR.POD. 0,75 L;41656;;0.7500;l;6.52;8.69;;;02.05.2025;6.52;3859890164050;Piæa
SOK PAGO JAGODA 40% 0,75 L ;41793;Pago;0.7500;l;3.09;4.12;;;02.05.2025;3.62;9002515600653;Piæa
TONIC WATER VINDI 1,5 L;41943;;1.5000;l;1.55;1.03;;;02.05.2025;1.55;3850108071559;Piæa
OSVJ.PIÆE ACE 1/4 250 ml ;41944;;0.2500;l;0.69;2.76;;;02.05.2025;0.69;3850108071306;Piæa
VOÆ.NEKTAR BOROVN.S ÈEPOM 1 L;41947;;1.0000;l;2.09;2.09;;;02.05.2025;2.09;3850108074376;Piæa
VOÆ. NEKTAR VINDIJA VI©NJA 1 L;41948;;1.0000;l;2.09;2.09;;;02.05.2025;2.09;3850108074475;Piæa
VINO FRANC ARMAN MAL.0,75 L ;42021;;0.7500;L;13.12;17.49;;;02.05.2025;13.12;3859891697021;Piæa
VINO FRANC ARM.TERAN 0,75 L;42031;;0.7500;L;17.02;22.69;;;02.05.2025;17.02;3859891697014;Piæa
VINO ENJINGI VENJE KAS.B0,75L ;42037;;0.7500;L;15.92;21.23;;;02.05.2025;15.92;3859892375102;Piæa
TRAVA RICA JAKO AP DEGEN.0,5 L;42048;;0.5000;l;11.78;23.56;;;02.05.2025;11.78;3859889693011;Piæa
©unka Royal classic;42074;Vindon;1.0000;kg;14.99;14.99;;13.99;02.05.2025;14.99;3850159642753;Hrana
BAKE ROLLS PIZZA 80 g;42212;7 Day's;0.0800;kg;0.56;7.00;;;02.05.2025;0.56;7622202016196;Hrana
SRED.PRONTO CLAS.PROFUM.300 ml;42252;Pronto;0.3000;L;4.25;14.17;;4.25;02.05.2025;4.25;5000204822830;Sredstva za èi¹æenje
KEKS GRANCEREALE KROKANT 230 g;42374;Mulino;0.2300;kg;2.79;12.13;;;02.05.2025;2.79;8076809540162;Hrana
KEKS GRANCEREALE FRUTTA 250 g;42375;Mulino;0.2500;kg;2.79;11.16;;;02.05.2025;2.79;8076809540179;Hrana
KEKS GRANCEREALE CLASSI.250 g;42376;Mulino;0.2500;kg;1.99;7.96;;;02.05.2025;1.99;8076809540124;Hrana
ULO©CI LIBRESSE DNEVNI 28/1;42450;Libresse;28.0000;kom;1.75;0.06;;;02.05.2025;1.49;7310791255255;Toaletne potrep¹tine
VINO ENJINGI ZWEIGELT 0,75 L;42567;;0.7500;l;11.22;14.96;;;02.05.2025;11.22;3859892375157;Piæa
OSVJ.PIÆE VINDI MULTI ACE 2 L ;42684;;2.0000;l;2.59;1.30;;;02.05.2025;1.99;3850108073379;Piæa
INS.KAV.CRONAT GOLD VREÆ. 75 g;42685;Jacobs;0.0750;kg;5.39;71.87;;;02.05.2025;4.49;8711000532751;Piæa
SIR ZRNATI PRESIDENT 200 g;42696;Dukat;0.2000;kg;2.29;11.45;;;02.05.2025;2.29;3850355000814;Hrana
PRELJ.ZA SAL.KÜHNE TIS.250 ml;42711;Kühne;0.2500;L;2.89;11.56;;;02.05.2025;2.98;40804880;Hrana
PRELJ.ZA SAL.KÜHNE AM.CA.250ml;42712;Kühne;0.2500;l;2.89;11.56;;;02.05.2025;2.98;40122779;Hrana
PRELJEV ZA SAL.KÜHNE FRA 250ml;42714;Kühne;0.2500;l;2.89;11.56;;;02.05.2025;2.98;40122397;Hrana
PRELJEV ZA SAL.KÜHNE JOG 250ml;42716;Kühne;0.2500;l;2.89;11.56;;;02.05.2025;2.79;40804873;Hrana
ULO©.LIBRESSE MULTI DNEV.32/1;42739;Libresse;32.0000;kom;1.75;0.05;;;02.05.2025;1.49;7322541195315;Toaletne potrep¹tine
VINO PO©IP SVETI IVAN 0,75 L;42783;;0.7500;L;14.08;18.77;;;02.05.2025;14.08;3859890505013;Piæa
SJAJ ERDAL SMEÐI 65 ml ;42786;Erdal;0.0650;L;2.35;36.15;;;02.05.2025;2.35;4009175163639;Proizvodi za kuæanstvo
SJAJ ERDAL CRNI 65 ml ;42787;Erdal;0.0650;L;2.35;36.15;;;02.05.2025;2.35;4009175163615;Proizvodi za kuæanstvo
ÈOKOLADA MIKADO RI®A 75 g;42809;Mikado;0.0750;kg;1.25;16.67;;;02.05.2025;1.25;3858881064256;Hrana
Zubaci 500 g+;42898;;1.0000;kg;16.99;16.99;;;02.05.2025;16.99;93856024301681;Hrana
PIVO PAULANER WEISS.BOCA 0,5 L;42919;Paulaner;0.5000;l;1.98;3.96;;;02.05.2025;1.98;4066600611981;Piæa
PIVO PAULANER OR.BOCA 0,5 L ;42922;Paulaner;0.5000;l;1.98;3.96;;;02.05.2025;1.98;4066600611028;Piæa
PIVO PAULANER ORGIN.LIM.0,5 L ;42925;Paulaner;0.5000;l;1.78;3.56;;;02.05.2025;1.78;4066600211815;Piæa
VINO BIJ.PINOT JAREC 0,75 L;42927;;0.7500;l;10.11;13.48;;;02.05.2025;10.11;3857500080905;Piæa
PIVO PAUL.WEISS.LIM.0,5 L;42928;Paulaner;0.5000;l;1.78;3.56;;;02.05.2025;1.78;4066600601920;Piæa
D®EM MACKAY´S LIMUN CURD 340 g;43026;Mackays;0.3400;kg;4.99;14.68;;;02.05.2025;4.99;0637793001053;Hrana
D®EM MACKAY´S JAGOD.©AMP.340 g;43027;Mackays;0.3400;kg;5.49;16.15;;;02.05.2025;5.49;0637793001015;Hrana
MARMEL.MACKAY´S NAR.VISK 340 g;43028;Mackays;0.3400;kg;4.99;14.68;;;02.05.2025;4.99;0637793000957;Hrana
MARMEL.MACKAY´S NARANÈA 340 g;43029;Mackays;0.3400;kg;4.99;14.68;;;02.05.2025;4.99;0637793000902;Hrana
KAVA ARABESCA MINAS 250 g;43093;Arabesca;0.2500;kg;4.99;19.96;;;02.05.2025;4.99;3859889500043;Piæa
KAVA ARABESCA MINAS 500 g;43095;Arabesca;0.5000;kg;11.29;22.58;;;02.05.2025;11.29;3859889500050;Piæa
TJES.BARILLA FETTUCCINE 500 g;43108;Barilla;0.5000;kg;3.49;6.98;;;02.05.2025;3.49;8076809523776;Hrana
TJES.BARILLA INT.FUSILLI 500 g;43110;Barilla;0.5000;kg;3.09;6.18;;;02.05.2025;3.09;8076809529457;Hrana
TJES.BARIL.IN.PENNE RIG.500 g;43111;Barilla;0.5000;kg;3.09;6.18;;;02.05.2025;3.09;8076809529433;Hrana
TJE.BARILLA IN.SPAGHETTI 500 g;43112;Barilla;0.5000;kg;3.09;6.18;;;02.05.2025;3.09;8076809529419;Hrana
UMAK PODRAVKA BOLOGNESE 410 g;43157;Podravka;0.4100;kg;4.39;10.71;;;02.05.2025;4.39;3850104224850;Hrana
MASLINE MARINA CRNE 690 g;43281;Marina;0.3900;kg;7.59;19.46;;;02.05.2025;7.59;3859888295094;Hrana
MASLINE MARINA ZELENE 690 g;43283;Marina;0.3900;kg;7.59;19.46;;;02.05.2025;7.59;3859888295063;Hrana
MASLINE MARINA ZELENE 370 g;43284;Marina;0.2000;kg;5.99;29.95;;;02.05.2025;5.99;3859888295278;Hrana
PIVO HEINEKEN LIM. 0,5 L;43384;Heineken;0.5000;l;1.68;3.36;;;02.05.2025;1.68;3830001714692;Piæa
BRUSNICA NATURA 100 g;43413;Natura;0.1000;kg;1.98;19.80;;;02.05.2025;1.98;3859890587972;Hrana
PIVO BECKS LIM 0,5L ;43677;Becks;0.5000;l;1.69;3.38;;;02.05.2025;1.69;3850131290101;Piæa
VINO DEGRAS.CAB.SAUV.0,75 L  ;43784;;0.7500;l;12.42;16.56;;;02.05.2025;12.42;3859891805181;Piæa
RI®A NATURREIS NATUR PUR 500 g;43858;Natur pur;0.5000;kg;2.19;4.38;;;02.05.2025;2.19;9100000043951;Hrana
TJ.NATUR PUR PENNE RIGAT.500 g;43860;Natur pur;0.5000;kg;1.72;3.44;;;02.05.2025;1.72;9100000156743;Hrana
BIO-SOK JABUKA SPAR 1 L;43861;SPAR Natur*pur;1.0000;L;2.79;2.79;;;02.05.2025;2.78;9100000115368;Piæa
RI®A BASMATI NATUR PUR 500 g;43865;Natur pur;0.5000;kg;2.49;4.98;;2.39;02.05.2025;3.19;9100000448398;Hrana
VINO KOLARIÆ SILVANAC 0,75 L;43876;;0.7500;L;7.79;10.39;;;02.05.2025;7.79;3859889817127;Piæa
VINO GRA©EVINA MISNO B.Ð.0,75L;45056;;0.7500;l;7.02;9.36;;;02.05.2025;7.02;3859888310018;Piæa
VINO CHARDON.MISNO B.Ð.0,75L;45059;;0.7500;l;5.98;7.97;;;02.05.2025;5.98;3859888310032;Piæa
VINO TRAM.MISNO B.Ð.0,75 L;45061;;0.7500;l;8.42;11.23;;;02.05.2025;8.42;3859888310285;Piæa
LIKER MEDOVAÈA PATRIK 0,5 L;45082;Patrik;0.5000;l;14.82;29.64;;;02.05.2025;14.82;3859890672203;Piæa
RAKIJA STALAK ÈOKANÈIÆ 0,5L;45094;;0.5000;l;28.88;57.76;;;02.05.2025;28.88;3859891109029;Piæa
VINO WOODBRIDGE CAB.SAU.0.75 L;45240;;0.7500;l;13.59;18.12;;;02.05.2025;13.59;5010186016172;Piæa
WHISKY GLENLIVET 12 YO 0,7 L;45247;Glenlivet;0.7000;L;44.02;62.89;;;02.05.2025;44.02;0080432402825;Piæa
WHISKEY CHIVAS REGAL 18YO 0,7L;45250;Chivas Regal;0.7000;l;75.02;107.17;;;02.05.2025;75.02;5000299225004;Piæa
VINO POGGI DEL SOLE CHI.0,75 L;45877;Weingut Schloss Fels;0.7500;l;4.72;6.29;;;02.05.2025;4.72;9100300177035;Piæa
VINO HARDY VR SHIRAZ 0,75 L;45879;Weingut Schloss Fels;0.7500;L;5.02;6.69;;;02.05.2025;5.02;9311043037382;Piæa
DESP.SR.ZA SKID.KAMENCA 500 ml;46017;Despar;0.5000;L;1.25;2.50;;;02.05.2025;1.25;8001300898160;Sredstva za èi¹æenje
RAJÈICA DESPAR PELAT 800 g;46209;Despar;0.4800;kg;1.99;4.15;;;02.05.2025;1.99;8001300220909;Hrana
RAJÈ.DESPAR POMODORINI 400 g;46210;Despar;0.2400;kg;1.19;4.96;;;02.05.2025;1.19;8001300223009;Hrana
RAJÈICA DESPAR PELAT 3X400 g;46211;Despar;1.2000;kg;2.99;2.49;;;02.05.2025;2.99;8001300223085;Hrana
RAJÈICA DESPAR POLPA 3X400 g;46217;Despar;1.2000;kg;2.99;2.49;;;02.05.2025;2.99;8001300221111;Hrana
RAJÈICA DESPAR PASIRANA 690 g;46219;Despar;0.6900;kg;1.99;2.88;;;02.05.2025;1.99;8001300223078;Hrana
RAJÈ.DESPAR PAS.RUSTICA 690 g;46222;Despar;0.6900;kg;1.99;2.88;;;02.05.2025;1.99;8001300223016;Hrana
KEKSI DESPAR LJE©NJAK 350 g;46379;Despar;0.3500;kg;2.39;6.83;;;02.05.2025;2.38;8001300801412;Hrana
KEKSI DESPAR ÈOKOLADA 350 g;46382;Despar;0.3500;kg;2.39;6.83;;;02.05.2025;2.38;8001300802198;Hrana
KEKSI DESPAR JABUKA 350 g;46383;Despar;0.3500;kg;2.39;6.83;;;02.05.2025;2.38;8001300802273;Hrana
VINO ORAHOVICA FRANKOVKA 0,75L;46406;;0.7500;l;5.52;7.36;;;02.05.2025;5.52;3859888114029;Piæa
VINO ORAHOVICA SAUVIGNON 0,75L;46407;;0.7500;l;5.52;7.36;;;02.05.2025;5.52;3859888114104;Piæa
VINO ORAHOV. PINOT SIVI 0,75L;46409;Pp;0.7500;l;5.52;7.36;;;02.05.2025;5.52;3859888114067;Piæa
VINO GRA©EV.PP ORAHOV.1 L;46410;;1.0000;L;5.22;5.22;;;02.05.2025;5.22;3859888114036;Piæa
VINO PP ORAHOV.GRA©EVINA 0,75L;46415;;0.7500;l;5.52;7.36;;;02.05.2025;5.52;3859888114043;Piæa
VINO ORAHOVICA FRANKOVKA 1 L;46417;;1.0000;l;4.78;4.78;;;02.05.2025;4.78;3859888114012;Piæa
VINO ORAHOVICA CHARDON.0,75L ;46418;;0.7500;l;5.52;7.36;;;02.05.2025;5.52;3859888114098;Piæa
MASLINE ZELENE ZVIJEZDA 350 g;46462;Zvijezda;0.2000;kg;2.89;14.45;;;02.05.2025;2.89;3858882213745;Hrana
MASLINE ZELENE ZVIJEZDA 700 g;46464;Zvijezda;0.4000;kg;4.49;11.23;;;02.05.2025;4.49;3858882213738;Hrana
MASLINE CRNE ZVIJEZDA 350 g;46466;Zvijezda;0.2000;kg;3.19;15.95;;;02.05.2025;3.19;3858882213714;Hrana
MASLINE CRNE ZVIJEZDA 700 g;46467;Zvijezda;0.4000;kg;4.69;11.73;;;02.05.2025;4.69;3858882213707;Hrana
MAS.ZEL.ZVIJEZDA S PAPRI.700 g;46472;Zvijezda;0.4000;kg;4.69;11.73;;;02.05.2025;4.69;3858882213783;Hrana
MAS. ZEL.ZVIJEZDA S PAP.350 g;46473;Zvijezda;0.2000;kg;3.79;18.95;;;02.05.2025;3.79;3858882213790;Hrana
MASLINE ZEL.BK ZVIJEZDA 350 g;46475;Zvijezda;0.1650;kg;2.89;17.52;;;02.05.2025;2.89;3858882213769;Hrana
OCAT ACETO BAL.ZVIJEZDA 500 g;46476;Zvijezda;0.5000;kg;3.59;7.18;;;02.05.2025;3.59;3858882214063;Hrana
PRALINE LINDT LIND.BALLS 200 g;46516;Lindt;0.2000;kg;6.98;34.90;;;02.05.2025;6.98;7610400082556;Hrana
RAKIJA TRAVARICA GDINJ 0,5L;46549;;0.5000;l;12.42;24.84;;;02.05.2025;12.42;3859889132725;Piæa
KAVA FR.JUB.MLJ.VAKUM 2x250 g;46562;Franck;0.5000;kg;10.75;21.50;;;02.05.2025;10.75;3858881080072;Piæa
MARMELADA SPAR BRUSNICA 450 g;46627;SPAR;0.4500;kg;2.79;6.20;;;02.05.2025;2.79;9100000967981;Hrana
NADJEV JABUKA S-BUDGET 700 g;46630;S-Budget;0.7000;kg;1.59;2.27;;;02.05.2025;1.59;9100000810577;Hrana
ÈAJ FRANCK TRE©NJA K.OMOT 55 g;46672;Franck;0.0550;kg;2.29;41.64;;;02.05.2025;2.29;3858881083790;Piæa
VINO JOSIÆ CUVEE 0,75 L;46860;;0.7500;l;14.28;19.04;;;02.05.2025;14.28;3859890442066;Piæa
VINO JOSIÆ GRA©EVINA 0,75 L;46862;;0.7500;l;10.22;13.63;;;02.05.2025;10.22;3859890442028;Piæa
SIR CAMEMBERT VINDIJA 250 g;46971;Vindija;0.2500;kg;4.99;19.96;;;02.05.2025;4.99;3850108051902;Hrana
SIR BRIE PRESIDENT 200 g;47050;President;0.2000;kg;4.39;21.95;;;02.05.2025;4.39;3228020232028;Hrana
VINO PLAVAC MILIÈIÆ 1 L;47471;;1.0000;l;5.38;5.38;;;02.05.2025;5.38;3859888400047;Piæa
VINO CRNO BLATINA 1 L;47555;;1.0000;l;5.09;5.09;;;02.05.2025;5.09;3870083000559;Piæa
VINO BLATINA DE BROTO 0,75 L ;47557;;0.7500;l;8.79;11.72;;;02.05.2025;8.79;3870083000146;Piæa
VINO HERCEG ®ILAVKA 1 L;47558;;1.0000;l;5.09;5.09;;;02.05.2025;5.09;3870083000658;Piæa
VINO KAMENO 0,75 L;47560;;0.7500;l;8.39;11.19;;;02.05.2025;8.39;3870083000467;Piæa
PA©TETA PAÈJA S MASLINA.115 g;47646;Henaff;0.1150;kg;3.89;33.83;;;02.05.2025;3.89;3537580701340;Hrana
PA©TETA PAÈJA 115 g;47650;Henaff;0.1150;kg;3.89;33.83;;;02.05.2025;3.89;3537580700886;Hrana
PIVO PILSNEL URQUEL 0,5 L LIM.;47743;Pilsner;0.5000;l;1.82;3.64;;;02.05.2025;1.82;8594404115115;Piæa
VINO TERAN BQ FR.ARMAN 0,75 L;48062;;0.7500;L;29.39;39.19;;;02.05.2025;29.39;3859891697052;Piæa
VINO F.ARMAN PIN.SIVI 0,75 L ;48063;;0.7500;L;13.22;17.63;;;02.05.2025;13.22;3859891697038;Piæa
LED.ÈAJ BRUSNICA/©U.VOÆE 0,5 L;48065;Jana;0.5000;l;1.19;2.38;;;02.05.2025;1.19;3858884601731;Piæa
LED.ÈAJ BRUS./©U.VOÆE 1,5 L ;48066;Jana;1.5000;l;1.69;1.13;;;02.05.2025;1.59;3858884601717;Piæa
PECIVO KVIKI GRIC 100 g;48078;Kviki;0.1000;kg;;11.10;1.11;1.49;02.05.2025;1.49;3850104225277;Hrana
©TAPIÆI KVIKI 220 g;48081;Kviki;0.2200;kg;;6.50;1.43;1.79;02.05.2025;1.79;3850104224966;Hrana
PUDIN.LJE©.ÈOK. Z BREGOV 125 g;48134;Vindija;0.1250;kg;0.65;5.20;;;02.05.2025;0.65;38503924;Hrana
PA©TETA CEKIN PILEÆA 50 g;48182;Cekin;0.0500;kg;0.73;14.60;;;02.05.2025;0.73;3850159130069;Hrana
PA©TETA CEKIN PILEÆA 100 g;48183;Cekin;0.1000;kg;1.06;10.60;;;02.05.2025;1.06;3850159130076;Hrana
TARTUFATA ZIGANTE 80 g;48238;Zigante;0.0800;kg;10.99;137.38;;;02.05.2025;10.98;3859889179201;Hrana
TARTUFI I VRGANJI ZIGANTE 80 g;48240;Zigante;0.0800;kg;13.29;166.13;;;02.05.2025;13.29;3859889179300;Hrana
TARTUFI I ©AMPINJ.ZIGANTE 80 g;48242;Zigante;0.0800;kg;6.99;87.38;;;02.05.2025;6.99;3859889179409;Hrana
TARTUFI ZIGAN.CRNI CIJELI 25 g;48247;Zigante;0.0250;kg;14.99;599.60;;;02.05.2025;14.99;3859889179010;Hrana
TARTUFI ZIGANTE CRNI SJEC.30 g;48248;Zigante;0.0300;kg;15.39;513.00;;;02.05.2025;15.39;3859889179140;Hrana
TARTUFI ZIGANTE CRN.MLJEV.30 g;48252;Zigante;0.0300;kg;13.29;443.00;;;02.05.2025;13.29;3859889179713;Hrana
SALAMA ZIMSKA NAR 100 g;48258;Pik;0.1000;kg;2.79;27.90;;;02.05.2025;2.79;3850139010480;Hrana
©UNKA KUHANA 125 g;48263;Pik;0.1250;kg;2.29;18.32;;;02.05.2025;2.29;3850139360516;Hrana
LEDENI ÈAJ VINDI BRESKVA 2 L;48347;;2.0000;l;2.25;1.13;;;02.05.2025;2.25;3850108071337;Piæa
VOÆ.NEKTAR VINDI JABUKA 2 L;48348;;2.0000;l;2.59;1.30;;;02.05.2025;1.99;3850108078749;Piæa
VINO BLATO PLAVAC VRH.0,75 L;48372;;0.7500;L;12.69;16.92;;;02.05.2025;12.69;3859888154339;Piæa
VINO BLATO PO©IP ZOI 0,75 L;48373;Blato 1902;0.7500;l;9.69;12.92;;;02.05.2025;9.69;3859888154377;Piæa
MESNI NAREZAK PPK 100 g;48396;Ppk;0.1000;kg;0.89;8.90;;;02.05.2025;0.89;3858881617056;Hrana
PUREÆE MLJEVENO MESO 500 g;48759;Vindon;0.5000;kg;5.49;10.98;;;02.05.2025;5.49;3850339413043;Hrana
RI®A SCOTTI CARNAROLI 1 kg;48871;Scotti;1.0000;kg;8.99;8.99;;;02.05.2025;8.99;8001860010019;Hrana
UMAK KUHNE CHILI LJUTI 250 ml;48939;Kuehne;0.2500;l;2.49;9.96;;;02.05.2025;3.29;40804835;Hrana
UMAK KUHNE ÈE©NJAK 250 ml;48940;Kuehne;0.2500;l;2.59;10.36;;;02.05.2025;3.29;40804972;Hrana
MARM.BONNE MAMAN NARANÈA 370 g;48941;Bonne Maman;0.3700;kg;4.49;12.14;;;02.05.2025;5.59;3608580705161;Hrana
VINO PILATO MU©KAT 0,5 L;49116;;0.5000;l;11.98;23.96;;;02.05.2025;11.98;3859889192071;Piæa
VINO MARIJAN ARMA.MU©K.0,50 L;49118;;0.5000;L;14.69;29.38;;;02.05.2025;14.69;3859893024078;Piæa
Salama Wiena;49204;Vindija;1.0000;kg;14.49;14.49;;;02.05.2025;14.49;3850281930759;Hrana
BOMBON.AFTER EIGHT CLASS.200 g;49276;After Eight ;0.2000;kg;4.49;22.45;;;02.05.2025;2.99;7613034937575;Hrana
VOSAK TAFT POWER 75 ml;49297;Taft;0.0750;L;4.39;58.53;;4.39;02.05.2025;4.39;9000100340373;Kozmetika
SOL KUHINJSKA TUZLA KAMEN.1 kg;50145;Tuzla;1.0000;kom;0.79;0.79;;;02.05.2025;0.76;3870009000014;Hrana
Tikva butternut;50159;;1.0000;kg;1.49;1.49;;;02.05.2025;1.49;3858885877838;Hrana
DATULJE SEEBERGER BK 200 g;50321;Seeberger;0.2000;kg;3.89;19.45;;;02.05.2025;3.89;4008258252017;Hrana
SMOKVE SUHE SEEBERGER 200 g;50323;Seeberger;0.2000;kg;4.29;21.45;;;02.05.2025;4.29;4008258235003;Hrana
©LJIVE SUHE SEEBERGER 200 g;50324;Seeberger;0.2000;kg;4.49;22.45;;;02.05.2025;4.49;4008258324011;Hrana
BRUSNICE SEEBERGER 125 g;50325;Seeberger;0.1250;kg;3.99;31.92;;;02.05.2025;3.99;4008258185001;Hrana
VINA KOPER SLAT. MU©KAT 0,75 L;50406;;0.7500;l;10.79;14.39;;;02.05.2025;10.79;3830000700337;Piæa
PRALINE MON CHERI 52,5 g;50614;Ferrero;0.0525;kg;1.69;32.19;;;02.05.2025;1.69;40084084;Hrana
PIVO HEINEKEN DRAUGHT KEG.5 L;50887;Heineken;5.0000;l;19.99;4.00;;;02.05.2025;19.99;8712000025649;Piæa
MARAM.ZEWA DELUXE PERF.10X10/1;51357;Zewa;10.0000;kom;1.95;0.20;;;02.05.2025;1.95;7322540061475;Toaletne potrep¹tine
VINO ENJINGI PINOT SIVI 0,75 L;51832;;0.7500;L;11.22;14.96;;;02.05.2025;11.22;3859892375089;Piæa
VINO ENJINGI SAU.KAS.B. 0,75 L;51834;;0.7500;l;13.92;18.56;;;02.05.2025;13.92;3859892375249;Piæa
Hobotnica ;52168;;1.0000;kg;20.79;20.79;;;02.05.2025;20.79;3856024300520;Hrana
WHISKY CHIVAS 12 YO 0,7L+2ÈA©E;52175;Chivas Regal;0.7000;l;33.02;47.17;;;02.05.2025;33.02;5000299228661;Piæa
RAKIJA TRAVAR. PATRIK 0,5 L ;52355;Patrik;0.5000;l;11.99;23.98;;;02.05.2025;11.99;3859890672227;Piæa
VINO MATU©KO PLAV. MALI 0,75 L;52736;;0.7500;L;5.09;6.79;;;02.05.2025;5.09;3859889396233;Piæa
VINO DINGAÈ MATU©KO 0,75 L;52738;;0.7500;L;21.02;28.03;;;02.05.2025;21.02;3859889396127;Piæa
SENF KREMSER MAUTNER MAR.200 g;53194;Mautner Markhof;0.2000;kg;2.09;10.45;;;02.05.2025;1.15;9011900139647;Hrana
VANIL.©EÆ.DR.OETKER BURBON 10g;53232;Dr. Oetker;0.0100;kg;0.49;49.00;;;02.05.2025;0.49;5997381337779;Hrana
WHISK.J.W.RED LABEL 0,7 L;53238;Johnnie Walker;0.7000;L;18.59;26.56;;;02.05.2025;18.59;5000267014203;Piæa
LOSION LACTACYD DAILY 200 ml;53322;Lactacyd;0.2000;L;3.85;19.25;;;02.05.2025;3.85;5391520943072;Toaletne potrep¹tine
VINO ANTUNOVIÆ POSTUP 0.75 L;53586;;0.7500;l;10.99;14.65;;;02.05.2025;10.99;3859889063012;Piæa
ÈOKOLADA ZA KUHANJE SPAR 250 g;53593;SPAR;0.2500;kg;4.49;17.96;;;02.05.2025;4.49;9100000048321;Hrana
RI®A MIX GALLO 3 VRSTE 800 g;53595;Gallo;0.8000;kg;5.39;6.74;;;02.05.2025;5.39;8001420011296;Hrana
ÈAJ TEEKANE ZELENI CHAI 35 g;53599;Teekanne;0.0350;kg;2.49;71.14;;;02.05.2025;2.49;5901086001002;Piæa
©aran cijeli svje¾i;53649;;1.0000;kg;5.99;5.99;;;02.05.2025;5.99;3858889830228;Hrana
PIVO PAUL.WEIS.DUNK.B.0,5 L;53912;Paulaner;0.5000;l;1.98;3.96;;;02.05.2025;1.98;4066600941972;Piæa
ULO©.LIBRESSE NORMAL 20/1;54080;Libresse;20.0000;kom;3.05;0.15;;;02.05.2025;1.99;7322541237275;Toaletne potrep¹tine
ULJE BLUE DRAGON SEZAM 150 ml;54106;Dragon;0.1500;L;;27.27;4.09;5.99;02.05.2025;5.99;5010338405205;Hrana
DVOPEK KLARA CLASSIC 225g;54107;Klara;0.2250;kg;2.79;12.40;;;02.05.2025;2.79;3858881327528;Hrana
ÈOKOLADA VRUÆA CIOBAR 5/1;54121;Dr. Oetker;0.1250;kg;3.29;26.32;;;02.05.2025;3.29;5997381334686;Piæa
SIR SALAKIS U SAL.PRESID.500 g;54144;President;0.5000;kg;7.69;15.38;;;02.05.2025;7.69;3850355001651;Hrana
SIR SALAKIS U SAL.PRESID.250 g;54145;President;0.2500;kg;4.79;19.16;;;02.05.2025;4.79;3850355001637;Hrana
NEKTAR SPAR ANANAS 50% 1 L;54153;SPAR;1.0000;l;1.89;1.89;;;02.05.2025;1.89;9100000808628;Piæa
Lignja patagonijska;54261;;1.0000;kg;12.99;12.99;;;02.05.2025;12.99;93856024300844;Hrana
LIKER PATRIK VI©NJA 0,5 L;54382;;0.5000;l;13.22;26.44;;;02.05.2025;13.22;3859890672364;Piæa
KUKURUZ ©EÆERAC PODRAVKA 150 g;54426;Podravka;0.1400;kg;1.19;8.50;;;02.05.2025;1.19;3850104221682;Hrana
ULO©CI ALWAYS ULTRA NIGHT 14/1;54550;Always;14.0000;kom;3.45;0.25;;;02.05.2025;3.45;4015400032328;Toaletne potrep¹tine
ULJE MASL.EKS.DJEV.BRACHIA 1 L;54679;;1.0000;L;18.99;18.99;;;02.05.2025;21.99;3859891526086;Hrana
KAVA FRANCK INST.BEZ KOF.100 g;54700;Franck;0.1000;kg;5.49;54.90;;;02.05.2025;5.49;3850291055251;Piæa
ÈOKOLADNA RUM PLOÈICA 45 g ;55091;Kandit;0.0450;kg;0.75;16.67;;;02.05.2025;0.75;3858881042186;Hrana
KA©ICA FRUTEK JAB.KEKS 190 g;55094;Fructal;0.1900;kg;1.75;9.21;;;02.05.2025;1.75;3838945511391;Hrana
KA©ICA FRUTEK JAB.KEKS 120 g;55095;Fructal;0.1200;kg;1.26;10.50;;;02.05.2025;1.26;3838945511353;Hrana
KA©ICA FRUTEK ©LJIVA KRU.120 g;55096;Fructal;0.1200;kg;1.26;10.50;;;02.05.2025;1.26;3838945511407;Hrana
HRANA ZA PSE GOLDEN DOG 500 g;55099;Golden Dog;0.5000;kg;2.25;4.50;;;02.05.2025;2.25;5701202607381;Proizvodi za kuæanstvo
SIR RIBANI SPAR 40 g ;55108;SPAR;0.0400;kg;1.09;27.25;;;02.05.2025;1.09;3856021202964;Hrana
ROTKVICA kom;55131;;1.0000;kom;0.69;0.69;;;02.05.2025;0.69;3858885875872;Hrana
LOS.POS.BRIJ.FA SPORT 100 ml;55282;Fa;0.1000;L;6.19;61.90;;;02.05.2025;6.19;4015000527453;Kozmetika
ÈOK.DORINA CIJELI LJE©NJ.100 g;55297;Dorina;0.1000;kg;1.89;18.90;;;02.05.2025;1.89;3850102122073;Hrana
ÈAJ AGRISTAR MAJÈ.DU©ICA 30 g;55334;Agristar;0.0300;kg;1.69;56.33;;;02.05.2025;1.69;3858886502739;Piæa
SALVETE 38X38cm,25/1 BIJELE;55374;;1.0000;kom;1.69;1.69;;;02.05.2025;1.69;3870128001169;Proizvodi za kuæanstvo
SALVETE 38x38cm,25/1,PLAVE ;55378;;1.0000;kom;1.69;1.69;;;02.05.2025;1.69;3870128001152;Proizvodi za kuæanstvo
SALVETE 38X38cm,25/1,ROZE ;55379;;1.0000;kom;1.69;1.69;;;02.05.2025;1.69;3870128001176;Proizvodi za kuæanstvo
SALVETE 38X38cm,25/1,BE® ;55381;;1.0000;kom;1.69;1.69;;;02.05.2025;1.69;3870128001183;Proizvodi za kuæanstvo
BRIJAÈ WILKINSON+5 PATRONA ;55555;Wilkinson;1.0000;kom;4.59;4.59;;4.59;02.05.2025;5.99;4027800015504;Kozmetika
VINO POSTUP ROSO 0,75 L;55620;;0.7500;l;12.09;16.12;;;02.05.2025;12.09;3859888568303;Piæa
SOK COCA COLA ZERO 0,5 L PET;55622;Coca-Cola;0.5000;l;1.15;2.30;;;02.05.2025;1.15;5449000131836;Piæa
GAZ. PIÆE COCA C.ZERO 2 L PET;55623;Coca-Cola;2.0000;l;2.29;1.15;;;02.05.2025;2.29;5449000131843;Piæa
SOK COCA-COLA ZERO 1 L ;55677;Coca-Cola;1.0000;l;1.48;1.48;;;02.05.2025;1.48;5449000133328;Piæa
KVASAC SVJE®I DIGO 42 g;55837;Zvijezda;0.0420;kg;0.69;16.43;;;02.05.2025;0.69;3858887683444;Hrana
®ELATINA DOLCELA INSTANT 20 g;55865;Podravka;0.0200;kg;1.29;64.50;;;02.05.2025;1.29;3850104227516;Hrana
®ELATINA MLJEVENA PODRAV.10 g;55866;Podravka;0.0100;kg;0.89;89.00;;;02.05.2025;0.89;3850104227523;Hrana
BRIJAÈ GILLETTE FUSION 2UP;55970;Gillette;1.0000;kom;13.49;13.49;;13.19;02.05.2025;13.19;7702018866946;Kozmetika
PATRONE GILLETTE FUSION 4/1;55987;Gillette;4.0000;kom;18.99;4.75;;18.39;02.05.2025;18.39;7702018867219;Kozmetika
PATRONE GILLETTE FUSION 4/1;55988;Gillette;4.0000;kom;19.76;4.94;;;02.05.2025;19.76;7702018866984;Kozmetika
®VAKE ORBIT WHITE SPEARMI.14 g;56044;Wrigley;0.0140;kg;0.99;70.71;;;02.05.2025;0.99;42113164;Hrana
ÈAJ PODRAVKA BRUSNICA 40 g;56077;Podravka;0.0400;kg;1.85;46.25;;;02.05.2025;1.92;3850104229169;Piæa
ZAÈ.PAPAR CR.MLJ.KOTANYI 50 g;56425;Kotanyi;0.0500;kg;3.99;79.80;;;02.05.2025;3.44;9001414040409;Hrana
ZAÈ.PAPAR MJE©.KOTANYI 40 g;56426;Kotanyi;0.0400;kg;3.99;99.75;;;02.05.2025;3.44;9001414040867;Hrana
ZAÈIN ÈE©NJAK GRA.KOTANYI 70 g;56434;Kotanyi;0.0700;kg;3.29;47.00;;;02.05.2025;2.99;9001414040218;Hrana
ZAÈ.PAP.©AR.MJE©.KOTANYI 16 g;56443;Kotanyi;0.0160;kg;1.72;107.50;;;02.05.2025;1.72;9001414015117;Hrana
VRH.ZA KUH.MEGGLE 20%MM 500 ml;56557;Meggle;0.5000;L;3.29;6.58;;;02.05.2025;3.39;3870085021835;Hrana
VINO KRAUTHAKER ROSE CUVEE 1L;56782;;1.0000;l;5.49;5.49;;;02.05.2025;5.49;3859892481179;Piæa
LIKER BARUN ZVEÈEVO 0,70 L;56896;;0.7000;L;13.39;19.13;;;02.05.2025;13.39;3858894171798;Piæa
BRANDY DOMAÆI ZVEÈEVO 35% 1 L;56906;;1.0000;L;10.65;10.65;;;02.05.2025;10.65;3858894171262;Piæa
LIKER PELINKOVAC ZVEÈ. 28%1 L;57157;;1.0000;L;10.79;10.79;;;02.05.2025;10.79;3858894170920;Piæa
©AMPINJONI PODRAV.REZ.400 g ;57378;Podravka;0.2200;kg;2.29;10.41;;;02.05.2025;2.29;3850104257834;Hrana
DOD.JE.FANT SLAV.ÈOB.LJUTI 90g;57380;Podravka;0.0900;kg;1.39;15.44;;;02.05.2025;1.39;3850104226786;Hrana
©AMP.GLISS KUR OIL NUT. 250 ml;57536;Gliss Kur;0.2500;L;4.29;17.16;;;02.05.2025;4.29;9000100398435;Kozmetika
REG.GLISS KUR OIL NUT. 200 ml;57542;Gliss Kur;0.2000;L;4.69;23.45;;;02.05.2025;4.69;9000100398572;Kozmetika
BOJA PALETTE  DE LUXE 400;57563;Palette;1.0000;kom;;4.99;4.99;5.99;02.05.2025;5.99;3838824176734;Kozmetika
ÈOK.LINDT ZL.ZEC MLIJEÈ.5x10 g;57661;Lindt;0.0500;kg;;9.80;0.49;0.99;02.05.2025;0.99;4000539670701;Hrana
Extra mix RFS;57999;;1.0000;kg;12.99;12.99;;;02.05.2025;12.99;3859891427154;Hrana
KA©ICA HIPP MESNA 190 g;58277;Hipp;0.1900;kg;2.04;10.74;;;02.05.2025;2.04;4062300266247;Hrana
VINO  PLAVAC GRGUREVIÆ 0,75 L;58339;;0.7500;l;10.22;13.63;;;02.05.2025;10.22;3859891461035;Piæa
SLAD.KING KORNET ÈOK.VA-160 ml;58354;Ledo;0.1600;L;2.89;18.06;;;02.05.2025;2.89;3850116815107;Hrana
RI®OTO S PIL.I POV. LEDO 600 g;58364;Ledo;0.6000;kg;4.99;8.32;;;02.05.2025;4.99;3850116813912;Hrana
VATA CIK-CAK TOSAMA 50 g;58402;Tosama;0.0500;kg;1.49;29.80;;;02.05.2025;1.49;3838985292021;Toaletne potrep¹tine
BLAZINICE JASMIN NATURE 90/1;58420;Jasmin;90.0000;kom;1.95;0.02;;;02.05.2025;1.95;3838985442105;Toaletne potrep¹tine
BLAZIN.ZA DOJENJE TOTO 30/1;58422;Toto;1.0000;kom;3.39;3.39;;;02.05.2025;3.39;3838985170596;Toaletne potrep¹tine
©vargli Slavonski;58444;Ravliæ;1.0000;kg;7.89;7.89;;;02.05.2025;7.89;3859892369040;Hrana
Kruh mije.ra¾eni 700 g;58644;Bäckerei SPAR;0.7000;kg;1.59;2.27;;;02.05.2025;1.59;;Hrana
MLINAC PAPAR CRN.ZRNO NAD.35g;58653;Kotanyi;0.0350;kg;5.59;159.71;;;02.05.2025;5.59;3858881586086;Hrana
ZAÈ.GRILL BARBECUE KOTAN.80 g;58667;Kotanyi;0.0800;kg;2.69;33.63;;;02.05.2025;1.34;9001414003275;Hrana
ZAÈ.GRILL PILETINA KOTAN.80 g;58673;Kotanyi;0.0800;kg;2.69;33.63;;;02.05.2025;1.34;9001414003299;Hrana
ZAÈ.GRILL POVRÆE KOTANYI 80 g;58674;Kotanyi;0.0800;kg;2.69;33.63;;;02.05.2025;1.34;9001414003305;Hrana
ZAÈ.GRILL KOTLET KOTANYI 80 g;58676;Kotanyi;0.0800;kg;2.69;33.63;;;02.05.2025;1.34;9001414003329;Hrana
KOMPOT PODRAV.VI©NJA BK.680 g;58724;Podravka;0.3400;kg;3.19;9.38;;;02.05.2025;3.19;3850104223518;Hrana
VINO JP CHENET SHIRAZ 0,75 L ;58819;;0.7500;L;5.49;7.32;;;02.05.2025;5.49;3263289998711;Piæa
BRITVICE WILKINSON BEUTY 5/1;58897;Wilkinson;1.0000;kom;2.99;2.99;;;02.05.2025;2.99;4027800518838;Kozmetika
TEQUILA OLMECA BLANCO 0,7 L;58951;;0.7000;L;20.32;29.03;;;02.05.2025;20.32;0080432115251;Piæa
ÈAJ HIPP ZA DOJILJE 200 g;58953;Hipp;0.2000;l;4.77;23.85;;;02.05.2025;4.77;9062300133421;Hrana
TP ZEWA BRESKVA AT.3SL.16/1;59036;Zewa;16.0000;kom;5.99;0.37;;;02.05.2025;4.99;7322540201192;Toaletne potrep¹tine
PERECI BABY SPAR 200 g;59037;SPAR;0.2000;kg;1.14;5.70;;;02.05.2025;1.14;9100000081205;Hrana
©PAROGA ZELENA VEZICA 500 g;59533;;0.5000;kg;;4.58;2.29;2.99;02.05.2025;3.49;8437021309638;Hrana
OME.FROSCH CVIJET PAMU.750 ml;59542;Frosch;0.7500;L;;2.87;2.15;2.69;02.05.2025;2.69;4009175193612;Sredstva za èi¹æenje
HRENOVKE VP 200 g ;59757;Gavrilovic;0.2000;kg;2.19;10.95;;;02.05.2025;2.19;3858881224766;Hrana
TUNA EVA KOMADI BILJ.ULJU 80 g;59767;Eva;0.0560;kg;2.69;48.04;;;02.05.2025;2.69;3850104231407;Hrana
NEKTAR FRUCTAL CRNI RIBIZ 1 L;59819;Fructal;1.0000;L;2.29;2.29;;;02.05.2025;2.29;3838945509015;Piæa
VINO BENVENUT.MALVAZ.0,75 L ;60039;;0.7500;L;15.79;21.05;;;02.05.2025;15.79;3857500050106;Piæa
PRIP.ZA ©LAG CREME PA.25% 1 L;60061;Meggle;1.0000;L;3.99;3.99;;;02.05.2025;3.99;4034900027733;Hrana
STOCK 84 0,7 L;60285;Stock;0.7000;l;12.99;18.56;;;02.05.2025;12.99;8000440396390;Piæa
JOGURT VOÆ.DUKATINO MIX 125 g;60290;Dukat;0.1250;kg;0.59;4.72;;;02.05.2025;0.59;3850354001782;Hrana
SRED.SANIT.ORIG.CIT.FR.750 ml ;60293;Sanitar;0.7500;L;2.25;3.00;;;02.05.2025;2.25;3850111502743;Sredstva za èi¹æenje
SRE.SANIT.ORIG.FOREST F.750 ml;60294;Sanitar;0.7500;L;2.25;3.00;;;02.05.2025;2.25;3850111502736;Sredstva za èi¹æenje
KLOPKA RAID ZA ®OHARE 1/1;60324;Raid;1.0000;kom;5.59;5.59;;;02.05.2025;5.59;5000204332261;Proizvodi za kuæanstvo
MESNI NAREZAK GALA 150 g;60428;Gavrilovic;0.1500;kg;1.45;9.67;;;02.05.2025;1.45;3858881224193;Hrana
ULO©.ULT.NOR.S KRIL.NATUR.10/1;60499;Naturella;10.0000;kom;1.55;0.16;;;02.05.2025;1.55;4015400125037;Toaletne potrep¹tine
ULO©.NATURELLA ULTRA MAXI 16/1;60500;Naturella;16.0000;kom;2.45;0.15;;;02.05.2025;2.45;8001090586032;Toaletne potrep¹tine
ULO.NATURELLA UL.NOR.KRIL.20/1;60501;Naturella;20.0000;kom;2.45;0.12;;;02.05.2025;2.45;8001090585592;Toaletne potrep¹tine
TRAKE ZA DEP.VEET C.WAX 20/1;60597;Veet;20.0000;kom;7.49;0.37;;;02.05.2025;7.49;5997321774732;Kozmetika
VINO GRA©EV.KUTJEVO 0,75 L;60631;;0.7500;l;7.79;10.39;;;02.05.2025;7.79;3850156001133;Piæa
KAKAO NESQUIK SIRUP 403 g;60646;Nesquik;0.4030;kg;5.79;14.37;;;02.05.2025;5.79;9002100023874;Hrana
UMAK DESPAR RAJÈ.BOS.400 g ;60656;Despar;0.4000;kg;2.19;5.48;;;02.05.2025;2.25;8001300223115;Hrana
UMAK DESPAR ARRABBIATA 400 g;60657;Despar;0.4000;kg;2.19;5.48;;;02.05.2025;2.25;8001300223122;Hrana
MASLINE KALAMATA SPAR BK 350 g;60660;SPAR;0.1850;kg;2.99;16.16;;;02.05.2025;2.99;9100000078823;Hrana
MASLINE CRNE SPAR B.K. 225 g;60666;SPAR;0.1050;kg;1.69;16.10;;;02.05.2025;1.69;9100000078700;Hrana
MASLINE KALAMATA SPAR 350 g;60667;SPAR;0.2000;kg;2.99;14.95;;;02.05.2025;2.99;9100000078205;Hrana
OCAT BALSAM.DESPAR 500 ml;60678;Despar;0.5000;l;2.49;4.98;;;02.05.2025;1.79;8001300101772;Hrana
DJEÈJI VL.TOAL.PAP.LOVELY 60/1;60726;Lovely;60.0000;kom;1.49;0.02;;;02.05.2025;1.49;9100000700434;Toaletne potrep¹tine
KOKICE SPAR SLANE 100 g;60898;SPAR;0.1000;kg;0.49;4.90;;;02.05.2025;0.49;9100000754642;Hrana
KOKICE SPAR ZA MIKROVAL. 300 g;60899;SPAR;0.3000;kg;1.29;4.30;;;02.05.2025;1.29;9100000754666;Hrana
KOKICE SPAR LIGHT 270 g;60900;SPAR;0.2700;kg;1.39;5.15;;;02.05.2025;1.39;9100000754703;Hrana
Kobasica pari¹ka;60910;Gavrilovic;1.0000;kg;8.99;8.99;;8.79;02.05.2025;8.79;3858881229082;Hrana
Kobasica tirolska;60911;Gavrilovic;1.0000;kg;12.59;12.59;;;02.05.2025;12.59;3858881229075;Hrana
VINO ®DREPÈEVA KRV 1 L;61039;;1.0000;l;4.28;4.28;;;02.05.2025;4.28;8600102938076;Piæa
SUHI VRGANJI 50 g;61063;;0.0500;kg;6.63;132.60;;;02.05.2025;6.63;3859891224609;Hrana
SUHE TRUBAÈE 30 g;61064;;0.0300;kg;5.29;176.33;;;02.05.2025;5.29;3859891224630;Hrana
SUHE LISIÈARKE 50 g;61065;;0.0500;kg;7.99;159.80;;;02.05.2025;7.99;3859891224593;Hrana
MIRIS.VREÆICE LAVAND.CVIJ.20 g;61270;Luxor;1.0000;kom;2.49;2.49;;;02.05.2025;2.49;3858881584013;Sredstva za èi¹æenje
©LAG TEK.DOLCELA BILJNI 0,5 L;61292;Dolcela;0.5000;L;2.19;4.38;;;02.05.2025;2.19;3850104230578;Hrana
©EÆ.SMEÐI BILINGTON DARK 500 g;61382;Billington´S;0.5000;kg;3.59;7.18;;;02.05.2025;3.59;5010651001313;Hrana
LIMUNOV SOK REALEMON 250 ml;61383;Realemon;0.2500;l;2.89;11.56;;;02.05.2025;2.89;5410233710822;Hrana
GEL ÈI©.LIC.3U1 SN PURE 150 ml;61405;LOREAL;0.1500;L;6.99;46.60;;;02.05.2025;6.99;3600540565402;Kozmetika
LIMETA SOK REALIME 250 ml;61411;Realime;0.2500;l;2.89;11.56;;;02.05.2025;2.89;5410233740829;Hrana
LIMUNOV SOK REALEMON 500 ml;61412;Realemon;0.5000;l;4.49;8.98;;;02.05.2025;4.51;5410233711829;Hrana
KUS KUS TIPIAK INSTANT  500 g;61413;Tipiak;0.5000;kg;2.99;5.98;;;02.05.2025;4.09;3165440007082;Hrana
BULGUR P©ENICA 500 g;61432;Tipiak;0.5000;kg;4.19;8.38;;;02.05.2025;5.49;3165440009260;Hrana
SVJE®E TIJ. PIZZA WEWAL.400 g;61452;Stanic;0.4000;kg;1.99;4.98;;;02.05.2025;1.99;9001536011677;Hrana
MASKA AFRODITA VIT.6+6 ml;61458;Afrodita;1.0000;kom;2.69;2.69;;;02.05.2025;2.69;3830001296211;Kozmetika
TEK.SAP.PAL.MILK&HONEY 750 ml;61465;Palmolive;0.7500;L;4.55;6.07;;;02.05.2025;4.55;8693495008297;Kozmetika
©AM.SCHAUMA REGENERACI.400 ml;61524;Schauma;0.4000;L;2.99;7.48;;2.79;02.05.2025;2.79;3838824138923;Kozmetika
POLI NAREZAK 150 g;61595;Poli;0.1500;kg;1.99;13.27;;;02.05.2025;1.99;3838977012897;Hrana
BOMBONI NEGRO MINT 100 g;61625;Negro;0.1000;kg;0.79;7.90;;;02.05.2025;0.79;5310002360749;Hrana
DRESSI.DEVELEY COCKTAIL 75 ml ;61631;Develey;0.7500;L;0.79;1.05;;;02.05.2025;0.79;4006824008013;Hrana
DRESS.DEVELEY ULJE I OC.75 ml ;61632;Develey;0.0750;l;0.79;10.53;;;02.05.2025;0.79;4006824018180;Hrana
DES.DUKATIN.ÈOKO LJE©.4X62,5 g;61676;Dukat;0.2500;kg;1.99;7.96;;;02.05.2025;1.99;3850354003854;Hrana
ZAÈ.PAPAR ZELEN.KOTANYI 100 g;61868;Kotanyi;0.1000;kg;7.79;77.90;;;02.05.2025;7.79;9001414050026;Hrana
ZAÈ.PAPAR BIJELI KOTANYI 52 g;61878;Kotanyi;0.0520;kg;4.49;86.35;;;02.05.2025;3.99;9001414003237;Hrana
ZAÈIN KIM CIJELI KOTANYI 28 g;61882;Kotanyi;0.0280;kg;1.39;49.64;;;02.05.2025;1.29;9001414015308;Hrana
VINO KAIKEN ESTATE MAL.0,75 L ;62028;;0.7500;L;8.99;11.99;;;02.05.2025;8.99;7804303555013;Piæa
VINO KAIKEN CABER.SAUVI.0,75 L;62029;;0.7500;L;9.22;12.29;;;02.05.2025;9.22;7804303555006;Piæa
DRESS.DEVELEY BALSAMICO 75 ml ;62098;Develey;0.0750;L;0.79;10.53;;;02.05.2025;0.79;4006824018067;Hrana
TJ.TALIANETTA UM.GLJIVE 140 g;62365;Podravka;0.1400;kg;2.49;17.79;;;02.05.2025;2.49;3850104230967;Hrana
TJ.TALIANETTA CARBONARA 160 g;62366;Podravka;0.1600;kg;2.49;15.56;;;02.05.2025;2.49;3850104230943;Hrana
VODKA COSMOPOLITAN MARASKA 1 L;62423;Maraska;1.0000;l;11.99;11.99;;;02.05.2025;11.52;3850158409005;Piæa
VODKA MARASKA 0,1 L;62424;;0.1000;l;1.69;16.90;;;02.05.2025;1.69;3850158409104;Piæa
VINO I LAMBRUSCO GINA 0,75 L;62535;Gina;0.7500;L;3.22;4.29;;;02.05.2025;3.22;8009620202483;Piæa
VINO H.BIN 343 CA/SH 0,75 L ;62538;Weingut Schloss Fels;0.7500;l;5.02;6.69;;;02.05.2025;5.02;9311043093302;Piæa
TJEST.TALIANETTA 4 SIRA 145 g;62752;Podravka;0.1450;kg;2.49;17.17;;;02.05.2025;2.49;3850104231025;Hrana
TJ.TALIANETTA NAPOLITANA 160 g;62753;Podravka;0.1600;kg;2.49;15.56;;;02.05.2025;2.49;3850104230981;Hrana
TJ.TALIANETTA BOLOGNESE 160 g;62754;Podravka;0.1600;kg;2.49;15.56;;;02.05.2025;2.49;3850104230950;Hrana
SOJA PUDING ALP.VANIL.4X125 g;62781;Alpro;0.5000;kg;3.69;7.38;;;02.05.2025;3.69;54051140;Piæa
VINO CAB.SAU.MONTES RE.0,75 L ;62804;;0.7500;L;9.32;12.43;;;02.05.2025;9.32;7804303271142;Piæa
VINO MERLOT MONTES RESE.0,75 L;62806;;0.7500;L;9.32;12.43;;;02.05.2025;9.32;7804303271166;Piæa
RI®A SPAR PARBOILED 1 kg;62880;SPAR;1.0000;kg;2.79;2.79;;;02.05.2025;2.79;9100000863009;Hrana
®ITARICE SPAR MED 500 g;62883;SPAR;0.5000;kg;2.99;5.98;;;02.05.2025;2.99;9100000783505;Hrana
D®EM SPAR EXTRA VI©NJA 450 g;62886;SPAR;0.4500;kg;2.79;6.20;;;02.05.2025;2.79;9100000967806;Hrana
D®EM SPAR EXTRA MARELICA 450 g;62887;SPAR;0.4500;kg;2.79;6.20;;;02.05.2025;2.79;9100000967967;Hrana
D®EM SPAR EXTRA JAGODA 450 g;62888;SPAR;0.4500;kg;2.79;6.20;;;02.05.2025;2.79;9100000967929;Hrana
MARM.SPAR EXTRA NARANÈA 450 g;62897;SPAR;0.4500;kg;2.79;6.20;;;02.05.2025;2.79;9100000967868;Hrana
PEKMEZ SPAR ©LJIVA 440 g;62898;SPAR;0.4400;kg;2.79;6.34;;;02.05.2025;2.79;9100000985909;Hrana
®ITNA KA©ICA ÈOKOLINO 200 g;63024;Èokolino;0.2000;kg;2.59;12.95;;;02.05.2025;2.59;3850104230011;Hrana
®ITNA KA©ICA GRISOLINO 200 g;63027;Lino;0.2000;kg;2.19;10.95;;;02.05.2025;2.19;3850104230035;Hrana
NAMAZ ST.DALFOUR NARANÈA 284 g;63028;St Dalfour;0.2840;kg;4.69;16.51;;;02.05.2025;4.69;3492390007429;Hrana
®ITNA KA©ICA KEKSOLINO 200 g;63029;Keksolino;0.2000;kg;2.59;12.95;;;02.05.2025;2.59;3850104230066;Hrana
VINO KOZLOVIÆ MU©KAT 0,5 L;63333;;0.5000;L;19.69;39.38;;;02.05.2025;19.69;3859893243011;Piæa
®ITNA KA©ICA MEDOLINO 200 g;63649;Lino;0.2000;kg;2.39;11.95;;;02.05.2025;2.39;3850104430084;Hrana
®ITNA KA©ICA FRUTOLINO 200 g;63650;Lino;0.2000;kg;2.59;12.95;;;02.05.2025;2.59;3850104230073;Hrana
®ITNA KA©ICA KEKSOLINO 500 g;63717;Keksolino;0.5000;kg;4.99;9.98;;;02.05.2025;4.99;3850104218804;Hrana
Paprika crvena rog rfs;63726;;1.0000;kg;2.99;2.99;;;02.05.2025;3.99;3858885877005;Hrana
©TAPIÆI KVIKI MAXI S KIK.190 g;63780;Kviki;0.1900;kg;;6.47;1.23;1.54;02.05.2025;1.54;3850104235283;Hrana
JOG.KREM STRACC.EUFORIJA 150 g;63797;Freska;0.1500;kg;0.95;6.33;;;02.05.2025;0.95;3850108037630;Hrana
JOG.KREM EUFO.CRISPY MIX 150 g;63799;Freska;0.1500;kg;0.95;6.33;;;02.05.2025;0.95;3850108037654;Hrana
NAPITAK ALPRO SOJA VANIL.1 L;64076;Alpro;1.0000;l;4.09;4.09;;;02.05.2025;4.09;5411188081852;Piæa
ÈAJNI KOLUTIÆI KRA© 800 g;64078;Kra¹;0.8000;kg;3.89;4.86;;;02.05.2025;2.99;3870450001356;Hrana
ZUB.È.AQUAFRESH CLEAN 1+1;64120;Aquafresh;1.0000;kom;2.79;2.79;;;02.05.2025;2.79;5054563931870;Kozmetika
VINO CHARDON.MONTES RE.0,75 L ;64126;;0.7500;L;9.32;12.43;;;02.05.2025;9.32;7804303271159;Piæa
VOÆ.NEKTAR BRUSNICA-ARON. 1 L;64158;Juicy;1.0000;l;2.89;2.89;;;02.05.2025;2.69;3858890970630;Piæa
VINO VRH.GRA©EVINA BELJE 0,75L;64177;;0.7500;l;11.02;14.69;;;02.05.2025;11.02;3850257019051;Piæa
LEDENI ÈAJ VINDI BRESKVA 0.5 L;64259;;0.5000;l;1.09;2.18;;;02.05.2025;1.09;3850108073355;Piæa
NAPITAK ALPRO SOJA VAN.250 ml;64327;Alpro;0.2500;l;1.59;6.36;;;02.05.2025;1.59;5411188082620;Piæa
NAPITAK ALPRO SOJA ÈOKO.250 ml;64329;Alpro;0.2500;l;1.59;6.36;;;02.05.2025;1.59;5411188082637;Piæa
SLADILO SUSSINA 39 g;64330;Sussina;0.0390;kg;2.19;56.15;;;02.05.2025;2.19;90125072;Hrana
EXTRAWURST VINDVAC 250 g;64410;Cekin;0.2500;kg;2.29;9.16;;;02.05.2025;2.29;3850159122132;Hrana
®ITNA KA©ICA KARAMELINO 200 g;64735;Lino;0.2000;kg;2.49;12.45;;;02.05.2025;2.49;3850104230042;Hrana
VINO BABIÆ PILI.-BAR.0,75 L ;64761;;0.7500;l;12.22;16.29;;;02.05.2025;12.22;3859892261030;Piæa
CROISSANT BAULI KAKAO 300 g;65063;Bauli;0.3000;kg;3.79;12.63;;;02.05.2025;3.79;8001720645825;Hrana
ALUMINIJSKA FOLIJA 20m;65331;;1.0000;kom;4.99;4.99;;;02.05.2025;4.99;5949509000058;Proizvodi za kuæanstvo
VINO DU.POD.RAG.CRNO 0,75 L;65368;;0.7500;l;4.81;6.41;;;02.05.2025;4.81;3859890164173;Piæa
UNI.SREDS.AJAX LILAC BREZE 1 L;65419;Ajax;1.0000;L;3.69;3.69;;;02.05.2025;3.69;8718951278516;Sredstva za èi¹æenje
ÈOK.ROCHER FERRERO T4X16 50 g;65505;Ferrero;0.0500;kg;1.89;37.80;;;02.05.2025;1.89;80177043;Hrana
Svinjski bubreg HR;65533;;1.0000;kg;1.99;1.99;;;02.05.2025;1.99;3858881613485;Hrana
UMAK CHIO TORTILLA SALSA 200 g;65546;Chio;0.2000;kg;3.49;17.45;;;02.05.2025;3.49;4001242108222;Hrana
UMAK SOJA KIKKOMAN MARIN.250 g;65551;Kikkoman;0.2500;kg;;15.96;3.99;6.79;02.05.2025;6.79;8715035210301;Hrana
TORTILLAS LA FIESTA CORN 320 g;65552;Casa Fiesta;0.3200;kg;2.99;9.34;;;02.05.2025;2.99;5412514934958;Hrana
ÈOKOLADA DORINA RI®A 220 g;65681;Dorina;0.2200;kg;3.49;15.86;;3.49;02.05.2025;4.49;3850102123452;Hrana
ÈOKOLADA DORINA RI®A 75 g ;65682;Dorina;0.0750;kg;1.89;25.20;;;02.05.2025;1.89;3850102123681;Hrana
VLA®..TOA.PAP.LOVELY 60/1;65684;Lovely;60.0000;kom;1.29;0.02;;;02.05.2025;1.29;9100000948492;Toaletne potrep¹tine
MASLINE ZELEN.OLICOOP BK 450 g;66019;Olicoop;0.2270;kg;4.09;18.02;;;02.05.2025;4.09;8410522004776;Hrana
MASLINE CRNE OLICOOP BK 450 g;66022;Olicoop;0.2270;kg;4.09;18.02;;;02.05.2025;4.09;8410522004813;Hrana
VINO PLAVAC MILI VRHUNS.0,75 L;66967;;0.7500;l;10.72;14.29;;;02.05.2025;10.72;3850142172168;Piæa
LIKER AMARO RAMAZZOTTI 0,7 L;67115;;0.7000;L;11.97;17.10;;;02.05.2025;11.97;8006550301040;Piæa
KEKS GRANCEREALE ÈOKOLAD.230 g;67326;Mulino;0.2300;kg;2.79;12.13;;;02.05.2025;2.79;8076809540155;Hrana
IN.KAVA JACOBS 3U1 MILKA 18 g;67328;Jacobs;0.0180;kg;0.45;25.00;;;02.05.2025;0.45;8711000532744;Piæa
BOJA PALETTE  DE LUXE 555;67604;Palette;1.0000;kom;;4.99;4.99;5.99;02.05.2025;5.99;3838824176796;Kozmetika
KOLAÈ MAÐARICA 300 g;67972;;0.3000;kg;3.59;11.97;;;02.05.2025;3.59;3859893089015;Hrana
SIR SVJE®I VARA®DINSKI 800 g;68107;Vindija;0.8000;kg;4.99;6.24;;;02.05.2025;4.99;3850108058420;Hrana
VINO BARON D ARIGNAC 0,75 L;68249;;0.7500;l;3.59;4.79;;;02.05.2025;3.59;3263286314989;Piæa
WC NET ENERGY AKT.ULO®AK 38 g;68307;Wc Net;1.0000;kom;2.79;2.79;;;02.05.2025;2.79;8004050096398;Sredstva za èi¹æenje
PIRE KRUMPIR SPAR 230 g;68900;SPAR;0.2300;kg;;6.48;1.49;1.79;02.05.2025;1.79;9100000045658;Hrana
TJES.NATUR PUR TORI PISA 500 g;69209;Natur pur;0.5000;kg;1.72;3.44;;;02.05.2025;1.72;9100000156200;Hrana
SOK NATUR PUR POVRTNI 0,75 L;69214;Natur pur;0.7500;l;2.39;3.19;;;02.05.2025;2.36;9100000115238;Piæa
SOK NATUR PUR MRKVA 0,75 L;69221;Spar Natur pur;0.7500;l;2.39;3.19;;;02.05.2025;2.32;9100000028026;Piæa
SOK NATUR PUR CIKLA BIO 0,75 L;69229;Spar Natur pur;0.7500;l;2.39;3.19;;;02.05.2025;2.35;9100000027999;Piæa
SOK NATUR PUR RAJÈICA 0,75 L;69230;Spar Natur pur;0.7500;l;2.19;2.92;;;02.05.2025;2.19;9100000115184;Piæa
ULO©.ALWAYS ULT.S.PL.DUO 2X8;69360;Always;16.0000;kom;3.45;0.22;;;02.05.2025;3.45;4015400006756;Toaletne potrep¹tine
ULO©.ALWAYS ULT.NOR.DUO 2X10;69369;Always;20.0000;kom;3.49;0.17;;;02.05.2025;3.49;8006540995839;Toaletne potrep¹tine
VINO ERDUT GRA©EVINA VRH.0,75L;70258;;0.7500;L;9.49;12.65;;;02.05.2025;9.49;3859889193597;Piæa
RAJÈ.SJECK.PODRAVKA LIM.400 g;70530;Podravka;0.4000;kg;1.99;4.98;;;02.05.2025;1.99;3850104238802;Hrana
TJEST.RAGUSA PU®IÆI 65 400 g;70541;Paradiso;0.4000;kg;1.59;3.98;;;02.05.2025;1.59;3859889154055;Hrana
TJEST.RAGUSA VALVICE 400 g;70542;Paradiso;0.4000;kg;2.38;5.95;;;02.05.2025;2.38;3859890765134;Hrana
TJEST.RAGUSA REZANCI EX.400 g;70544;Paradiso;0.4000;kg;2.38;5.95;;;02.05.2025;2.38;3859889154611;Hrana
©AMP.H&S CITRUS FRESH 400 ml ;70657;Head&Shoulders;0.4000;L;;12.48;4.99;6.19;02.05.2025;6.19;5011321336032;Kozmetika
©AMPON H&S ÈISTA I 400 ml ;70659;Head&Shoulders;0.4000;L;;12.48;4.99;6.19;02.05.2025;6.19;5011321336049;Kozmetika
©AMP.H&S HIDRATIZIRANA 400 ml ;70660;Head&Shoulders;0.4000;L;;12.48;4.99;6.19;02.05.2025;6.19;5011321336063;Kozmetika
©AMP.H&S OCEAN ENERGY 400 ml ;70663;Head&Shoulders;0.4000;L;;12.48;4.99;6.19;02.05.2025;6.19;5011321336117;Kozmetika
©AMPON H&S SENSITIVE 400 ml ;70664;Head&Shoulders;0.4000;L;;12.48;4.99;6.19;02.05.2025;6.19;5011321336124;Kozmetika
ÈAJ SPAR ©IPAK 20/1 56 g;70680;SPAR;0.0560;kg;1.69;30.18;;;02.05.2025;1.69;9100100122051;Piæa
ÈAJ SPAR MENTA 20/1 40 g;70686;SPAR;0.0400;kg;1.69;42.25;;;02.05.2025;1.69;9100100122105;Piæa
ÈAJ SPAR KAMILICA 20/1 28 g;70689;SPAR;0.0280;kg;1.69;60.36;;;02.05.2025;1.69;9100100122150;Piæa
ÈAJ SPAR VOÆNI 20/1 40 g;70691;SPAR;0.0400;kg;1.69;42.25;;;02.05.2025;1.69;9100100122259;Piæa
VINO PER©URIÆ M.MALVAZ.0,75 L;70813;;0.7500;L;10.49;13.99;;;02.05.2025;7.99;3859890165019;Piæa
VINO ROSSI MALVAZIJA 0,75 L ;70814;;0.7500;L;17.29;23.05;;;02.05.2025;17.29;3859891585014;Piæa
PA©TETA ARGETA KOKO©.PIK.95 g;70817;Argeta;0.0950;kg;1.39;14.63;;;02.05.2025;1.39;3838471007382;Hrana
SIR EMMENTAL PRESIDENT 250 g;70848;President;0.2500;kg;5.59;22.36;;;02.05.2025;5.59;3228023910039;Hrana
SIR GORGONZOLA GALBANI 150 g;70849;Galbani;0.1500;kg;3.79;25.27;;;02.05.2025;3.79;8000430058765;Hrana
VINO LUKAÈEVIÆ GRA©EVINA 1 L;70868;;1.0000;l;4.89;4.89;;;02.05.2025;4.89;3859892543280;Piæa
ZOB.PAHULJICE S-BUDGET 500 g;70882;S-Budget;0.5000;kg;0.79;1.58;;;02.05.2025;0.79;9100000027203;Hrana
SPRAY OUST 3U1 400 ml ;70957;Oust;0.4000;L;3.99;9.98;;;02.05.2025;3.99;5000204307542;Sredstva za èi¹æenje
Sir Dragec dimljeni;70958;Euro Milk;1.0000;kg;15.99;15.99;;;02.05.2025;15.99;3859889770750;Hrana
Sir Dragec su¹eni;70960;Euro Milk;1.0000;kg;15.99;15.99;;;02.05.2025;15.99;3859889770767;Hrana
Sir Dragec crvena paprika;70961;Euro Milk;1.0000;kg;15.99;15.99;;;02.05.2025;15.99;3859889770774;Hrana
Sir Dragec èe¹njak;70962;Euro Milk;1.0000;kg;15.99;15.99;;;02.05.2025;15.99;3859889770781;Hrana
Sir Dragec zeleni papar;70963;Euro Milk;1.0000;kg;15.99;15.99;;;02.05.2025;15.99;3859889770798;Hrana
Vrh.kiselo 20%mm;70966;Euro Milk;1.0000;kg;4.89;4.89;;;02.05.2025;4.89;3859889770170;Hrana
VRHNJE KIS.12% EURO-MILK 180 g;70969;Euro Milk;0.1800;kg;0.79;4.39;;;02.05.2025;0.79;3859889770187;Hrana
©AMPON H&S ZA PUNOÆU 400 ml;71358;Head&Shoulders;0.4000;L;;12.48;4.99;6.19;02.05.2025;6.19;4084500610668;Kozmetika
©AM.H&S HLADI I OSVJE®.400 ml;71361;Head&Shoulders;0.4000;L;;12.48;4.99;6.19;02.05.2025;6.19;5011321336094;Kozmetika
VINO SKARAM.DINGAÈ BQ 0,75 L;71500;;0.7500;l;22.39;29.85;;;02.05.2025;22.39;3859888214316;Piæa
PUDING ÈOK.DR.OETKER 49 g(3+1);71623;Dr. Oetker;0.1470;kg;2.37;16.12;;;02.05.2025;2.37;5997381375658;Hrana
PUDING VAN.DR.OETKER 38 g(3+1);71624;Dr. Oetker;0.1140;kg;2.37;20.79;;;02.05.2025;2.37;5997381375627;Hrana
ÈOKOLADA DORINA JAFFA 100 g;71829;Kra¹;0.1000;kg;1.99;19.90;;;02.05.2025;1.99;3850102123827;Hrana
Pastrva kalifornijska ;71868;;1.0000;kg;7.29;7.29;;;02.05.2025;7.29;;Hrana
JOGO VOÆNI JAGODA-BRESK.150 g;71973;Dukat;0.1500;kg;0.59;3.93;;;02.05.2025;0.59;3850354003526;Hrana
BEZ ALK.PIÆE  FIS NARANÈA 2 L;72111;;2.0000;l;1.95;0.98;;;02.05.2025;1.95;3850108072846;Piæa
LABELLO CHERRY SHINE 4,8 g;72113;Labello;1.0000;kom;3.49;3.49;;;02.05.2025;3.49;9005800362946;Kozmetika
MLIJEKO UHT 2,8% Z BREGOV 2 L;72159;Vindija;2.0000;L;;0.89;1.78;2.04;02.05.2025;2.04;3850108020656;Hrana
SIR I VRHNJE DUKAT 200 g ;72177;Dukat;0.2000;kg;1.99;9.95;;;02.05.2025;1.99;3850355000845;Hrana
JUHA KREM OD VRGANJA PODR.60 g;72224;Podravka;0.0600;kg;1.39;23.17;;;02.05.2025;1.39;3850104214653;Hrana
TORTELLINI ALIBERT MESO 250 g;72262;Alibert;0.2500;kg;2.39;9.56;;;02.05.2025;2.39;8008450002416;Hrana
TORTELLINI ALIBERT SIR 250 g;72264;Alibert;0.2500;kg;2.39;9.56;;;02.05.2025;2.39;8008450072419;Hrana
TORTELLINI ALIBERT PR©UT 250 g;72265;Alibert;0.2500;kg;2.39;9.56;;;02.05.2025;2.39;8008450991093;Hrana
VRH.KIS.DOMAÆE 25% ZBREG.300 g;72278;Vindija;0.3000;kg;;5.30;1.59;1.89;02.05.2025;1.89;3850108036480;Hrana
BEZ ALK.PIÆE SOK FIS JAB. 2 L;72302;;2.0000;l;1.95;0.98;;;02.05.2025;1.95;3850108072839;Piæa
DEO STICK AXE DARK TEMPT.50 ml;72309;Axe;0.0500;L;4.59;91.80;;;02.05.2025;4.59;8717644326671;Kozmetika
DEO SPRAY AXE TEMPTAT.150 ml;72310;Axe;0.1500;L;4.55;30.33;;;02.05.2025;4.55;8717644277379;Kozmetika
KRUH WASA DELIKATES 270 g;72342;Wasa;0.2700;kg;2.89;10.70;;;02.05.2025;2.89;7300400117951;Hrana
KRUH  WASA SEZAM 200 g;72343;Wasa;0.2000;kg;2.89;14.45;;;02.05.2025;2.89;7300400112734;Hrana
MALINA 125 g;73008;;0.1250;kg;1.59;12.72;;;02.05.2025;2.59;8032140012171;Hrana
SOLNA KISELINA 9% 1 L;73274;Meteor;1.0000;l;1.59;1.59;;;02.05.2025;1.59;3859890222675;Sredstva za èi¹æenje
©AMPON SCHAUMA KIDS 250 ml;73284;Schauma;0.2500;L;;10.76;2.69;2.79;02.05.2025;4.35;3838824167664;Kozmetika
VINO CASILLERO CAB.SAUV.0,75 L;73288;;0.7500;l;10.02;13.36;;;02.05.2025;10.02;7804320303178;Piæa
SAFALADA 300 g ;73297;Gavrilovic;0.3000;kg;2.79;9.30;;;02.05.2025;2.79;3858881225916;Hrana
INSTANT KAVA FRANCK 2U1 15 g;73415;Franck;0.0150;kg;0.39;26.00;;;02.05.2025;0.39;3858881083622;Piæa
INST.MJE©.ZA KAV.FRAN.3U1 18 g;73416;Franck;0.0180;kg;0.39;21.67;;;02.05.2025;0.39;3858881083646;Piæa
CAPPUCCINO FRANCK CLAS. 200 g;73419;Franck;0.2000;kg;3.29;16.45;;;02.05.2025;3.29;3858881083615;Piæa
INDIJSKI ORA.PR®.NUTLINE 125 g;73427;Nutline;0.1250;kg;3.69;29.52;;;02.05.2025;3.29;3800048188657;Hrana
BADEM PR®ENI NUTLINE 125 g;73430;Nutline;0.1250;kg;3.29;26.32;;;02.05.2025;2.99;5941445676212;Hrana
TRAKE ZA DEPIL.TIJ.ÈUPKO 16/1;73443;Cupko;16.0000;kom;4.89;0.31;;;02.05.2025;4.89;3859888495500;Kozmetika
GIN FINSBURRY DRY 0,70L;73496;;0.7000;l;13.99;19.99;;;02.05.2025;13.99;4062400111218;Piæa
MLI.LAG.JUT.1,5%M.M.DUKAT 1 L ;73506;Dukat;1.0000;L;1.99;1.99;;;02.05.2025;1.99;3850354017103;Hrana
Lignja ju¾noafrièka;73518;;1.0000;kg;24.99;24.99;;;02.05.2025;24.99;93856024300837;Hrana
BRIJAÈ GILLETTE VENUS 2UP;73919;Gillette;1.0000;kom;8.59;8.59;;8.59;02.05.2025;8.59;7702018886166;Kozmetika
VINO CECCHI CHIANTI DO. 0,75 L;74034;;0.7500;L;10.62;14.16;;;02.05.2025;10.62;8006030002412;Piæa
PATRONE VENUS BREEZE 4S;74099;Secret;1.0000;kom;19.89;19.89;;;02.05.2025;19.89;7702018886364;Kozmetika
BOJA ZA KOSU CASTING 600 ;74194;LOREAL;1.0000;kom;6.59;6.59;;;02.05.2025;6.59;3600521372807;Kozmetika
BOJA ZA KOSU CASTING 535;74200;LOREAL;1.0000;kom;6.59;6.59;;;02.05.2025;6.59;3600521372777;Kozmetika
BOJA ZA KOSU CASTING 400 ;74202;LOREAL;1.0000;kom;6.59;6.59;;;02.05.2025;6.59;3600521370865;Kozmetika
BOJA ZA KOSU CASTING 300;74203;LOREAL;1.0000;kom;6.59;6.59;;;02.05.2025;6.59;3600521372692;Kozmetika
®ICA INOX 2/1;74327;;2.0000;kom;1.89;0.95;;;02.05.2025;1.89;3859888122512;Proizvodi za kuæanstvo
KAVA NATUR PUR BIO 250 g;74456;Natur pur;0.2500;kg;3.99;15.96;;;02.05.2025;3.99;9100100001554;Piæa
SLAD.QUATTRO FANTASY 1650 ml;74504;Ledo;1.6500;l;7.49;4.54;;;02.05.2025;7.49;3850116036144;Hrana
VREÆE ZA SMEÆE BEZ VEZ.LD 10/1;74573;;10.0000;kom;1.99;0.20;;;02.05.2025;1.99;3859891367825;Proizvodi za kuæanstvo
VREÆE ZA SMEÆE S VEZ.HD 15/1;74575;;15.0000;kom;1.34;0.09;;;02.05.2025;1.34;3859891367849;Proizvodi za kuæanstvo
LIKER ANTIQUE PEL.BADEL  0,7 L;74588;Badel;0.7000;l;17.02;24.31;;;02.05.2025;15.39;3850112110572;Piæa
REG.NIVEA DIAM.GLOSS 200 ml;74637;Nivea;0.2000;L;3.99;19.95;;;02.05.2025;3.99;42246213;Kozmetika
DEO SP.NIVEA  DOUBLE EF.150 ml;74646;Nivea;0.1500;L;4.99;33.27;;;02.05.2025;4.99;4005808735495;Kozmetika
DEO ROLL ON NIVEA DO.EFF.50 ml;74649;Nivea;0.0500;L;4.99;99.80;;;02.05.2025;4.99;42242253;Kozmetika
ÈOKOLADNO JAJE PINGVIN 20 g;74675;Mickeys;0.0200;kg;1.39;69.50;;;02.05.2025;1.39;80710196;Hrana
ÈOKOLADNO JAJE BARBIE 20 g;74677;Frozen;0.0200;kg;1.39;69.50;;;02.05.2025;1.39;80712756;Hrana
BOJA PALETTE  DELUXE 345;74715;Palette;1.0000;kom;5.99;5.99;;;02.05.2025;5.99;3838824176710;Kozmetika
LOSION NIVEA SUN ZF6 200ml;74834;Nivea;0.2000;L;10.99;54.95;;;02.05.2025;10.99;4005900247186;Kozmetika
AUTAN TARME PR.MOLJACA 2/1;74872;Autan;2.0000;kom;7.69;3.85;;;02.05.2025;7.69;8002030146040;Proizvodi za kuæanstvo
MRVICE KARAMEL,VAN.KOTANY 53 g;74896;Kotanyi;0.0530;kg;3.49;65.85;;;02.05.2025;3.44;9001414004890;Hrana
ULJE MASLIN.EX.DJE.LO®I©ÆE 1 L;75121;Trenton;1.0000;L;15.99;15.99;;;02.05.2025;17.99;3859888906648;Hrana
Èajna kobasica;75197;Gavrilovic;1.0000;kg;14.99;14.99;;14.99;02.05.2025;14.99;3858892725627;Hrana
FLIPS BOBI DUOPACK 180 g;75238;Bobi;0.1800;kg;1.69;9.39;;;02.05.2025;1.69;3858891590325;Hrana
©unka u ovitku Sljeme;75307;Sljeme;1.0000;kg;9.99;9.99;;9.89;02.05.2025;9.89;3850139613117;Hrana
©TAPIÆ ©ARENI ÈUNGA LUNGA 28 g;75312;Cunga Lunga;0.0280;kg;0.79;28.21;;;02.05.2025;0.79;5310089004130;Hrana
PRIP.ZA ©LAG CREME PATI.500 ml;75483;Meggle;0.5000;L;1.99;3.98;;;02.05.2025;1.99;4034900027757;Hrana
VODA STUDENA SPORT. ÈEP 0,5 L;75780;;0.5000;l;.84;1.68;;;02.05.2025;.84;3856022300300;Piæa
SOL KUHINJ. TUZLA SITNA 250 g ;75807;Tuzlanska Sol;0.2500;kg;0.99;3.96;;;02.05.2025;0.99;3870009000144;Hrana
ZAÈIN MJ.VEGETA PODRAVKA 150 g;75810;Podravka;0.1500;kg;1.99;13.27;;;02.05.2025;1.99;3850104226212;Hrana
MAÈJA HR.GOURM.RIBA ©PIN.85 g;75843;Gourmet Gold;0.0850;kg;0.89;10.47;;;02.05.2025;.92;7613036365284;Proizvodi za kuæanstvo
MAÈJA HR.GOURM.GOV.PIL.85 g;75844;Gourmet Gold;0.0850;kg;0.89;10.47;;;02.05.2025;.92;7613032816766;Proizvodi za kuæanstvo
PJENA TAFT POWER CASH.200 ml;75866;Taft;0.2000;L;3.99;19.95;;3.99;02.05.2025;3.89;9000100477789;Kozmetika
HRANA ZA PSE DARL.ME.POV.500 g;76169;Darling;0.5000;kg;1.99;3.98;;;02.05.2025;1.99;7613032933746;Proizvodi za kuæanstvo
HRANA ZA PSE DARL.ME.POV.3 kg;76171;Darling;3.0000;kg;9.09;3.03;;;02.05.2025;9.09;7613032933760;Proizvodi za kuæanstvo
HRANA ZA PSE DARL.ME.POV.15 kg;76174;Darling;15.0000;kg;41.09;2.74;;;02.05.2025;41.09;7613032933821;Proizvodi za kuæanstvo
MUSLI VITALIS TAMNA ÈOKO.375 g;76178;Vitalis;0.3750;kg;4.39;11.71;;;02.05.2025;4.39;4000521002954;Hrana
VINO ROMANCA POLUS.0,75 L ;76303;;0.7500;l;4.79;6.39;;;02.05.2025;4.79;3870083000252;Piæa
VINO SHIRAZ CABE.FOX GR.0,75 L;76327;;0.7500;l;4.62;6.16;;;02.05.2025;4.62;9360153000489;Piæa
©EÆER SMEÐI KOCKA RIOPAK 1 kg;76355;Rio Pak;1.0000;kg;4.99;4.99;;;02.05.2025;5.04;3859888279223;Hrana
RI®A RIOPAK BASMATI 1 kg ;76358;Rio Pak;1.0000;kg;3.49;3.49;;;02.05.2025;3.49;3859888279155;Hrana
RI®A RIOPAK DUGO ZRNO 1 kg;76361;Rio Pak;1.0000;kg;1.99;1.99;;;02.05.2025;1.98;3859888279445;Hrana
KETCHUP PODRAVKA BLAGI 1 kg;76573;Podravka;1.0000;kg;2.69;2.69;;;02.05.2025;2.69;3850104240836;Hrana
RI®A SCOTTI ARBORIO 500 g;76586;Scotti;0.5000;kg;2.99;5.98;;;02.05.2025;3.71;8001860201516;Hrana
©EÆER SMEÐI RIO PAK 750 g;76629;Rio Pak;0.7500;kg;2.19;2.92;;;02.05.2025;2.19;3859888279698;Hrana
VINO VEZAK GRA©EVINA 0,75 L;76734;;0.7500;l;6.52;8.69;;;02.05.2025;6.52;3850112170217;Piæa
VINO ENJINGI RAJ.RIZ.K.0,75 L;76865;;0.7500;l;13.92;18.56;;;02.05.2025;13.92;3859892375218;Piæa
©AMP.SCHAUMA RE.I NJEGA 250 ml;77072;Schauma;0.2500;L;2.69;10.76;;2.49;02.05.2025;2.99;3838824136394;Kozmetika
SLADOLED ©TAPIÆ KONTIKI 70 ml;77106;Ledo;0.0700;L;0.99;14.14;;;02.05.2025;0.99;3850116842974;Hrana
OME.FROSH BADEMOVO MLIJ.750 ml;77130;Frosch;0.7500;L;;2.87;2.15;2.69;02.05.2025;2.69;4009175182654;Sredstva za èi¹æenje
OMEK.FROSH ALOE VERA 750 ml;77132;Frosch;0.7500;L;;2.87;2.15;2.69;02.05.2025;2.69;4009175182661;Sredstva za èi¹æenje
PREZERVATIV DUREX LOVE 4/1;77404;Durex;4.0000;kom;;0.70;2.79;3.49;02.05.2025;3.49;5999005966662;Toaletne potrep¹tine
ZUBNA PASTA SIGNAL WHITE 75 ml;77405;Signal;0.0750;L;4.29;57.20;;;02.05.2025;4.29;8717644461068;Kozmetika
PIVO UNION 0,5 L LIMENKA;77599;Union;0.5000;l;1.23;2.46;;;02.05.2025;1.23;3838999050013;Piæa
GEL U STIKU DERM HERBAL 10ml;77652;VAPE;10.0000;ml;3.99;0.40;;;02.05.2025;3.99;8006320016990;Kozmetika
RAKIJA KOMOVICA BADEL 1L ;77672;Badel;1.0000;l;13.22;13.22;;;02.05.2025;13.22;3850112122186;Piæa
RAKIJA TRAVARICA BADEL 1 L;77673;;1.0000;L;12.02;12.02;;;02.05.2025;12.02;3850112122193;Piæa
KEKS LOTUS KARAMEL.250 g;77687;Lotus;0.2500;kg;2.69;10.76;;;02.05.2025;2.69;5410126716016;Hrana
KETCHUP HEINZ BLAGI 570 g ;77747;Heinz;0.5700;kg;4.25;7.46;;;02.05.2025;2.99;8715700421469;Hrana
VINOBRAN DR.OETKER 10g;77757;Dr. Oetker;0.0100;kg;0.29;29.00;;;02.05.2025;0.29;5997381340762;Hrana
DES.MLI.MONTE MAX.ZOTT 4x100 g;77979;Zott;0.4000;kg;2.65;6.63;;;02.05.2025;2.65;40145389;Hrana
®VAKE ORBIT BLUEBERY DRA®.14 g;78044;Wrigley;0.0140;kg;.99;70.71;;;02.05.2025;.99;42123880;Hrana
ULO©CI LIBRESSE LIGHT 32KOM.;78054;Libresse;32.0000;kom;1.75;0.05;;;02.05.2025;1.39;7322541195209;Toaletne potrep¹tine
HRANA ZA PSE PEDIG.ADU.4X100 g;78411;Pedigree;0.4000;kg;2.99;7.48;;;02.05.2025;2.99;5900951021015;Proizvodi za kuæanstvo
DENTASTIX PEDIGREE 720 g;78412;Pedigree;0.7200;kg;8.99;12.49;;;02.05.2025;7.19;5998749105214;Proizvodi za kuæanstvo
DENTASTIX PEDIGREE 77 g;78413;Pedigree;0.0770;kg;1.79;23.25;;;02.05.2025;1.43;5998749104392;Proizvodi za kuæanstvo
DENTASTIX PEDIGREE 45 g;78414;Pedigree;0.0450;kg;1.19;26.44;;;02.05.2025;0.95;5998749106877;Proizvodi za kuæanstvo
BAKALAR BIANCO 600 g;78671;Trenton;0.6000;kg;9.99;16.65;;;02.05.2025;9.99;3859888906389;Hrana
VAFEL LOACKER VANILIJA 175 g;78723;Loacker;0.1750;kg;2.19;12.51;;;02.05.2025;2.19;8000380007240;Hrana
PRO-SPORT IZOT.LIM.GREJ.0,75 L;78768;;0.7500;l;1.59;2.12;;;02.05.2025;1.59;3858884601830;Piæa
VODA JAMN.SENS.LIME.KIW.0,5 L;78769;Jamnica;0.5000;l;1.12;2.24;;;02.05.2025;1.12;3858884602264;Piæa
POSEBNA KOBASICA 800 g;78842;Gavrilovic;0.8000;kg;7.09;8.86;;;02.05.2025;7.09;3858881229044;Hrana
OCAT ALKOHOLNI S-BUDGET 1 L;78940;S-Budget;1.0000;L;;0.47;0.47;0.69;02.05.2025;0.69;3856021222276;Hrana
OCAT JABUÈNI S-BUDGET 1 L;78941;S-Budget;1.0000;l;;0.79;0.79;1.05;02.05.2025;1.05;3856021222290;Hrana
OCAT VINSKI S-BUDGET 1 L;78942;S-Budget;1.0000;l;;0.75;0.75;1.09;02.05.2025;1.09;3856021222313;Hrana
LISNATO TIJESTO S-BUDGET 500 g;79001;S-Budget;0.5000;kg;1.19;2.38;;;02.05.2025;1.19;3856021218033;Hrana
MLIJEÈNI NAMAZ S BUDGET 70 g;79057;S-Budget;0.0700;kg;0.55;7.86;;;02.05.2025;0.55;3858889110757;Hrana
VRHNJE KIS.S BUDGE.12%MM 180 g;79058;S-Budget;0.1800;kg;0.69;3.83;;;02.05.2025;0.69;3858889110771;Hrana
JOGURT TEK.3,2% S BUDGET 180 g;79059;S-Budget;0.1800;kg;0.37;2.06;;;02.05.2025;0.37;3858889110740;Hrana
BRA©N.GLAT.T-550 S-BUDGET 1 kg;79107;S-Budget;1.0000;kg;0.75;0.75;;;02.05.2025;0.75;3858889116506;Hrana
BRA©.O©TRO T-400 S-BUDGET 1 kg;79110;S-Budget;1.0000;kg;0.79;0.79;;;02.05.2025;0.80;3858889116513;Hrana
DODATAK JELIMA S-BUDGET 250 g;79115;S-Budget;0.2500;kg;0.79;3.16;;;02.05.2025;0.79;3859888513655;Hrana
JAJA S BUDGET M 10/1;79156;S-Budget;10.0000;kom;2.39;0.24;;;02.05.2025;2.39;3858889110177;Hrana
JAJA S BUDGET L 10/1;79158;S-Budget;10.0000;kom;2.59;0.26;;;02.05.2025;2.59;3858889110160;Hrana
©TAPIÆI SLANI S BUDGET 250 g;79242;S-Budget;0.2500;kg;0.79;3.16;;;02.05.2025;0.79;3858889110184;Hrana
ÈIPS SLANI S BUDGET 90 g;79246;S-Budget;0.0900;kg;0.84;9.33;;;02.05.2025;0.84;3858889111884;Hrana
ÈIPS SLANI S BUDGET 150 g;79247;S-Budget;0.1500;kg;0.89;5.93;;;02.05.2025;0.89;3858889111877;Hrana
ÈIPS PAPRIKA S BUDGET 90 g;79248;S-Budget;0.0900;kg;0.84;9.33;;;02.05.2025;0.84;3858889111907;Hrana
ÈIPS PAPRIKA S BUDGET 150 g;79250;S-Budget;0.1500;kg;0.89;5.93;;;02.05.2025;0.89;3858889111891;Hrana
KA©A PROSENA MGP 1kg ;79259;Mgp;1.0000;kg;3.49;3.49;;;02.05.2025;3.44;3859889377027;Hrana
AJVAR S-BUDGET BLAGI 680 g;79305;S-Budget;0.6800;kg;2.79;4.10;;;02.05.2025;2.79;3858889112249;Hrana
CIKLA S-BUDGET REZANA 670 g;79307;S-Budget;0.3600;kg;1.45;4.03;;;02.05.2025;1.45;3858889110900;Hrana
KRASTAVCI S-BUDGET 3-6 670 g;79308;S-Budget;0.3500;kg;1.95;5.57;;;02.05.2025;1.95;3858889112256;Hrana
KRASTAVCI S-BUDGET 6-9 670 g;79309;S-Budget;0.3300;kg;;4.21;1.39;1.65;02.05.2025;1.65;3858889112263;Hrana
KUPUS KIS.REZ. S BUDGET 500 g;79489;S-BUDGET;0.4350;kg;0.92;2.11;;;02.05.2025;0.92;3856021204005;Hrana
Kupus kiseli gl.s-budget;79490;S-BUDGET;1.0000;kg;1.79;1.79;;;02.05.2025;1.79;3856021206078;Hrana
Kruh bijeli S Budget 500 g;79650;S-Budget;0.5000;kg;0.74;1.48;;;02.05.2025;0.74;3858889110351;Hrana
Pec.bij.¹tan.S B 3/1 240 g;79663;S-Budget;0.2400;kg;1.12;4.67;;;02.05.2025;1.12;3858889110320;Hrana
GAZIR. PIÆE LIMUN S BUDGET 2 L;79950;S-Budget;2.0000;l;1.09;0.55;;;02.05.2025;1.02;3856021216428;Piæa
GAZIR. PIÆE COLA S BUDGET 2 L;79955;S-Budget;2.0000;l;1.09;0.55;;;02.05.2025;1.02;3856021216244;Piæa
GAZIR. PIÆE NARAN.S BUDGET 2 L;79958;S-Budget;2.0000;l;1.09;0.55;;;02.05.2025;1.02;3856021216404;Piæa
SOL S-BUDGET KRUP.MORSKA 1 kg;80038;S-Budget;1.0000;kg;0.49;0.49;;;02.05.2025;0.49;3858889116643;Hrana
SOL S-BUDGET SITNA MORSKA 1 kg;80039;S-Budget;1.0000;kg;0.49;0.49;;;02.05.2025;0.49;3858889116636;Hrana
RAFFAELLO 230 g;80140;Rafaello;0.2300;kg;5.99;26.04;;;02.05.2025;5.99;4008400183022;Hrana
LISTOVI ZA SAVIJ.CLARUM 500 g ;80157;Clarum;0.5000;kg;1.85;3.70;;;02.05.2025;1.85;3859888231702;Hrana
LIST.ZA SAVI.CLARUM  BK 500 g ;80158;Clarum;0.5000;kg;1.69;3.38;;;02.05.2025;1.69;3859888231719;Hrana
SOL ODISEJ KRUPNA MORS.1 kg KK;80355;Odisej;1.0000;kg;0.89;0.89;;;02.05.2025;0.89;3859888817012;Hrana
SOL ODISEJ SIT.MORSKA 1 kg KK;80358;Odisej;1.0000;kg;0.89;0.89;;;02.05.2025;0.89;3859888817005;Hrana
SOL ODISEJ SITNA MORSKA 250g;80360;Odisej;0.2500;kg;1.29;5.16;;;02.05.2025;1.29;3859888817166;Hrana
SOL ODISEJ SITNA MORSKA 500g;80361;Odisej;0.5000;kg;1.49;2.98;;;02.05.2025;1.49;3859888817258;Hrana
Pileæa prsa PP;80412;Perutnina;1.0000;kg;11.59;11.59;;;02.05.2025;11.59;93850220153464;Hrana
VODA JAMN.SENS.LIME.KIW.1,5 L;80493;Jamnica;1.5000;l;1.69;1.13;;;02.05.2025;1.69;3858884602349;Piæa
PA©TETA ARGETA LOSOS 95 g ;80608;Argeta;0.0950;kg;2.39;25.16;;;02.05.2025;2.4;3838471013109;Hrana
PIKO PARIZER 400 g;80854;Piko;0.4000;kg;3.89;9.73;;3.89;02.05.2025;3.99;3850139191134;Hrana
ULO©.LIBRESS.INVIS.CLIP 10/1;80914;Libresse;10.0000;kom;2.25;0.23;;;02.05.2025;1.79;7322540337938;Toaletne potrep¹tine
TJE.S-BUDGET PENNE RIGATE 1 kg;80918;S-Budget;1.0000;kg;1.85;1.85;;;02.05.2025;1.85;9100000715704;Hrana
TJEST.S-BUDGET FUSILLI 1 kg;80920;S-Budget;1.0000;kg;1.85;1.85;;;02.05.2025;1.85;9100000715681;Hrana
TJES.S-BUDGET SPAGHETTI 1 kg;80926;S-Budget;1.0000;kg;1.85;1.85;;;02.05.2025;1.85;9100000715643;Hrana
MAÈJA HRANA FRIS.MES.JET.300 g;80979;Friskies;0.3000;kg;2.45;8.17;;;02.05.2025;2.45;7613031868308;Proizvodi za kuæanstvo
MAÈJA HRANA FRIS.PIL.JET.300 g;80983;Friskies;0.3000;kg;2.45;8.17;;;02.05.2025;2.45;7613031868247;Proizvodi za kuæanstvo
MAÈJA HRANA FRIS.LOS.TUN.300 g;80990;Friskies;0.3000;kg;2.45;8.17;;;02.05.2025;2.45;7613031868063;Proizvodi za kuæanstvo
SIR SVJE®I POS.S BUDGET 500 g;81083;S-Budget;0.5000;kg;1.99;3.98;;;02.05.2025;1.99;3858889110764;Hrana
©UM.TAB.NATUREL MAGNEZIJ 96 g;81086;Naturel;0.0960;kg;1.89;19.69;;;02.05.2025;2.25;3858887241743;Hrana
©UM.TAB.NATUR. VITAMIN C  96 g;81087;Naturel;0.0960;kg;1.89;19.69;;;02.05.2025;2.29;3858887241712;Hrana
©UM.TAB.NATUREL MULTIVITA.96 g;81088;Naturel;0.0800;kg;1.89;23.63;;;02.05.2025;2.29;3858887241729;Hrana
FLIPS BOBI PIZZA 70 g;81209;Bobi;0.0700;kg;0.95;13.57;;;02.05.2025;0.95;3858891590103;Hrana
TUNA DESPAR NATURAL 3X80 g;81283;Despar;0.1680;kg;4.29;25.54;;;02.05.2025;4.29;8001300285045;Hrana
TUNA DESPAR NATURAL 2X160 g;81284;Despar;0.2240;kg;5.19;23.17;;;02.05.2025;5.19;8001300285069;Hrana
RI®A DESPAR ROMA 1 kg;81287;Despar;1.0000;kg;3.49;3.49;;;02.05.2025;3.49;8001300400479;Hrana
RI®A DESPAR ARBORIO 1 kg;81289;Despar;1.0000;kg;3.99;3.99;;;02.05.2025;3.99;8001300400493;Hrana
RI®A DESPAR PARBOILED 1 kg;81290;Despar;1.0000;kg;3.49;3.49;;;02.05.2025;3.49;8001300400486;Hrana
PI©KOTE DESPAR SAVOIARDI 400 g;81293;Despar;0.4000;kg;1.75;4.38;;;02.05.2025;1.75;8001300800675;Hrana
ULJE MASLIN.EX.DJE.DESPAR 1 L;81294;Despar;1.0000;L;;7.99;7.99;12.99;02.05.2025;12.99;8001300243441;Hrana
ÈISTAÈ DR.BECKMAN.KER.P.250 ml;81355;Dr. Beckmann;0.2500;L;3.69;14.76;;;02.05.2025;3.69;4008455601915;Sredstva za èi¹æenje
PJENU©AC MU©K.PENIN.0,75 L;81393;;0.7500;l;10.19;13.59;;;02.05.2025;10.19;3830001601558;Piæa
©LJIVE SUHE SEEBERGER BK 200 g;81484;Seeberger;0.2000;kg;4.29;21.45;;;02.05.2025;4.29;4008258291016;Hrana
VODKA ABSOLUT BLUE 0,70 L;81708;Absolut;0.7000;l;17.62;25.17;;;02.05.2025;17.62;7312040017683;Piæa
PUD.S-BUDGET VANILIJA 3X40 g;81727;S-Budget;0.1200;kg;0.59;4.92;;;02.05.2025;0.59;3858889113062;Hrana
PUD.S-BUDGET ÈOKOLADA 3X40 g;81731;S-Budget;0.1200;kg;0.59;4.92;;;02.05.2025;0.59;3858889113055;Hrana
VANILIN ©EÆER S-BUDGET 5X10 g;81739;S-Budget;0.0500;kg;.39;7.80;;;02.05.2025;.39;3858889113185;Hrana
PRA©.ZA PECIVO S-BUDGET 5X10 g;81741;S-Budget;0.0500;kg;.52;10.40;;;02.05.2025;.52;3858889113147;Hrana
©LAG PJENA S-BUDGET 3X36 g;81742;S-Budget;0.1080;kg;1.19;11.02;;;02.05.2025;1.19;3858889113178;Hrana
KETCHUP S-BUDGET BLAGI 1 kg;81744;S-Budget;1.0000;kg;1.69;1.69;;;02.05.2025;1.69;3856021215391;Hrana
PRA©AK ZA PEC.PODRAV.12g (5+1);81786;Podravka;0.0600;kg;0.99;16.50;;;02.05.2025;0.99;3850104242175;Hrana
SIR DRAUTALE.U LISTIÆIMA 150 g;81948;Kaerntner;0.1500;kg;2.65;17.67;;;02.05.2025;2.65;9004283038706;Hrana
RAJÈICA MUTTI POMODORINI 400 g;82372;Mutti;0.2400;kg;2.99;12.46;;;02.05.2025;2.99;8005110550508;Hrana
TARTUFI I VRGANJ.ZIGANTE 130 g;82378;Zigante;0.1300;kg;16.98;130.62;;;02.05.2025;16.98;3859889179317;Hrana
TARTUFATA ZIGANTE 130 g;82385;Zigante;0.1300;kg;13.49;103.77;;;02.05.2025;13.49;3859889179218;Hrana
SLANINA SUHA S BUDGET VP;82389;S-Budget;1.0000;kg;14.29;14.29;;;02.05.2025;14.29;3856018804515;Hrana
MAJONEZA THOMY TUBA 265 g;82441;Thomy;0.2650;kg;3.99;15.06;;;02.05.2025;3.99;7613287084545;Hrana
DIMLJENI VRAT VP S BUDGET;82647;S-Budget;1.0000;kg;11.89;11.89;;;02.05.2025;11.89;3858881617889;Hrana
KREMA D OLIVE ZA RUKE I 250 ml;82690;Dalan;0.2500;L;3.59;14.36;;;02.05.2025;3.59;8690529009732;Kozmetika
VINO MADIR.PLAVAC MALI 0,75 L;82696;;0.7500;l;12.09;16.12;;;02.05.2025;11.99;3859889833424;Piæa
VINO MADIR.PLAV.BARR.0,75 L ;82697;;0.7500;l;15.79;21.05;;;02.05.2025;15.79;3859889833325;Piæa
MIX ORA©ÈIÆA SEEBERGER 150 g;82704;Seeberger;0.1500;kg;4.99;33.27;;;02.05.2025;4.99;4008258150092;Hrana
TARTUFI I ©AMPI.ZIGANTE 180 g;82706;Zigante;0.1800;kg;13.29;73.83;;;02.05.2025;13.29;3859889179423;Hrana
VINO BLATO PO©IP 1 L;82838;;1.0000;L;5.34;5.34;;;02.05.2025;5.34;3859888154308;Piæa
VINO PRODAN TERAN   0,75 L;82845;;0.7500;l;7.96;10.61;;;02.05.2025;7.96;3859890283065;Piæa
KREMA NEUTROGE.ZA RUKE 75 ml;83058;Neutrogena;0.0750;L;4.49;59.87;;;02.05.2025;4.49;3574660239829;Kozmetika
BOM.FISHERMAN FRIEND ORIG.25 g;83584;Fisherman's;0.0250;kg;1.79;71.60;;;02.05.2025;1.79;50357024;Hrana
®IT.NESTLE ÈOK.LOPT.MIX 325 g;83598;Nestlé;0.3250;kg;4.59;14.12;;;02.05.2025;4.39;7613032028251;Hrana
ZAÈIN DUCROS CHILI 38 g;83602;McCormic;0.0380;kg;2.99;78.68;;;02.05.2025;2.99;3166290200852;Hrana
MJ.QUINOA&BOULG.P©ENICE 400 g;83618;Tipiak;0.4000;kg;6.29;15.73;;;02.05.2025;6.29;3600900010696;Hrana
NEKTAR FRUCTAL NARANÈA 1 L;83700;Fructal;1.0000;L;1.99;1.99;;;02.05.2025;1.99;3838945029216;Piæa
NEKTAR FRUCTAL JABUKA 1 L;83707;Fructal;1.0000;L;1.89;1.89;;;02.05.2025;1.89;3838945029209;Piæa
PAP.MARAMICE S BUDGET 100/1;83881;S-Budget;100.0000;kom;0.95;0.01;;;02.05.2025;0.95;9100000161471;Toaletne potrep¹tine
INSTANT KAVA FRANCK 200 g;83907;Franck;0.2000;kg;8.19;40.95;;;02.05.2025;8.19;3850291055220;Piæa
SIR MOZZARELLA GALBANI 125 g;83908;Galbani;0.1250;kg;2.19;17.52;;;02.05.2025;2.19;8000430133035;Hrana
KREMA ME HIDR.P.UMO.KO®E 50 ml;84351;LOREAL;0.0500;L;8.99;179.80;;;02.05.2025;8.99;3600520297262;Kozmetika
ENERG.PIÆE SB CLASSIC 0,25 L;84421;S-Budget;0.2500;l;.63;2.52;;;02.05.2025;.63;9100000754581;Piæa
ULJE BUÈINO 0,25 L ÈK.MLINOVI;84545;Cakovecki Mlinovi;0.2500;L;5.29;21.16;;;02.05.2025;5.29;3858884170534;Hrana
MUSLI NATUREL CLASSIC 350 g;84743;Naturel;0.3500;kg;3.59;10.26;;;02.05.2025;3.59;3858887240739;Hrana
MUSLI NATUREL FRUIT 350 g;84744;Naturel;0.3500;kg;3.59;10.26;;;02.05.2025;3.59;3858887240708;Hrana
MUSLI NATUREL ÈOK.BANANA 350 g;84745;Naturel;0.3500;kg;3.59;10.26;;;02.05.2025;3.59;3858887240722;Hrana
VRHNJE KISELO DUK.12%MM 900 g;84766;Dukat;0.9000;kg;3.99;4.43;;;02.05.2025;3.99;3850354009863;Hrana
VRHNJE KISELO DUK.20%MM 900 g;84767;Dukat;0.9000;kg;4.49;4.99;;;02.05.2025;4.49;3850354009887;Hrana
BOMBONI EUKA 250 g;84889;Euka;0.2500;kg;3.31;13.24;;;02.05.2025;3.31;5310002460456;Hrana
Orada 600-800 g;84951;;1.0000;kg;11.99;11.99;;;02.05.2025;11.99;3859891926688;Hrana
VINO VRH.BLATINA ANDRIJA 0,75L;84981;Blatina Andrija;0.7500;L;13.42;17.89;;;02.05.2025;13.42;3871126000024;Piæa
VINO CASA DE C.CARMENER.0,75 L;85034;;0.7500;L;5.29;7.05;;;02.05.2025;5.29;7804661041104;Piæa
VINO CASA DE CAM.SAUVIG.0,75 L;85044;;0.7500;l;5.29;7.05;;;02.05.2025;5.29;7804661041111;Piæa
BRITVICE GILLETTE BLUE 3 3/1;85045;Gillette;3.0000;kom;3.99;1.33;;3.99;02.05.2025;3.99;7702018489619;Kozmetika
BRITVICE GILLETTE BLUE 3 6+2;85046;Gillette;6.0000;kom;7.49;1.25;;7.49;02.05.2025;7.29;7702018489978;Kozmetika
BIO sir polutvr.Ortenburger NP;85083;Natur pur;1.0000;kg;15.99;15.99;;;02.05.2025;15.99;9004283631303;Hrana
TUNA PA©TETA ARGETA 45 g;85196;Argeta;0.0450;kg;1.29;28.67;;;02.05.2025;1.29;38381461;Hrana
Juneæe bijele kosti;85199;;1.0000;kg;3.49;3.49;;;02.05.2025;3.49;3859892958855;Hrana
JAJA M RAZ.PERFA SPAR XXL 30/1;85283;Exclusive bei SPAR;30.0000;kom;6.99;0.23;;;02.05.2025;6.99;3859889711234;Hrana
ZAÈIN CIMET MLJ.KOTANYI 180 g;85797;Kotanyi;0.1800;kg;6.49;36.06;;;02.05.2025;5.59;9001414073735;Hrana
BAGUETTE SA B.LUKOM SPAR 175 g;85831;SPAR;0.1750;kg;1.29;7.37;;;02.05.2025;1.29;9100000007861;Hrana
BAGUE.SA ZAÈ.BILJEM SPAR 175 g;85832;SPAR;0.1750;kg;1.29;7.37;;;02.05.2025;1.29;9100000007847;Hrana
NAPIT.ÈOK.SPAR 1,2%M.M.250 ml;85835;SPAR;0.2500;L;0.85;3.40;;;02.05.2025;.79;9100000835969;Hrana
SOFT CAKE S-BUDGET NAR.125 g;85870;S-Budget;0.1250;kg;0.99;7.92;;;02.05.2025;0.99;3858889110221;Hrana
SIR TOPLJE.PICOK CLASSIC 140 g;85883;Dukat;0.1400;kg;2.09;14.93;;;02.05.2025;2.09;3850355007660;Hrana
SIR TOPLJENI PICOK DIMSI 140 g;85884;Dukat;0.1400;kg;2.09;14.93;;;02.05.2025;2.09;3850355007684;Hrana
KREMA NEVEN 100 ml;85991;Encian;0.1000;L;1.99;19.90;;;02.05.2025;1.99;3859891205776;Kozmetika
WHISKEY OLD SMUGGLER 0,7 L;85992;Ballantines;0.7000;l;12.59;17.99;;;02.05.2025;12.59;5010327605005;Piæa
BOJA PALETTE ICC G3;85996;Palette;1.0000;kom;;3.49;3.49;4.25;02.05.2025;4.25;3838824184180;Kozmetika
BOJA ZA KOSU PALETTE ICC W5;85997;Palette;1.0000;kom;;3.49;3.49;4.25;02.05.2025;4.25;3838824184203;Kozmetika
GEL TU© FA CA&CO.OIL M. 250 ml;86009;Fa;0.2500;L;2.75;11.00;;;02.05.2025;2.75;9000100504287;Kozmetika
KARAME.KIKI TUTTI FRUTTI 100 g;86029;Kra¹;0.1000;kg;1.03;10.30;;1.03;02.05.2025;1.29;3850102516704;Hrana
KARAMELA KIKI PLUS 100 g;86031;Kiki;0.1000;kg;1.03;10.30;;1.03;02.05.2025;1.29;3850102005871;Hrana
KARAMELA KIKI TUTTI FRU. 200 g;86038;Kiki;0.2000;kg;;9.25;1.85;1.91;02.05.2025;2.39;3850102516742;Hrana
BOMBONI BRONHI ORIGINAL 100 g;86040;Kra¹;0.1000;kg;1.29;12.90;;;02.05.2025;1.29;3850102516797;Hrana
BOMBONI BRONHI ORIGINAL 200 g;86041;Kra¹commerce;0.2000;kg;2.39;11.95;;;02.05.2025;2.39;3850102516803;Hrana
BOMBONI GUMENI KIKI COLA 90 g;86044;Kiki;0.0900;kg;;10.56;0.95;1.03;02.05.2025;1.29;3850102214990;Hrana
BOMB.GUMENI KIKI ZMIJA 100 g;86045;Kiki;0.1000;kg;;9.50;0.95;1.03;02.05.2025;1.29;3850102216376;Hrana
KARAME.KIKI TUTTI FRUTTI 400 g;86048;Kiki;0.4000;kg;3.09;7.73;;3.09;02.05.2025;3.89;3850102516759;Hrana
KONJSKI BALZAM 250 ml;86049;Encian;0.2500;L;3.79;15.16;;;02.05.2025;3.79;3859891205714;Kozmetika
DRA®EJE CASALI RUM KOKOS 175 g;86053;Manner;0.1750;kg;4.19;23.94;;;02.05.2025;4.19;9000332813973;Hrana
BALZAM GLISS EXP.OIL NU.200 ml;86239;Gliss Kur;0.2000;L;5.59;27.95;;;02.05.2025;5.59;9000100398701;Kozmetika
PASIRA.RAJÈICA NATUR PUR 680 g;86406;Natur pur;0.6800;kg;1.99;2.93;;;02.05.2025;1.99;9100000076966;Hrana
TJEST.RAGUSA REZANCI EX.400 g;86429;Paradiso;0.4000;kg;2.38;5.95;;;02.05.2025;2.38;3859889154628;Hrana
KOLAÈ MUFFINS DOLCELA 350 g;86454;Podravka;0.3500;kg;3.99;11.40;;;02.05.2025;3.99;3850104244834;Hrana
KOL.MUFFINS ÈOKO.DOLCELA 350 g;86455;Podravka;0.3500;kg;3.99;11.40;;;02.05.2025;3.99;3850104244827;Hrana
RAJÈICA KONCEN.NATUR PUR 200 g;86507;Natur pur;0.2000;kg;2.19;10.95;;;02.05.2025;2.19;9100000737768;Hrana
POLPA NATUR PUR 680 g;86508;Natur pur;0.6800;kg;2.39;3.51;;;02.05.2025;2.39;9100000076942;Hrana
RAJÈ.PELAT NATUR PUR BIO 400 g;86509;Natur pur;0.4000;kg;1.49;3.73;;;02.05.2025;1.49;9100000076904;Hrana
RAJÈICA SJECK.NATUR PUR 400 g;86510;Natur pur;0.4000;kg;1.29;3.23;;;02.05.2025;1.29;9100000076928;Hrana
MUSLI PL.ÈOKOLADA BIO  6X25 g;86517;Spar Natur pur;0.1500;kg;1.32;8.80;;;02.05.2025;1.32;9100000043708;Hrana
RI®IN SNACK N.P.KOK.ÈOK.100 g;86531;Natur pur;0.1000;kg;1.99;19.90;;;02.05.2025;1.49;9100000772202;Hrana
KUKUR.SNACK NATUR PUR 110 g;86532;Spar Natur pur;0.1100;kg;1.49;13.55;;;02.05.2025;1.52;9100000090399;Hrana
RI®IN SNACK N.P.VI©EZRN.100 g;86533;Spar Natur pur;0.1000;kg;1.29;12.90;;;02.05.2025;1.29;9100000772240;Hrana
OCAT JABUÈNI NAT.PUR 5% 0,5 L;86544;Natur pur;0.5000;l;2.99;5.98;;;02.05.2025;2.99;9100000052304;Hrana
OCAT BALSAMICO NATUR PUR 0,5 L;86545;Natur pur;0.5000;L;4.49;8.98;;;02.05.2025;4.49;9100000052458;Hrana
TUNA RIO MARE MAS.ULJE 6X80 g ;86680;Rio Mare;0.3120;kg;9.99;32.02;;;02.05.2025;9.99;8004030005044;Hrana
ULO©.LIBRE.CLASS.DEO DNEV.50/1;86708;Libresse;50.0000;kom;1.95;0.04;;;02.05.2025;1.49;7322540261455;Toaletne potrep¹tine
ULO©.LIBRRESSE MAXI CLIP 20/1;86712;Libresse;20.0000;kom;2.85;0.14;;;02.05.2025;2.19;7322540576450;Toaletne potrep¹tine
®VAKE ÈUNGA LUNGA TATTOO 15 g;87027;Cunga Lunga;0.0150;kg;0.39;26.00;;;02.05.2025;0.39;5310089001405;Hrana
®VAKE ÈUNGA LUNGA COLA 15 g;87034;Cunga Lunga;0.0150;kg;0.39;26.00;;;02.05.2025;0.39;5310089001467;Hrana
©EÆER TRSKA NATUR PUR 500 g;87119;Natur pur;0.5000;kg;1.99;3.98;;;02.05.2025;1.99;9100000059549;Hrana
©EÆ.KOCKA TRSKA NAT.PUR 500 g;87120;Natur pur;0.5000;kg;3.31;6.62;;;02.05.2025;3.31;9100000059198;Hrana
BIO BRA©NO PIR PUN.ZRNO 1 kg;87145;Natur pur;1.0000;kg;2.59;2.59;;;02.05.2025;2.65;9100000090702;Hrana
BRA©NO P©.NATUR PUR T-480 1 kg;87146;Natur pur;1.0000;kg;1.99;1.99;;;02.05.2025;1.99;9100000090559;Hrana
BRA©NO P©.NATUR PUR T-700 1 kg;87147;Natur pur;1.0000;kg;1.99;1.99;;;02.05.2025;1.99;9100000090603;Hrana
BRA©.RA®ENO NATUR PUR BIO 1 kg;87148;Natur pur;1.0000;kg;1.59;1.59;;;02.05.2025;1.59;9100000090658;Hrana
MAÈJA HR.GOUR.PER.GOV.MR.85 g;87162;Gourmet;0.0850;kg;0.89;10.47;;;02.05.2025;1.06;7613287605559;Proizvodi za kuæanstvo
MAÈ.HRANA GOURMET PER.PIL.85 g;87165;Gourmet;0.0850;kg;0.89;10.47;;;02.05.2025;1.06;7613032867942;Proizvodi za kuæanstvo
PIVO MEGA PAN 2 L;87299;Pan;2.0000;l;3.42;1.71;;;02.05.2025;3.42;3858887580415;Piæa
ÈOKOLADA DORINA NOISETTE 80 g;87370;Dorina;0.0800;kg;1.89;23.63;;;02.05.2025;1.89;3850102125173;Hrana
PIÆE OD SOKA BRESKVE 1 L;87405;Fructal;1.0000;L;1.89;1.89;;;02.05.2025;1.89;3838945029223;Piæa
OCAT ACETO BALSAMICO 500 ml;87511;;0.5000;l;4.99;9.98;;;02.05.2025;4.99;8014347000090;Hrana
DEO SPR.GARNIER ACTION 150 ml;87604;Garnier;0.1500;L;4.59;30.60;;;02.05.2025;4.59;3600540795113;Kozmetika
DEO ROLL ON GARNIER ACT.50 ml;87608;Garnier;0.0500;L;4.59;91.80;;;02.05.2025;4.59;3600540928870;Kozmetika
DEO SPRAY REXONA SEXY 150 ml;87658;Rexona;0.1500;L;4.79;31.93;;;02.05.2025;2.99;8717644585337;Kozmetika
DEO SPRAY REXONA SHOWER 150 ml;87663;Rexona;0.1500;L;4.79;31.93;;;02.05.2025;2.99;8711600350212;Kozmetika
PILE MEÐIMURSKO;87679;Perutnina;1.0000;kg;3.31;3.31;;;02.05.2025;3.31;3850220111157;Hrana
PRALINE HAMLET GOLD 125 g;87696;Hamlet;0.1250;kg;5.99;47.92;;;02.05.2025;5.99;5400265019055;Hrana
BRITVICE GILLETTE BLUE II 5/1;87715;Gillette;5.0000;kom;3.49;0.70;;3.49;02.05.2025;3.49;7702018849031;Kozmetika
TJES.SVJ.DESPAR STROZZ. 500 g;87932;Despar;0.5000;kg;1.79;3.58;;;02.05.2025;1.79;8001300610236;Hrana
VANIL.©EÆ.DR.OETKER BURBON 30g;87998;Dr. Oetker;0.0300;kg;1.29;43.00;;;02.05.2025;1.29;5997381345750;Hrana
TEK.SAP.PALMOLIVE OLIVE 750 ml;88151;Palmolive;0.7500;L;4.55;6.07;;;02.05.2025;4.55;8693495025263;Kozmetika
TEK.OSV.DUCK MARINE 750 ml;88323;Duck;0.7500;L;1.69;2.25;;1.69;02.05.2025;1.69;5000204164466;Sredstva za èi¹æenje
KOBASICA TIROLSKA 400 g ;88471;Pik;0.4000;kg;4.39;10.98;;;02.05.2025;4.39;3850139171235;Hrana
CEDEVITA LIMETA 200 g;88473;Cedevita;0.2000;kg;2.09;10.45;;;02.05.2025;2.09;3850322007099;Piæa
ÈAJ MATIÈNJAK AGRISTAR 20 g;88507;Agristar;0.0200;kg;1.69;84.50;;;02.05.2025;1.69;3858886503736;Piæa
SIR ZA PIZZU PRESIDENT 350 g;88541;President;0.3500;kg;4.59;13.11;;;02.05.2025;4.59;3850355001811;Hrana
SLADOL.TORTA OD ÈOKO.LEDO 1 kg;88629;Ledo;1.0000;kg;17.99;17.99;;;02.05.2025;17.99;3850116875699;Hrana
Mortadela s maslinama;88893;Pik;1.0000;kg;10.49;10.49;;;02.05.2025;10.49;3850139613452;Hrana
Mortadela Pik;88896;Pik;1.0000;kg;10.49;10.49;;;02.05.2025;10.49;3850139613421;Hrana
©unka Pik fina;88897;Pik;1.0000;kg;16.49;16.49;;;02.05.2025;16.49;3850139250626;Hrana
LOSION POS.SUN.AMBRE S.200ml;88904;Garnier;0.2000;L;10.99;54.95;;;02.05.2025;10.99;3600540659279;Kozmetika
BU SPU®VA ZA SUÐE 10/1;89092;S-BUDGET;10.0000;kom;1.79;0.18;;;02.05.2025;1.79;9100000536088;Proizvodi za kuæanstvo
Jabuka Jonagold rfs;89748;;1.0000;kg;1.49;1.49;;;02.05.2025;1.49;3858893252412;Hrana
Jabuka Granny S.rfs;89751;;1.0000;kg;1.89;1.89;;;02.05.2025;1.89;3859889267885;Hrana
SPR.NIVEA SUN KIDS ZF50+ 200ml;89816;Nivea;0.2000;L;18.99;94.95;;;02.05.2025;18.99;4005808856671;Kozmetika
UMAK BARILLA POMODORO 400 g;89877;Barilla;0.4000;kg;3.29;8.23;;;02.05.2025;3.29;8076809513395;Hrana
VREÆE ZA SMEÆE S VEZ.LD 12/1;89972;;12.0000;kom;1.79;0.15;;;02.05.2025;1.79;3859891367818;Proizvodi za kuæanstvo
VINO ZLATAN PO©IP EKO 0,75 L;90433;;0.7000;l;14.38;20.54;;;02.05.2025;14.38;3859888437531;Piæa
RAKIJA BOROVNICA PRODAN 0,5L;90443;;0.5000;l;8.98;17.96;;;02.05.2025;8.98;3859890283324;Piæa
RAKIJA PRODAN BISKA 0,5L;90447;Prosek;0.5000;l;10.28;20.56;;;02.05.2025;10.28;3859890283348;Piæa
VINO PRODAN MALVAZIJA 0,75 L;90451;;0.7500;l;5.98;7.97;;;02.05.2025;5.98;3859890283072;Piæa
VINO MU©KAT PRODAN 0,75 L;90454;;0.7500;l;9.29;12.39;;;02.05.2025;9.29;3859890283010;Piæa
WHISKEY BALLANTINES 0,7 L;90513;Ballantines;0.7000;l;15.52;22.17;;;02.05.2025;15.52;5010106113127;Piæa
KAPARI DESPAR 100 g;90684;Despar;0.0550;kg;1.39;25.27;;;02.05.2025;1.39;80414506;Hrana
PESTO DESPAR GENOVESE 190 g;90685;Despar;0.1900;kg;1.99;10.47;;;02.05.2025;1.98;8001300242925;Hrana
ARTIÈOKE DESPAR CIJELE 290 g;90686;Despar;0.2900;kg;3.49;12.03;;;02.05.2025;3.49;80414445;Hrana
ARTIÈOKE DESPAR REZANE 290 g;90687;Despar;0.2900;kg;3.39;11.69;;;02.05.2025;3.39;80414438;Hrana
LUÈICE DESPAR 300 g;90688;Despar;0.1800;kg;1.29;7.17;;;02.05.2025;1.29;80414476;Hrana
LUÈICE DESPAR KRUPNE 565 g;90689;Despar;0.3400;kg;2.29;6.74;;;02.05.2025;2.29;8001300234845;Hrana
MAHUNE DESPAR ZELENE 400 g;90692;Despar;0.2200;kg;1.39;6.32;;;02.05.2025;1.39;8001300211754;Hrana
LEÆA DESPAR KUHANA 400 g;90693;Despar;0.2500;kg;0.79;3.16;;;02.05.2025;.8;8001300243120;Hrana
SLANUTAK DESPAR 400 g;90694;Despar;0.2500;kg;0.69;2.76;;0.69;02.05.2025;.99;8001300243113;Hrana
MESNI NAREZAK PODRAVKA 100 g;90780;Podravka;0.1000;kg;1.29;12.90;;;02.05.2025;1.29;3858886463597;Hrana
KEKS.DIGESTIVE TAMNA ÈOK.200 g;90913;McVities;0.2000;kg;2.49;12.45;;;02.05.2025;2.49;5000396033335;Hrana
VREÆE ZA OTPAD LAVANDA15/1 35L;91010;;15.0000;kom;1.98;0.13;;;02.05.2025;1.98;3870075004084;Proizvodi za kuæanstvo
VREÆE S TRAKOM 8/1 70L;91013;;8.0000;kom;2.25;0.28;;;02.05.2025;2.25;3870075004107;Proizvodi za kuæanstvo
VREÆE SUPER JUMBO 10/1 140L;91019;;10.0000;kom;3.44;0.34;;;02.05.2025;3.44;3870075000970;Proizvodi za kuæanstvo
VINO BELJE CAB.SAU.VRH 0,75 L;91229;;0.7500;L;14.99;19.99;;;02.05.2025;14.99;3850257019587;Piæa
VINO BELJE MERLOT VRH. 0,75 L;91232;;0.7500;L;14.99;19.99;;;02.05.2025;14.99;3850257019570;Piæa
PASTRVA DIMLJENI FILET 75 g;91271;Tropic;0.0750;kg;4.69;62.53;;;02.05.2025;4.69;3870548000049;Hrana
PIJESAK ZA MAÈKE S BUDGET 5 kg;91489;S-Budget;5.0000;kg;2.09;0.42;;;02.05.2025;1.89;8033954555557;Proizvodi za kuæanstvo
MARGARIN ZA KOLAÈE I KUH.250 g;91500;Bakina Kuhinja;0.2500;kg;0.99;3.96;;;02.05.2025;0.99;3858883228885;Hrana
MARG.ZA KOLAÈE BAKINA K. 500 g;91501;Bakina Kuhinja;0.5000;kg;1.79;3.58;;;02.05.2025;1.79;3858883228892;Hrana
PIVO O®UJSKO PET 2 L;91502;O¾ujsko;2.0000;l;3.62;1.81;;;02.05.2025;3.62;3850131001608;Piæa
NAMAZ NUTELLA-GO 52 g;91612;Ferrero;0.0520;kg;1.69;32.50;;;02.05.2025;1.69;80050100;Hrana
VINO 45,3 PARAL.CRVEN.CUV. 1 L;91623;;1.0000;l;6.49;6.49;;;02.05.2025;6.49;3859892481131;Piæa
TORTELLONI ©PIN.S BUDGET 500 g;91660;S-Budget;0.5000;kg;1.99;3.98;;;02.05.2025;1.99;8033954556561;Hrana
CAPELLETTI S PR©UTOM SB 500 g;91661;S-Budget;0.5000;kg;1.99;3.98;;;02.05.2025;1.99;8033954556554;Hrana
Kapalonge ( ©kljenci) ;91671;;1.0000;kg;9.49;9.49;;;02.05.2025;9.49;;Hrana
KAVA INST. ANAMARIA 3U1 18 g;91758;Anamarija;0.0180;kg;0.34;18.89;;;02.05.2025;0.34;3858881770874;Piæa
®emlja 100 g;91886;Bäckerei SPAR;0.1000;kg;0.66;6.60;;;02.05.2025;0.66;1028;Hrana
PIVO PAN LIM 0,5 L 4-PACK;91976;Pan;2.0000;l;;2.13;4.25;4.71;02.05.2025;5.11;3858887580477;Piæa
VINO MALVAZIJA FESTIGA 0,75 L;92016;;0.7500;l;14.02;18.69;;;02.05.2025;14.02;3858881191914;Piæa
©krpun;92089;;1.0000;kg;9.99;9.99;;;02.05.2025;9.99;93856024302268;Hrana
DESPAR VODA MINERALNA 1,5 L;92249;Despar;1.5000;l;.49;0.33;;;02.05.2025;.45;8001300150879;Piæa
DESPAR VODA MINERALNA 0,5 L;92250;Despar;0.5000;l;.39;0.78;;;02.05.2025;.35;8001300150848;Piæa
DESPAR VODA NEGAZIRANA 1,5 L;92251;Despar;1.5000;l;.49;0.33;;;02.05.2025;.45;8001300150886;Piæa
DESPAR VODA NEGAZIRANA 0,5 L;92252;Despar;0.5000;l;.39;0.78;;;02.05.2025;.35;8001300150855;Piæa
SANGRIA DON SIMON 1,5 L;92312;Exclusive bei SPAR;1.5000;L;3.32;2.21;;;02.05.2025;3.32;8410261151625;Piæa
VINO MILIÈIÆ SELEKCIJA 0,75 L;92332;;0.7500;l;12.02;16.03;;;02.05.2025;12.02;3859888400252;Piæa
NAMAZ PHILADELPHIA NATUR 175 g;92349;Philadelphia;0.1750;kg;3.39;19.37;;;02.05.2025;3.39;7622300340285;Hrana
SALAMA ZIMSKA 650 g;92443;Pik;0.6500;kg;12.79;19.68;;;02.05.2025;12.79;3850139010589;Hrana
ÈAJNA KOBASICA XXL 650 g;92444;Pik;0.6500;kg;11.45;17.62;;;02.05.2025;11.45;3850139010541;Hrana
BOROVNICA 125 g ;92475;;0.1250;kg;1.79;14.32;;;02.05.2025;1.79;8437006505246;Hrana
PAPRIKA S-BUDGET PEÈENA 680 g;92851;S-Budget;0.4000;kg;2.99;7.48;;;02.05.2025;2.99;3858889113130;Hrana
©PINAT PIRE SPAR 350 g;92945;SPAR;0.3500;kg;0.89;2.54;;;02.05.2025;0.89;9100000821009;Hrana
SIR TOAST ZDEN.SANDWICH 150 g;92950;Zdenka;0.1500;kg;1.69;11.27;;;02.05.2025;1.69;3858888591908;Hrana
SIR TOAST ZDENKA ÈARDA© 150 g;92951;Zdenka;0.1500;kg;1.69;11.27;;;02.05.2025;1.69;3858888591878;Hrana
SIR TOAST ZDENKA EDAMAC 150 g;92952;Zdenka;0.1500;kg;1.69;11.27;;;02.05.2025;1.69;3858888591885;Hrana
VINO PLAVAC MEDITERANO 0,75 L;93087;;0.7500;l;12.09;16.12;;;02.05.2025;12.09;3850112170309;Piæa
RAKIJA BADEL MEDICA 1 L;93088;Badel;1.0000;l;14.09;14.09;;;02.05.2025;14.09;3850112110664;Piæa
VINO MADIRAZ.DINGAÈ BQ 0,75 L;93090;;0.7500;l;39.99;53.32;;;02.05.2025;39.99;3859889833363;Piæa
PRELJEV DR.OETKER ÈOKOL.200 g;93156;Dr. Oetker;0.2000;kg;3.19;15.95;;;02.05.2025;3.19;5907707050985;Hrana
PRELJ.DR.OETKER KARAMEL 200 g;93157;Dr. Oetker;0.2000;kg;3.19;15.95;;;02.05.2025;3.19;5907707051005;Hrana
RI®A S-BUDGET DUGO ZRNO 1 kg;93235;S-Budget;1.0000;kg;1.59;1.59;;;02.05.2025;1.59;3858889114915;Hrana
RI®A S-BUDGET PARBOILED 1 kg;93295;S-Budget;1.0000;kg;2.19;2.19;;;02.05.2025;2.19;9100000804910;Hrana
CAPPUCCINO NESCAFE LJE©. 136 g;93316;Nescafe;0.1360;kg;4.19;30.81;;;02.05.2025;4.19;7613034641366;Piæa
KAVA INST.NESCAFE GOLD 75 g;93324;Nescafe;0.0750;kg;5.39;71.87;;;02.05.2025;5.39;5998710981533;Piæa
ULJE OD KIKIRIKIJA DESPAR 1 L;93415;Despar;1.0000;L;3.98;3.98;;;02.05.2025;3.98;8001300091622;Hrana
ULJE KUKURUZ.KLICA DESPAR 1 L;93416;Despar;1.0000;L;2.49;2.49;;;02.05.2025;2.49;8001300091677;Hrana
TORTIL.POCO LOCO 8X20cm 320 g;93543;Poco Loco;0.3200;kg;3.49;10.91;;;02.05.2025;3.49;5412514931117;Hrana
HRENOVKE S BUDGET 250 g;93551;S-Budget;0.2500;kg;0.89;3.56;;;02.05.2025;0.89;9100000845104;Hrana
TOAL.PAP.VIOLETA VLA®NI 60/1;93586;Violeta;60.0000;kom;2.25;0.04;;;02.05.2025;2.25;3870128001664;Toaletne potrep¹tine
DESPAR GRISSINI TORINESI 250g;93609;Despar;0.2500;kg;1.69;6.76;;;02.05.2025;1.69;8001300802808;Hrana
DESPAR TOAST 330 g;93614;Despar;0.3300;kg;0.79;2.39;;;02.05.2025;0.79;8001300802174;Hrana
DESPAR KRUH TRAMEZZINI 250 g;93616;Despar;0.2500;kg;1.29;5.16;;;02.05.2025;1.29;8001300701095;Hrana
KRUH DESPAR BIJELI NAREZ.400 g;93617;Despar;0.4000;kg;1.19;2.98;;;02.05.2025;1.19;8001300701057;Hrana
TJEST.DESPAR SORPRESE 250 g;93625;Despar;0.2500;kg;1.19;4.76;;;02.05.2025;1.19;8001300415138;Hrana
TJEST.DESPAR FILINI 250 g;93627;Despar;0.2500;kg;1.19;4.76;;;02.05.2025;1.19;8001300415121;Hrana
TJEST.DESPAR FUSILLI 500 g;93632;Despar;0.5000;kg;1.49;2.98;;;02.05.2025;1.49;9100000203065;Hrana
TJES.DESPAR PENNE RIGATE 500 g;93634;Despar;0.5000;kg;1.49;2.98;;;02.05.2025;1.49;9100000203041;Hrana
KAVA S BUDGET U ZRNU 1 kg;93729;S-Budget;1.0000;kg;17.99;17.99;;;02.05.2025;17.99;9100100131503;Piæa
©unka u ovitku Pik;93812;Pik;1.0000;kg;12.99;12.99;;;02.05.2025;12.99;3850139613100;Hrana
TUNA SAL.RIO MARE COUS 160 g;93849;Rio Mare;0.1600;kg;4.68;29.25;;;02.05.2025;4.68;8004030860001;Hrana
TUNA SAL.RIO MARE COUS 2X160 g;93850;Rio Mare;0.3200;kg;8.59;26.84;;;02.05.2025;8.59;8004030860025;Hrana
PUD.ÈOK.DR.OETKER KOM.54g ;93856;Dr. Oetker;0.0540;kg;0.99;18.33;;;02.05.2025;0.99;5997381345491;Hrana
AROMA RUM DR.OETKER 38g;93859;Dr. Oetker;0.0380;kg;1.69;44.47;;;02.05.2025;1.69;5907707051067;Hrana
AROMA VANILIJA.DR.OETKER 38g;93861;Dr. Oetker;0.0380;kg;1.69;44.47;;;02.05.2025;1.69;5907707051029;Hrana
CORNFLAKES ENCIAN 500 g;93922;Encian;0.5000;kg;3.59;7.18;;;02.05.2025;3.59;5907731602310;Hrana
VODA EVIAN MINERAL.VODA 0,5L;94011;Evian;0.5000;l;.98;1.96;;;02.05.2025;.98;3068320099651;Piæa
VODA EVIAN MINERAL W. 1,5L;94015;Evian;1.5000;l;1.38;0.92;;;02.05.2025;1.38;3068320048604;Piæa
CRVENI BODEÈNJAK LEDO 525 g;94020;Ledo;0.5250;kg;7.99;15.22;;;02.05.2025;7.99;3850116878478;Hrana
OKRUGL.SA ©LJIVAMA LEDO 500 g;94022;Ledo;0.5000;kg;;4.98;2.49;3.19;02.05.2025;3.19;3850116876658;Hrana
NJOKI PREMIUM LEDO 500 g;94023;Ledo;0.5000;kg;2.99;5.98;;;02.05.2025;2.99;3850116876177;Hrana
JU©NE OKRUGLICE S-BUDGET 220 g;94049;S-Budget;0.2200;kg;0.99;4.50;;;02.05.2025;0.99;9100000044262;Hrana
OCAT BALSAM.KREM.TARTUF 250 ml;94067;Carandini;0.2500;l;6.59;26.36;;;02.05.2025;6.59;8014347006849;Hrana
OCAT BALS.KREMA ©.VOÆE 250 ml;94068;Carandini;0.2500;l;6.59;26.36;;;02.05.2025;6.59;8014347006825;Hrana
PANCETA DALMATINSKA CCA 350 g;94195;Dimmes;1.0000;kg;15.99;15.99;;;02.05.2025;15.99;3859892362041;Hrana
Pr¹ut Dimmes;94197;Dimmes;1.0000;kg;29.99;29.99;;;02.05.2025;29.99;3859892362072;Hrana
PESTO SACLA RIKOLA 190 g;94445;Sacla;0.1900;kg;3.99;21.00;;;02.05.2025;3.99;8001060005273;Hrana
NAMAZ ST.DALFOUR VI©NJA 284 g;94448;St Dalfour;0.2840;kg;4.69;16.51;;;02.05.2025;4.69;3492390007405;Hrana
BOMBONI PEZ DEXTROZE 30 g;94490;Pez;0.0300;kg;1.09;36.33;;;02.05.2025;1.09;5997255705185;Hrana
ÈOKOLADA KINDER MAXI 126 g;94666;Kinder;0.1260;kg;2.69;21.35;;;02.05.2025;2.69;80310167;Hrana
BRUSCH.MARETTI ©PINAT/SIR 70 g;94671;Maretti;0.0700;kg;;11.29;0.79;0.89;02.05.2025;0.89;3800205875000;Hrana
BRUSCH.MARET.4 VRSTE SIRA 70 g;94672;Maretti;0.0700;kg;;11.29;0.79;0.95;02.05.2025;0.95;3800205875604;Hrana
BRUSCHETTE MARETTI 70 g;94673;Maretti;0.0700;kg;;11.29;0.79;0.89;02.05.2025;0.89;3800205875307;Hrana
BRUSCHETTE MARETTI 70 g;94674;Maretti;0.0700;kg;;11.29;0.79;0.95;02.05.2025;0.95;3800205875109;Hrana
PUREÆA ROLADA 600 g;95257;Vindon;0.6000;kg;5.49;9.15;;;02.05.2025;5.49;3850339413203;Hrana
PILEÆI PANIRANI FRITESI 350 g;95263;Cekin;0.3500;kg;4.99;14.26;;;02.05.2025;4.99;3850159140471;Hrana
MEDALJONI PILEÆI CEKIN 660 g;95482;Cekin;0.6600;kg;7.49;11.35;;;02.05.2025;7.49;3850159141461;Hrana
Sir brie president;95511;President;1.0000;kg;20.99;20.99;;;02.05.2025;20.99;3228024030040;Hrana
WC NET ZA BIOL.SEPT.JAME 288 g;95659;Wc Net;0.2880;kg;9.65;33.51;;;02.05.2025;9.65;8004050193523;Sredstva za èi¹æenje
VINO ®DREPÈEVA KRV 0,75 L;95715;;0.7500;l;4.28;5.71;;;02.05.2025;4.28;8600102938083;Piæa
©unka pureæa stancija ;95736;Gavrilovic;1.0000;kg;16.19;16.19;;;02.05.2025;16.19;3859892502942;Hrana
KRUH DESPAR DURUM NAREZ.400 g;95789;Despar;0.4000;kg;1.39;3.48;;;02.05.2025;1.44;8001300701064;Hrana
©EÆER SMEÐI DESPAR 1 kg;95794;Despar;1.0000;kg;2.79;2.79;;;02.05.2025;2.79;8001300701187;Hrana
INSTANT KAKAO S BUDGET 800 g;95943;S-Budget;0.8000;kg;4.49;5.61;;;02.05.2025;4.49;9100000756349;Piæa
JAJA SVJ.PERFA M RAZRED 6/1;95944;Perfa;6.0000;kom;1.79;0.30;;;02.05.2025;1.79;3859889055802;Hrana
GEL ZA KOSU TAFT 150 ml;95976;Taft;0.1500;L;4.39;29.27;;4.39;02.05.2025;4.39;9000101723502;Kozmetika
BOJA ZA KOSU ICC C9;95978;Palette;1.0000;kom;;3.49;3.49;4.25;02.05.2025;4.25;3838824197197;Kozmetika
DVOPEK IZ CIJELOG ZRNA 225g;95998;;0.2250;kg;2.89;12.84;;;02.05.2025;2.89;3858881324855;Hrana
TUNA PA©TETA ARGETA SICIL.95 g;96144;Argeta;0.0950;kg;;17.79;1.69;1.99;02.05.2025;1.99;3838471015868;Hrana
TARTUFI I MASLINE ZIGANT.130 g;96343;Zigante;0.1300;kg;9.99;76.85;;;02.05.2025;9.99;3859889179669;Hrana
KRASTAVCI ZVIJEZDA 350 g;96424;Zvijezda;0.1400;kg;2.59;18.50;;;02.05.2025;2.59;3858882216005;Hrana
GRA©AK ZVIJEZDA 400 g;96437;Zvijezda;0.2650;kg;1.59;6.00;;;02.05.2025;1.59;3858882217057;Hrana
AJVAR ZVIJEZDA BLAGI 350 g;96441;Zvijezda;0.3500;kg;2.49;7.11;;;02.05.2025;2.49;3858882216104;Hrana
KUKURUZ ©EÆERAC ZVIJEZDA 340 g;96447;Zvijezda;0.2850;kg;1.79;6.28;;;02.05.2025;1.79;3858882217071;Hrana
NEKTAR SPAR CRNI RIBIZ 1 L;96472;SPAR;1.0000;l;2.59;2.59;;;02.05.2025;2.59;9100000115702;Piæa
KREMA BECUTAN VITAMIN.200 ml;96544;Becutan;0.2000;L;6.19;30.95;;;02.05.2025;6.19;5310001204150;Kozmetika
Sir Planinski ;96552;Naturella;1.0000;kg;11.99;11.99;;;02.05.2025;11.99;3858883222609;Hrana
MAHUNE ZELENE PODRAVKA 450 g;96554;Podravka;0.4500;kg;1.89;4.20;;;02.05.2025;1.89;3858885111130;Hrana
CORNFLAKES S-BUDGET 750 g;96689;S-Budget;0.7500;kg;2.39;3.19;;;02.05.2025;2.38;9100000847009;Hrana
ÈETK.ZA ZUBE SIGNAL ESSENTIAL;96711;Signal;1.0000;kom;2.99;2.99;;;02.05.2025;2.99;8718114047928;Kozmetika
©AMPON ZA PSE 250 ml;96716;Vitakraft;0.2500;l;4.19;16.76;;;02.05.2025;4.19;8007229350253;Proizvodi za kuæanstvo
POSUDA ZA MAÈKE 0,2 L;96718;Vitakraft;1.0000;kom;2.12;2.12;;;02.05.2025;2.12;3023618523591;Proizvodi za kuæanstvo
POSL.MAÈKE VITAK.PUR.18 g;96734;Vitakraft;3.0000;kom;1.32;0.44;;;02.05.2025;1.32;4008239182029;Proizvodi za kuæanstvo
POSL.ZA PSE VITAK.SU©.GOV.40 g;96757;Vitakraft;0.0400;kg;1.69;42.25;;;02.05.2025;1.69;4008239230072;Proizvodi za kuæanstvo
POSL.ZA PSE VITA.GOV.MENI 12 g;96759;Vitakraft;0.0120;kom;.69;57.50;;;02.05.2025;.69;4008239181893;Proizvodi za kuæanstvo
POSLAS.ZA PSE BEEF STICKS 12 g;96765;;0.0120;kom;.69;57.50;;;02.05.2025;.69;4008239265036;Proizvodi za kuæanstvo
POSL.ZA PSE VITAK.HOT DOG 30 g;96766;Vitakraft;0.0300;kom;1.99;66.33;;;02.05.2025;1.99;4008239234148;Proizvodi za kuæanstvo
PILJEVINA VK ZA GLODAVCE 15 L;96777;Vitakraft;15.0000;l;3.29;0.22;;;02.05.2025;3.29;4008239106292;Proizvodi za kuæanstvo
LOPATICA ZA PIJESAK;96778;Vitakraft;1.0000;kom;1.89;1.89;;;02.05.2025;1.85;4008239593436;Proizvodi za kuæanstvo
LOPTA VITAKR.ZA PSE MOOS GUMA;96780;Vitakraft;1.0000;kom;5.04;5.04;;;02.05.2025;5.04;4008239396617;Proizvodi za kuæanstvo
ÈETKA VK ZA PSE PLASTIÈNA;96792;Vitakraft;1.0000;kom;5.89;5.89;;;02.05.2025;5.89;4008239313881;Proizvodi za kuæanstvo
IGRAÈKA VK APORT ZA PSE 15 cm;96798;Vitakraft;1.0000;kom;3.89;3.89;;;02.05.2025;3.84;4008239396563;Proizvodi za kuæanstvo
KOST VK ZA PSE 10 CM-2 kom;96811;Vitakraft;2.0000;kom;2.39;1.20;;;02.05.2025;2.39;4008239370099;Proizvodi za kuæanstvo
HRANA VK ZA MALE PAPIGE 1 kg;96813;Vitakraft;1.0000;kg;4.99;4.99;;;02.05.2025;4.99;4008239181022;Proizvodi za kuæanstvo
HRANA VK ZA SREDNJE PAPI. 1kg;96816;Vitakraft;1.0000;kg;6.39;6.39;;;02.05.2025;6.39;4008239106216;Proizvodi za kuæanstvo
KREKER ZA KANARINCE VITA. 60 g;96827;Vitakraft;0.0600;kom;1.72;28.67;;;02.05.2025;1.72;4008239212474;Proizvodi za kuæanstvo
NAMAZ S-BUDGET DUO 750 g;96943;S-Budget;0.7500;kg;3.79;5.05;;;02.05.2025;3.79;9100000819136;Hrana
UMAK DESPAR MASLINE 400 g;96962;Despar;0.4000;kg;2.19;5.48;;;02.05.2025;2.25;8001300223139;Hrana
UMAK DESPAR BOLOGNESE 400 g;96966;Despar;0.4000;kg;2.19;5.48;;;02.05.2025;2.25;8001300223108;Hrana
PODLOGA ZA TORTE DESPAR 400 g;97022;Despar;0.4000;kg;4.24;10.60;;;02.05.2025;4.24;8001300804758;Hrana
RI®A DESPAR RIBE 1 kg;97023;Despar;1.0000;kg;3.49;3.49;;;02.05.2025;3.49;8001300400509;Hrana
RI®A DESPAR ORIGINARIO 1 kg;97024;Despar;1.0000;kg;2.99;2.99;;;02.05.2025;2.99;8001300400516;Hrana
FRITESI PILEÆI CEKIN 600 g;97029;Cekin;0.6000;kg;7.99;13.32;;;02.05.2025;7.99;3850159141478;Hrana
MINERALNA VODA MIVELA 0,5 L;97272;Mivela;0.5000;l;1.39;2.78;;;02.05.2025;1.39;8600599002816;Piæa
ÈAJNA KOBASICA XXL 330 g VAK.;97326;Pik;0.3300;kg;6.89;20.88;;;02.05.2025;6.89;3850139010619;Hrana
CAPPUCCINO FRANCK ÈOKOL.200 g;97358;Franck;0.2000;kg;3.29;16.45;;;02.05.2025;3.29;3858881084476;Piæa
SIR TOPLJENI CLASSIC 140 g;97491;Zdenka;0.1400;kg;;12.07;1.69;2.25;02.05.2025;2.25;3858888590093;Hrana
SIR TOPLJENI ÈARDA© 140 g;97492;Zdenka;0.1400;kg;;12.07;1.69;2.25;02.05.2025;2.25;3858888590109;Hrana
CORDON BLEU PILEÆI CEKIN 600 g;97494;Cekin;0.6000;kg;9.49;15.82;;;02.05.2025;9.49;3850159141522;Hrana
MELEM U STICKU 4,5 g ;97508;Melem;1.0000;kom;3.89;3.89;;;02.05.2025;3.69;3856007902840;Kozmetika
VODA ZA USTA PARODONTAX 500 ml;97514;Parodontax;0.5000;L;7.99;15.98;;;02.05.2025;7.99;5054563052247;Kozmetika
ZUBNI KONAC SENSODYNE 30 m;97515;Sensodyne;30.0000;m;4.79;0.16;;;02.05.2025;3.79;5000347084065;Kozmetika
SIR TOPLJENI ©UNKA ZDEN.140 g ;97894;Zdenka;0.1400;kg;;12.07;1.69;2.25;02.05.2025;2.25;3858888590116;Hrana
SIR TOPLJENI SPECIAL 140 g ;97899;Zdenka;0.1400;kg;;12.07;1.69;2.25;02.05.2025;2.25;3858888590147;Hrana
PAP.MARAM.S BUDGET 3 SL 10/1 ;97968;S-Budget;10.0000;kom;0.79;0.08;;;02.05.2025;0.79;8033954559067;Toaletne potrep¹tine
DODATAK JELIMA FANT ÆUFTE 60 g;98268;Podravka;0.0600;kg;1.39;23.17;;;02.05.2025;1.39;3850104248948;Hrana
DOD.JE.FANT ZAPEÈENI GRAH 60g;98271;Podravka;0.0600;kg;1.39;23.17;;;02.05.2025;1.39;3850104248894;Hrana
TEX MEX TACOS KOTANY 40 g;98326;Kotanyi;0.0400;kg;1.79;44.75;;;02.05.2025;1.69;9001414418130;Hrana
ASIA WOK KOTANYI 38 g;98329;Kotanyi;0.0380;kg;1.79;47.11;;;02.05.2025;1.69;9001414418109;Hrana
ZAÈ.BILJE DALMA.KOTANYI 63 g;98333;Kotanyi;0.0630;kg;5.59;88.73;;;02.05.2025;5.29;9001414573075;Hrana
ZAÈ.ORIGANO USIT.KOTANYI 42 g;98336;Kotanyi;0.0420;kg;4.79;114.05;;;02.05.2025;4.79;9001414502600;Hrana
ZELENO ZA JUHU KOTANYI 95 g;98337;Kotanyi;0.0950;kg;5.59;58.84;;;02.05.2025;5.29;9001414502556;Hrana
PRA©.PECIVO DR.OETK.12 g (6+2);98443;Dr. Oetker;0.0720;kg;1.32;18.33;;;02.05.2025;1.32;5997381346870;Hrana
PER©IN KOTANYI USITNJENI 35 g;98450;Kotanyi;0.0350;kg;4.99;142.57;;;02.05.2025;4.99;9001414102817;Hrana
Sir Trapist Vara¾dinski;98497;Vindija;1.0000;kg;12.49;12.49;;;02.05.2025;12.49;3850108057331;Hrana
KAKAO DR.OETKER ZA KOLAÈE 70 g;98714;Dr. Oetker;0.0700;kg;1.59;22.71;;;02.05.2025;1.59;5997381346917;Hrana
©ARENE MRVICE DR.OET.80 g;98717;Dr. Oetker;0.0800;kg;1.69;21.13;;;02.05.2025;1.69;5907707051272;Hrana
KAKAO MRVICE DR.OET.80g;98720;Dr. Oetker;0.0800;kg;1.89;23.63;;;02.05.2025;1.89;5907707051289;Hrana
ÈIPS PRINGLES ORIGINAL 165 g;98743;Pringles;0.1650;kg;1.79;10.85;;1.75;02.05.2025;3.49;5053990127726;Hrana
UMAK YOUWOK KET.MAN.INDO.250ml;98794;;0.2500;l;;9.16;2.29;3.49;02.05.2025;3.49;8717228380075;Hrana
FAJITA POCOLOCO DINN.KIT 505 g;98799;Poco Loco;0.5050;kg;6.49;12.85;;;02.05.2025;6.49;5412514777739;Hrana
UMAK POCOLOCO FAJITA 430 g;98800;Poco Loco;0.4300;kg;4.39;10.21;;;02.05.2025;4.39;5412514999841;Hrana
UMAK POCOLOCO BURRITO 440 g;98802;Poco Loco;0.4400;kg;4.39;9.98;;;02.05.2025;4.39;5412514999834;Hrana
ULJE MASL.DESPA PREMIUM 750 ml;98895;Premium;0.7500;L;13.99;18.65;;;02.05.2025;13.99;8001300085713;Hrana
ARTIÈOKE PREM.MASL.ULJU 280 g;98898;SPAR PREMIUM;0.2800;kg;5.49;19.61;;;02.05.2025;5.49;8001300235002;Hrana
RAJÈICA SU©.DESP.PREMIUM.280 g;98899;Despar;0.2800;kg;2.99;10.68;;;02.05.2025;3.05;8001300234999;Hrana
VINO MADIRAZ.PO©IP-RUK.0,75 L;98904;;0.7500;l;11.49;15.32;;;02.05.2025;11.49;3859889833066;Piæa
OS.PIÆE S-BUD.JABUKA 0,2 L 25%;98905;S-Budget;0.2000;L;0.45;2.25;;;02.05.2025;0.45;9100000754031;Piæa
RAJÈ.PASIRANA S-BUDGET 500 g;98937;S-Budget;0.5000;kg;.79;1.58;;;02.05.2025;.79;9100000843810;Hrana
RAJÈICA PELAT S-BUDGET 400 g;98940;S-Budget;0.4000;kg;0.99;2.48;;;02.05.2025;0.99;9100000775845;Hrana
RAJÈICA POLPA S-BUDGET 400 g;98943;S-Budget;0.4000;kg;0.99;2.48;;;02.05.2025;0.99;9100000996158;Hrana
GRA©AK S-BUDGET 400 g;98947;S-Budget;0.2500;kg;1.39;5.56;;;02.05.2025;1.39;8033954551436;Hrana
KAPARI PREMIUM USOLJENI 140 g;98970;SPAR PREMIUM;0.1400;kg;2.09;14.93;;;02.05.2025;2.09;8001300235026;Hrana
MRAM.KOLAÈ S-BUDGET BLOK  400g;99007;S-Budget;0.4000;kg;2.98;7.45;;;02.05.2025;2.98;9100000864303;Hrana
NAMAZ SIR.LIGHT Z BREGOV 200 g;99155;Vindija;0.2000;kg;1.89;9.45;;;02.05.2025;1.89;3850108059083;Hrana
SIR CAPRO FRESH 280 g;99156;Vindija;0.2800;kg;4.99;17.82;;;02.05.2025;4.99;3850108058451;Hrana
LIGNJA PAT.OÈI©ÆENA LEDO 400 g;99193;Ledo;0.4000;kg;;19.48;7.79;9.79;02.05.2025;9.79;3850116877341;Hrana
MASKA ELSEVE TOTAL REP.300 ml;99195;Elseve;0.3000;L;6.95;23.17;;;02.05.2025;6.95;3600523569762;Kozmetika
REG.ELSEVE TOT.REPAIR 5 200 ml;99198;Elseve;0.2000;L;;16.45;3.29;4.39;02.05.2025;4.39;3600521706473;Kozmetika
©AMPON ELSEVE TOTAL 250 ml;99200;Elseve;0.2500;L;;13.16;3.29;4.39;02.05.2025;4.39;3600521704677;Kozmetika
RAJÈICA PASIRANA PODRAV.600 g;99228;Podravka;0.6000;kg;1.99;3.32;;;02.05.2025;1.99;3850104238260;Hrana
BAKALAR BIANCO 80 g;99294;Trenton;0.0800;kg;2.55;31.88;;;02.05.2025;2.55;3859888906877;Hrana
MLIJEKO UHT 2,8% S BUDGET 1 L;99299;S-Budget;1.0000;L;0.79;0.79;;;02.05.2025;0.79;3858889116247;Hrana
SIR GRAN.PADAN.RIBANI DE.100 g;99347;Despar;0.1000;kg;2.29;22.90;;;02.05.2025;2.29;8001300651130;Hrana
TIJES.ZA LASAGN.S BUDGET 500 g;99349;S-Budget;0.5000;kg;1.99;3.98;;;02.05.2025;1.99;8057204094306;Hrana
SIR MASCARPONE DESPAR 250 g;99353;Despar;0.2500;kg;2.49;9.96;;;02.05.2025;2.49;8001300621034;Hrana
SIR PARMIG.REGG.DESPAR 100 g;99359;Despar;0.1000;kg;2.79;27.90;;;02.05.2025;2.79;8001300651123;Hrana
VRHNJE ZA KUH. S BUDGET 200 ml;99381;S-Budget;0.2000;L;1.05;5.25;;;02.05.2025;1.05;8033954556691;Hrana
SIR MOZZARELLA S BUDGET 125 g;99383;S-Budget;0.1250;kg;1.09;8.72;;;02.05.2025;1.09;9100000783017;Hrana
SIR GORGONZOLA DESPAR 200 g;99386;Despar;0.2000;kg;2.99;14.95;;;02.05.2025;2.99;8001300651222;Hrana
NJOKI OD KRUMPIRA DESPAR 500 g;99391;Despar;0.5000;kg;1.49;2.98;;;02.05.2025;1.49;8001300615132;Hrana
JOGURT DESPAR KAVA 2X125 g;99393;Despar;0.2500;kg;0.99;3.96;;;02.05.2025;0.99;8001300660057;Hrana
PILEÆI RASJEK TOP FILE;99427;Cekin;1.0000;kg;7.69;7.69;;;02.05.2025;7.69;3850159110658;Hrana
ÈIPS PRINGLES PAPRIKA 165 g;99435;Pringles;0.1650;kg;3.49;21.15;;;02.05.2025;3.49;5053990161669;Hrana
ÈIPS PRINGL.S.CREAM&ONI.165 g;99437;Pringles;0.1650;kg;1.79;10.85;;1.75;02.05.2025;3.49;5053990127740;Hrana
®IT.NESTLE COOKIE CRISP 375 g;99560;Nestlé;0.3750;kg;4.59;12.24;;;02.05.2025;4.39;5900020011886;Hrana
IGRAÈKA VK ZA PSE JE® 7,5 cm;99631;Vitakraft;1.0000;kom;2.79;2.79;;;02.05.2025;2.79;4008239397522;Proizvodi za kuæanstvo
PRALINE SPAR MAGNIFICO 200 g;99708;SPAR;0.2000;kg;3.59;17.95;;;02.05.2025;3.59;9100000863979;Hrana
ENER.NAPITAK SB BEZ ©EÆ.0,25 L;99709;S-Budget;0.2500;l;.63;2.52;;;02.05.2025;.63;9100000049540;Piæa
POSEBNA PIL/PUR WUDY POP 500 g;99745;Wudy;0.5000;kg;1.89;3.78;;;02.05.2025;1.89;8008110001049;Hrana
LASAGNE DESPAR 500 g;99746;Despar;0.5000;kg;2.99;5.98;;;02.05.2025;2.99;8001300415244;Hrana
KUKURUZ DESPAR 3X160 g;99748;Despar;0.4200;kg;3.09;7.36;;;02.05.2025;3.09;8001300211976;Hrana
PIVO PAN ZLATNI 0,5 L P.A.;99784;Pan;0.5000;l;1.19;2.38;;;02.05.2025;1.19;3858887580507;Piæa
KUKURUZ S-BUDGET 340 g;99859;S-Budget;0.2850;kg;0.89;3.12;;0.89;02.05.2025;1.15;9100000007274;Hrana
SRE.ZA ÈI©È.PERIL.SOMAT 250 ml;100058;Somat;0.2500;L;3.95;15.80;;;02.05.2025;3.95;90003714;Sredstva za èi¹æenje
ÈAJ EARL GREY AHMAD 40 g;100504;Ahmad;0.0400;kg;3.45;86.25;;;02.05.2025;3.45;0054881005517;Piæa
ÈAJ ZELENI/JASMIN AHMAD 40 g;100505;Ahmad;0.0400;kg;3.45;86.25;;;02.05.2025;3.45;0054881005654;Piæa
ÈAJ ZELENI S MENTOM AHMAD 40 g;100509;Ahmad;0.0400;kg;3.45;86.25;;;02.05.2025;3.45;0054881007511;Piæa
ÈAJ ZELENI S LIMUNOM AH. 40 g;100510;Ahmad;0.0400;kg;3.45;86.25;;;02.05.2025;3.45;0054881007535;Piæa
WH.CHIVAS REGAL 12YO 1 L;100595;Chivas Regal;1.0000;l;43.52;43.52;;;02.05.2025;43.52;0080432400432;Piæa
PA©T.OD TRI JETRE HENAFF 116 g;101587;Henaff;0.1160;kg;3.79;32.67;;;02.05.2025;3.79;3537580702668;Hrana
TEK.SAPUN AFRODITA GREEN V.1 L;101815;Afrodita;1.0000;L;5.99;5.99;;;02.05.2025;5.99;3830001292145;Kozmetika
BOMB.FRU FRU VOÆNA KARA. 400 g;102190;Sumi;0.4000;kg;4.99;12.48;;;02.05.2025;4.99;3838700040944;Hrana
GEL-©AMPON FA KIDS 250 ml;102251;Fa;0.2500;L;3.49;13.96;;;02.05.2025;3.49;9000100662468;Kozmetika
NEKTAR PREMIUM MARELICA 1 L;102410;Fructal;1.0000;L;2.29;2.29;;;02.05.2025;2.29;3838945508995;Piæa
NEKTAR FRUCTAL KRU©KA 1 L;102411;Fructal;1.0000;l;2.39;2.39;;;02.05.2025;2.39;3838945509008;Piæa
VATA CIK-CAK TOSAMA 100 g;102579;Cikcak;0.1000;kg;2.15;21.50;;;02.05.2025;2.15;3838985292038;Toaletne potrep¹tine
BOMB.MENTOL EXTRA STRONG 100 g;102606;Kra¹;0.1000;kg;0.89;8.90;;;02.05.2025;0.89;3850102215621;Hrana
KEKS JAFFA DUO KRA© 250 g;102615;Kra¹;0.2500;kg;2.69;10.76;;;02.05.2025;2.69;3850102922833;Hrana
NAMAZ LINO LADA DUO PODR.2,5kg;102625;Podravka;2.5000;kg;20.99;8.40;;;02.05.2025;20.99;3850104019791;Hrana
VOÆNI EUFORIJA DESERT MIX150 g;102747;Vindija;0.1500;kg;0.95;6.33;;;02.05.2025;0.95;3850108037609;Hrana
JOGURT PROB.FORTIA NATUR 150 g;102750;Vindija;0.1500;kg;0.69;4.60;;;02.05.2025;0.69;3850108035896;Hrana
SIR SVJE®I 20% Z BREGOV 250 g;102755;Vindija;0.2500;kg;1.69;6.76;;;02.05.2025;1.69;3850108058345;Hrana
OSVJ.PIÆE FIS JABUKA 1 L;102775;;1.0000;l;1.19;1.19;;;02.05.2025;1.19;3850108072907;Piæa
OSVJ.PIÆE FIS NARANÈA 1 L;102778;;1.0000;l;1.19;1.19;;;02.05.2025;1.19;3850108072938;Piæa
VOÆ.NEKTAR JABUKA TB VINDI 1 L;102784;;1.0000;l;;1.29;1.29;1.59;02.05.2025;1.59;3850108078756;Piæa
OSVJ.PIÆE MANDAR/NARANÈ 250 ml;102789;;0.2500;l;0.69;2.76;;;02.05.2025;0.69;3850108076202;Piæa
OSVJ.PIÆE NAR/JAB.VINDI 250 ml;102790;;0.2500;l;0.69;2.76;;;02.05.2025;0.69;3850108077209;Piæa
VOÆ.NEKTAR BRESKVA VINDI 2 L;102796;;2.0000;l;3.05;1.53;;;02.05.2025;3.05;3850108079555;Piæa
POMMES FRITES LEDO 2,5 kg;102879;Ledo;2.5000;kg;8.49;3.40;;;02.05.2025;8.49;3850116795478;Hrana
DEBRECINKA 440 g VAK;103160;Pik;0.4400;kg;4.29;9.75;;;02.05.2025;4.29;3850139330977;Hrana
MESO USITNJENO PILEÆE 500 g;103225;Cekin;0.5000;kg;2.49;4.98;;;02.05.2025;2.49;3850159111853;Hrana
HRENOV.PIL.PRIR.OVIT 240 g ;103232;Cekin;0.2400;kg;3.35;13.96;;;02.05.2025;3.35;3850159121302;Hrana
POSEBNA KOBASICA 1 kg CEKIN;103235;Cekin;1.0000;kg;3.65;3.65;;;02.05.2025;3.65;3850159125522;Hrana
PUREÆA POSEBNA 1 kg;103240;Vindon;1.0000;kg;3.69;3.69;;;02.05.2025;3.69;3850159128349;Hrana
KOBAS.POSEBNA PUREÆA 500 g;103241;Vindon;0.5000;kg;2.25;4.50;;;02.05.2025;2.25;3850159128356;Hrana
PUREÆI PARIZER 500 g;103243;Vindon;0.5000;kg;;3.18;1.59;1.99;02.05.2025;1.99;3850159128561;Hrana
ÈOKOLADA SEKA ZVEÈEVO 75 g;105384;Seka I Braco;0.0750;kg;1.19;15.87;;;02.05.2025;1.19;3858881064843;Hrana
ÈOKOLADA BRACO ZVEÈEVO 75 g;105385;Zvecevo;0.0750;kg;1.19;15.87;;;02.05.2025;1.19;3858881064874;Hrana
KRU©NE MRVICE 250 g;105414;Klara;0.2500;kg;1.29;5.16;;;02.05.2025;1.29;3858881322059;Hrana
KRASTAVCI ZVIJEZDA DELIK.670 g;105480;Zvijezda;0.3500;kg;2.99;8.54;;;02.05.2025;2.99;3856015303240;Hrana
CIKLA ZVIJEZDA 670 g;105482;Zvijezda;0.3600;kg;2.69;7.47;;;02.05.2025;2.69;3856015303813;Hrana
MAJONEZA ZVIJEZDA 400 g;105485;Zvijezda;0.4000;kg;3.99;9.98;;;02.05.2025;3.99;3858882219020;Hrana
BRA©NO KUKURUZNO ÈAK.MLIN.1 kg;106018;;1.0000;kg;1.59;1.59;;;02.05.2025;1.59;3858884170169;Hrana
NEKTAR TO GUSTI 1 L;106105;To;1.0000;l;1.35;1.35;;;02.05.2025;1.35;3858890973150;Piæa
KRASTAVAC DOORA EXCLUS.350 g;106243;Doora;0.1700;kg;3.19;18.76;;;02.05.2025;3.19;3858894540297;Hrana
KRASTAVAC DOORA 6-9 cm 670 g;106246;Doora;0.3300;kg;2.49;7.55;;;02.05.2025;2.49;3858894541348;Hrana
AJVAR DOORA BLAGI 350 g;106250;Doora;0.3500;kg;2.89;8.26;;;02.05.2025;2.89;3858894541539;Hrana
SRED.ZA ÈI©Æ.ODVODA FLUX 1 L;107571;Flux;1.0000;L;3.49;3.49;;;02.05.2025;3.49;3859888110892;Sredstva za èi¹æenje
ULJE MASL.EK.DJ.MARINA 0,5 L;107622;Marina;0.5000;L;12.99;25.98;;;02.05.2025;12.99;3859888295032;Hrana
ULJE ZA KOSU ÈIÈKOVO 60 ml;107635;Olival;0.0600;L;4.59;76.50;;;02.05.2025;4.59;3859892751999;Kozmetika
ULJE AVOKADOVO ZA KOSU 60 ml;107636;Olival;0.0600;L;4.59;76.50;;;02.05.2025;4.59;3859888345072;Kozmetika
ULJE ZA KOSU ORAHOVO 60 ml;107638;Olival;0.0600;L;4.59;76.50;;;02.05.2025;4.59;3859888345126;Kozmetika
ULJE BADEMOVO ZA KOSU 60 ml;107639;Olival;0.0600;L;4.59;76.50;;;02.05.2025;4.59;3859888345133;Kozmetika
SERUM ZA KOSU SILIKONSKI 30 ml;107643;Olival;1.0000;kom;5.99;5.99;;;02.05.2025;5.99;3859888345256;Kozmetika
KREMA ZA RUKE I NOKTE 75 ml;107657;Olival;0.0750;L;3.09;41.20;;;02.05.2025;3.09;3859888345591;Kozmetika
VINO ROSO PELJE©AC 1 L;107753;;1.0000;l;5.59;5.59;;;02.05.2025;5.59;3859888568112;Piæa
VINO ANTUNOVIÆ PLAVAC 0,75 L;107880;;0.7500;l;5.69;7.59;;;02.05.2025;5.69;3859889063029;Piæa
KEKSI ZOBELIX  BEZ ©EÆ.200 g;107884;Delicia;0.2000;kg;3.39;16.95;;;02.05.2025;3.39;3859889106122;Hrana
TARTUFI I MASLINE ZIGANTE 80 g;107891;Zigante;0.0800;kg;6.99;87.38;;;02.05.2025;6.99;3859889179652;Hrana
LISTOVI ZA SAVIJ.PAN PEK 500 g;108300;Pan Pek;0.5000;kg;1.85;3.70;;;02.05.2025;1.85;3859890733102;Hrana
KUPUS KIS.REZANI 500 g;108429;;0.4350;kg;1.06;2.44;;;02.05.2025;1.06;3859891493036;Hrana
KRU©KA PAKIRANA 1 kg;108580;;1.0000;kg;1.99;1.99;;;02.05.2025;1.99;3859893818264;Hrana
KUPUS KIS.MIX ZA SARMU 1 kg;108636;;1.0000;kg;3.29;3.29;;;02.05.2025;3.29;3859891493098;Hrana
VINO HERCEG ®ILAVKA 0,75 L;108700;;0.7500;l;4.69;6.25;;;02.05.2025;4.69;3870083000696;Piæa
VL.MAR.BABY CARE VIOLETA 72/1;108709;Violeta;72.0000;kom;2.09;0.03;;;02.05.2025;2.09;3870128000957;Toaletne potrep¹tine
GAZIRANO PIÆE SKY COLA 2 L;108763;Sky;2.0000;l;1.79;0.90;;;02.05.2025;1.79;3871059000481;Piæa
SKY ORANGE 2 L;108764;Sky;2.0000;l;1.79;0.90;;;02.05.2025;1.79;3871059000504;Piæa
KIKIRIKI EUROCOMPANY SL.250 g;108782;EUROCOMPANY;0.2500;kg;1.83;7.32;;1.79;02.05.2025;1.83;3872084000033;Hrana
ZOB.MEKE PAHULJ.KOELLN 500 g;108874;Kölln;0.5000;kg;2.99;5.98;;;02.05.2025;2.99;4000540080100;Hrana
TEKUÆI DET. FROSCH 1,5 L;108929;Frosch;1.5000;l;;3.57;5.35;6.69;02.05.2025;6.69;4001499159510;Sredstva za èi¹æenje
PIVO ERDIN.PP 2BOCE+ÈA©A;109005;Erdinger;1.0000;kom;6.55;6.55;;;02.05.2025;6.55;4002103294917;Piæa
MARCIPAN ZENTIS 100 g;109040;Zentis;0.1000;kg;1.99;19.90;;;02.05.2025;1.99;4002575016253;Hrana
MAR.DR.BECKMANN ZA UPIJ.B.24/1;109767;Dr. Beckmann;24.0000;kom;4.59;0.19;;;02.05.2025;4.59;4008455500614;Proizvodi za kuæanstvo
RUM OLD PASCAS WHITE RUM 0,7L;110489;Old Pascas;0.7000;l;11.99;17.13;;;02.05.2025;11.99;4062400171304;Piæa
LIKER JAGERMEISTER 1,75 L;110491;;1.7500;L;36.99;21.14;;;02.05.2025;36.99;4067700015006;Piæa
ZUB.KONAC OB SUPERFLOSS 50TH.;110502;;1.0000;kom;4.25;4.25;;;02.05.2025;4.25;8700216538961;Kozmetika
WHISKY JAMESON 0,7L + 2 ÈA©E;111269;Jameson;0.7000;l;24.02;34.31;;;02.05.2025;24.02;0080432103821;Piæa
PIVO O´HARA CRVENO IRSKO 0,5 L;112110;Oharas;0.5000;l;3.02;6.04;;;02.05.2025;3.02;5391500600025;Piæa
PIVO O´HARA TAMNO IRSKO 0,5 L;112111;Oharas;0.5000;l;3.02;6.04;;;02.05.2025;3.02;5391500600032;Piæa
TORTILL.POCO LOCO 6X25cm 370 g;112290;Poco Loco;0.3700;kg;2.69;7.27;;;02.05.2025;2.69;5412514350000;Hrana
TORTILL.POCO LOCO 8X20cm 320 g;112291;Poco Loco;0.3200;kg;2.49;7.78;;;02.05.2025;2.49;5412514555559;Hrana
UMAK POCOLOCO SOUR CREAM 300 g;112292;Poco Loco;0.3000;kg;3.49;11.63;;;02.05.2025;3.49;5412514930530;Hrana
UMAK POCOLOCO BARBECUE 330 g;112293;Poco Loco;0.3300;kg;3.09;9.36;;;02.05.2025;3.09;5412514930936;Hrana
ÈAJ TEEKA. PLANINSKI RAJ 36 g;112568;Teekanne;0.0360;kg;1.65;45.83;;;02.05.2025;1.65;5901086001491;Piæa
MAGNUM CAW MULTIPACK 6x55 ml;112910;Magnum;0.3300;L;7.99;24.21;;;02.05.2025;7.19;8711327609082;Hrana
VINO GATO NEGRO CS 0,75 L;114460;;0.7500;l;5.6;7.47;;;02.05.2025;5.6;7804300010638;Piæa
LIZALICE FLOPITO COLA 400 g;114529;Flopito;0.4000;kg;3.99;9.98;;;02.05.2025;3.99;7896321004253;Hrana
LIKER LIMONCE 0,5L;114709;Stock;0.5000;l;10.02;20.04;;;02.05.2025;10.02;8000440112815;Piæa
STOCK 84 38% 0,1 L;114710;Stock;0.1000;L;1.89;18.90;;;02.05.2025;1.89;8000440393009;Piæa
STOCK 84 0,7 L +2 ÈA©E;114712;Stock;0.7000;L;19.38;27.69;;;02.05.2025;19.38;8000440600022;Piæa
LIMUN S BUDGET 500 g;116710;S-BUDGET;0.5000;kg;0.99;1.98;;;02.05.2025;0.99;8437022068640;Hrana
DVOPEK MISURA FIBREXTRA 320 g;119154;Misura;0.3200;kg;2.52;7.88;;;02.05.2025;2.52;8002590043148;Hrana
DVOP.MISURA BEZ DODAN.©EÆ.320g;119155;Misura;0.3200;kg;2.52;7.88;;;02.05.2025;2.52;8002590043155;Hrana
©PINAT 400 g;128943;;0.4000;kg;1.99;4.98;;;02.05.2025;1.99;8012566013426;Hrana
OCAT BALSAMICO U KREMI 250 ml;128976;Carandini;0.2500;l;5.49;21.96;;;02.05.2025;5.49;8014347006801;Hrana
FLIPS MB CLIPSY DINI KEÈ.30 g;142304;Marbo;0.0300;kg;0.79;26.33;;0.79;02.05.2025;0.99;8606103039255;Hrana
UM.YOUWOK THAI.SW.CHIL.250 ml;143448;;0.2500;l;;9.16;2.29;3.49;02.05.2025;3.49;8717228380020;Hrana
UMAK YOUWOK SWEET&SOUR 250 ml;143449;;0.2500;l;;9.16;2.29;3.49;02.05.2025;3.49;8717228380044;Hrana
UMAK YOUWOK SWEET CHILLI 250ml;143450;;0.2500;l;;9.16;2.29;3.49;02.05.2025;3.49;8717228380051;Hrana
SOJINE KLICE YOUWOK  330 g;143452;Youwok.Com;0.3300;kg;;4.82;1.59;2.39;02.05.2025;2.39;8717228380099;Hrana
TJES.RI®A YOUWOK VERMIC. 250 g;143454;;0.2500;kg;;7.96;1.99;3.18;02.05.2025;3.18;8717228380174;Hrana
GEL ZA KOSU TAFT POW.E.250 ml;144127;Taft;0.2500;L;4.99;19.96;;4.99;02.05.2025;4.79;9000101723588;Kozmetika
GOT2B KREMA KOSA CHAOT.100 ml;144138;Got2b;0.1000;L;7.95;79.50;;;02.05.2025;7.95;9000100366410;Kozmetika
Lastavica balavica 200/400 g;149070;;1.0000;kg;11.99;11.99;;;02.05.2025;13.49;93856024300622;Hrana
Jabuka Zlatni Deli¹es rfs;149127;;1.0000;kg;1.59;1.59;;;02.05.2025;1.59;3859889267847;Hrana
PILEÆA PRSA BEZ KO®E;149129;Cekin;1.0000;kg;7.89;7.89;;;02.05.2025;7.89;3850159110122;Hrana
Jabuka Idared rfs;149147;S-BUDGET;1.0000;kg;1.49;1.49;;;02.05.2025;1.39;3858893252429;Hrana
PILEÆI MARINATO GRILL MINI ;149318;Vindija;1.0000;kg;8.49;8.49;;;02.05.2025;8.49;3850159150524;Hrana
KUPUS KIS. GLAVE OGULIN;149398;;1.0000;kg;1.99;1.99;;;02.05.2025;1.99;3859891493012;Hrana
Lubenica rfs;149499;;1.0000;kg;1.59;1.59;;;02.05.2025;2.29;171;Hrana
Rotkva crna rfs;149704;S-BUDGET;1.0000;kg;1.09;1.09;;;02.05.2025;1.09;3858885876411;Hrana
PUREÆI ZABATAK MINI;149759;Vindon;1.0000;kg;10.59;10.59;;;02.05.2025;10.59;3850339403006;Hrana
©AMPON SCHAUMA Q10 400 ml;150831;Schauma;0.4000;L;2.99;7.48;;2.79;02.05.2025;2.79;3838824193106;Kozmetika
SOJA PUDING ALP.TA.ÈOK.4X125 g;151096;Alpro;0.5000;kg;3.69;7.38;;;02.05.2025;3.69;5411188094159;Piæa
SLA.TWICE ©UM.V-VAN-PUNÈ 1,7 L;151121;Ledo;1.7000;L;4.49;2.64;;;02.05.2025;4.49;3850116867519;Hrana
Sir kravlji ©pin;151169;Agrolaguna;1.0000;kg;25.99;25.99;;;02.05.2025;24.49;3858881190757;Hrana
Trlja od kamena 100/200;151214;;1.0000;kg;21.99;21.99;;;02.05.2025;26.99;93856024301520;Hrana
INTIMNI SAPUN CHILLY 250 ml;151369;Chilly;0.2500;L;4.85;19.40;;;02.05.2025;4.85;8002410031973;Toaletne potrep¹tine
ÈOK.KIT KAT NESTLE 200 g;151383;Nestlé;0.2000;kg;4.69;23.45;;;02.05.2025;4.69;5000189974579;Hrana
OCAT VOÆNI PONTI 250 ml;151399;Ponti;0.2500;l;3.59;14.36;;;02.05.2025;3.59;8001010076568;Hrana
UMAK TABASCO ILHENNY 150 ml;151400;Mc Ilhenny;0.1500;l;9.28;61.87;;;02.05.2025;9.28;0011210000155;Hrana
UMAK KIKKOMAN OD SOJE 150 ml;151401;Kikkoman;0.1500;l;5.89;39.27;;;02.05.2025;5.89;8715035110106;Hrana
ÈOBANAC PODRAVKA 400 g;151405;Podravka;0.4000;kg;4.39;10.98;;;02.05.2025;4.39;3858886463863;Hrana
DOMAÆI BREND 0,10 L ZVEÈEVO;152054;;0.1000;l;1.65;16.50;;;02.05.2025;1.65;3858894171323;Piæa
RAKIJA KOMOVICA VINOPLOD 0,1 L;152256;;0.1000;L;1.75;17.50;;;02.05.2025;1.75;3859890650133;Piæa
RAKIJA TRAVARICA VINOPL. 0,1 L;152257;;0.1000;L;1.75;17.50;;;02.05.2025;1.75;3859890650119;Piæa
INS.KAVA NESCAFE CLASSIC 2 g;152290;Nescafe;0.0020;kom;0.45;225.00;;;02.05.2025;0.45;7613036442275;Piæa
MEKSIÈKI MIX BONDUELLE 400 g;152326;Bonduelle;0.4000;kg;2.29;5.73;;;02.05.2025;2.29;3083680585903;Hrana
POMMES FRITES FRESCO 1 kg;152327;Fresco;1.0000;kg;4.29;4.29;;;02.05.2025;4.29;3850116782409;Hrana
MAK NADJEV ©AFRAM 200 g;152369;Safram;0.2000;kg;2.39;11.95;;;02.05.2025;2.38;3859890104674;Hrana
ORAH NADJEV ©AFRAM 200 g ;152370;;0.2000;kg;3.49;17.45;;;02.05.2025;3.58;3859890104681;Hrana
KAVA MLJEVENA 175 g ARABESCA;152784;Arabesca;0.1750;kg;3.99;22.80;;;02.05.2025;3.99;3858886801924;Piæa
PELINKOVAC 0,10 L ZVEÈEVO;152963;;0.1000;l;1.65;16.50;;;02.05.2025;1.65;3858894170982;Piæa
PIVO BUDWEISER SVIJ. PA. 0,5 L;153054;Budweiser Budvar;0.5000;l;1.35;2.70;;;02.05.2025;1.35;8594403705294;Piæa
VINO POSTUP MATU©KO 0,75 L;153088;;0.7500;l;12.88;17.17;;;02.05.2025;12.88;3859889396158;Piæa
KOMPOT S-BUDGET VI©.BK.680 g;160024;S-Budget;0.3400;kg;1.85;5.44;;;02.05.2025;1.85;3858889110504;Hrana
BOMBONI DESPAR GUM.DUDIC.175 g;160092;Despar;0.1750;kg;0.99;5.66;;;02.05.2025;0.99;8001300741619;Hrana
BOMBONI DESPAR MENTA 200 g;160094;Despar;0.2000;kg;1.79;8.95;;;02.05.2025;1.79;8001300741534;Hrana
BOM.DESPAR GUMENI COLA 175 g;160096;Despar;0.1750;kg;0.99;5.66;;;02.05.2025;0.99;8001300741602;Hrana
BOMBONI DESPAR ANIS 200 g;160098;Despar;0.2000;kg;1.59;7.95;;;02.05.2025;1.59;8001300741510;Hrana
PRALINE JELLY KANDIT 200 g;160137;Kandit;0.2000;kg;2.79;13.95;;;02.05.2025;2.79;3858881041233;Hrana
PRALINE ®ELE CHOCO JELLY 200 g;160142;Kandit;0.2000;kg;2.79;13.95;;;02.05.2025;2.79;3858881041257;Hrana
ÈOKOLADA TWIX EXTRA 75 g;160145;Twix;0.0750;kg;1.49;19.87;;;02.05.2025;1.49;5900951312250;Hrana
COUS COUS NATUR PUR 500 g;160174;Natur pur;0.5000;kg;1.99;3.98;;;02.05.2025;1.99;9100000037486;Hrana
KUKURUZNI GRIS NATUR PUR 500 g;160186;Natur pur;0.5000;kg;1.39;2.78;;;02.05.2025;1.39;9100000913858;Hrana
PAH.ZOB.NATUR PUR KRUPN.500 g;160197;Natur pur;0.5000;kg;1.79;3.58;;;02.05.2025;1.85;9100000027302;Hrana
PAHULJICE PIR NATUR PUR 500 g;160198;Natur pur;0.5000;kg;2.79;5.58;;;02.05.2025;2.79;9100000027265;Hrana
SALA.FRANCUSKA ZVIJEZDA 500 g;160229;Zvijezda;0.5000;kg;4.59;9.18;;;02.05.2025;4.59;3856015300331;Hrana
PRALINE KANDIT 200 g;160247;Kandit;0.2000;kg;2.79;13.95;;;02.05.2025;2.79;3858881041219;Hrana
PROSSECO BLU 0,75 L;160262;Exclusive bei SPAR;0.7500;l;5.62;7.49;;;02.05.2025;5.62;9100000103174;Piæa
SIR EDAMAC ZDENKA 400 g;160328;Zdenka;0.4000;kg;5.79;14.48;;;02.05.2025;5.79;3858888590475;Hrana
SIR SVJ.POSNI ZDENKA 500 g;160338;Zdenka;0.5000;kg;2.89;5.78;;;02.05.2025;2.89;3858888590215;Hrana
MAJONEZA U TUBI DESPAR 143 g;160346;Despar;0.1430;kg;1.19;8.32;;;02.05.2025;1.19;8001300243144;Hrana
GEL VENEFORTE 250 ml;160347;Encian;0.2500;L;4.19;16.76;;;02.05.2025;4.19;3859891205899;Kozmetika
KREMA COREGA NEUTRAL 40g;160355;Corega;1.0000;kom;7.29;7.29;;;02.05.2025;7.29;5054563203106;Kozmetika
UMAK TARTAR DESPAR 250 ml;160356;Despar;0.2500;L;2.29;9.16;;;02.05.2025;2.29;8001300274025;Hrana
MIJE©ANA SALATA S-BUDGET 670 g;160365;S-Budget;0.3600;kg;1.99;5.53;;;02.05.2025;1.99;3858889112287;Hrana
DRINK DANONINO JAGODA 4X100 g;160402;Danone;0.4000;kg;2.59;6.48;;;02.05.2025;2.59;5941209010849;Hrana
ÈIPS PRINGLES HOT&SPICY 165 g;160557;Pringles;0.1650;kg;1.79;10.85;;1.75;02.05.2025;3.49;5053990127665;Hrana
PRIMA BRAND BADEL 1862 0,7 L;160593;Prima;0.7000;l;8.92;12.74;;;02.05.2025;8.92;3850112141323;Piæa
LED.ÈAJ DESPAR BRESK. 3X200 ml;160597;Despar;0.6000;l;1.45;2.42;;;02.05.2025;1.45;8001300151180;Piæa
LED.ÈAJ DESPAR LIMUN 3X200 ml;160599;Despar;0.6000;l;1.45;2.42;;;02.05.2025;1.45;8001300151173;Piæa
MARAM.ZEWA 3D ZOO BOX 60/1 ;160768;Zewa;60.0000;kom;1.98;0.03;;;02.05.2025;1.98;7322540413977;Toaletne potrep¹tine
®ITARICE LINO CRUNCH 225 g;160793;Podravka;0.2250;kg;3.29;14.62;;;02.05.2025;3.29;3850104250972;Hrana
®ITARICE LINO CRUNCH 375 g;160794;Podravka;0.3750;kg;3.69;9.84;;;02.05.2025;3.69;3850104250965;Hrana
VINO CASILLERO CARMENE. 0,75 L;160816;;0.7500;l;11.02;14.69;;;02.05.2025;11.02;7804320087016;Piæa
MASLAC ZDENKA 250 g;160916;Zdenka;0.2500;kg;3.29;13.16;;;02.05.2025;3.29;3858888590345;Hrana
DES.SVJ.SIR DUKATINO 6x50 g;160968;Dukat;0.3000;kg;2.49;8.30;;;02.05.2025;2.49;3850354015116;Hrana
TORTELLI.AURELIA 4 SIRA 250 g;161016;Aurelia;0.2500;kg;2.79;11.16;;;02.05.2025;2.79;3859890561019;Hrana
TORTELLINI AURELIA PR©UT 250 g;161017;Aurelia;0.2500;kg;2.79;11.16;;;02.05.2025;2.79;3859890561071;Hrana
KRASTAVCI DROGA DELIK.680 g;161288;Droga Kolinska;0.3600;kg;3.49;9.69;;;02.05.2025;3.49;3830042561897;Hrana
RAJÈICA PASIRANA DESPAR 500 g;161330;Despar;0.5000;kg;0.99;1.98;;;02.05.2025;0.99;8001300223207;Hrana
RAJÈICA POLPA DESPAR 2X210 g;161331;Despar;0.4200;kg;1.79;4.26;;;02.05.2025;1.79;8001300223160;Hrana
KOMPOT DESPAR VOÆNI MIX 415 g;161333;Despar;0.2500;kg;2.09;8.36;;;02.05.2025;2.09;8001300293279;Hrana
©AMPON SCHAUMA AD INT.400 ml;161387;Schauma;0.4000;L;3.99;9.98;;3.79;02.05.2025;3.79;3838824208985;Kozmetika
DEO STICK DOVE COMFORT 50 ml;161487;Dove;1.0000;kom;5.20;5.20;;;02.05.2025;5.20;59099710;Kozmetika
GEL ZA TU©.DOVE MEN 250 ml;161514;Dove;0.2500;L;2.99;11.96;;;02.05.2025;2.99;8720181313417;Kozmetika
DEO SPRAY DOVE MEN 150 ml;161522;Dove;0.1500;L;5.20;34.67;;;02.05.2025;5.20;8720181284335;Kozmetika
ROLL ON DOVE COOL FRESH 50 ml;161523;Dove;0.0500;L;5.20;104.00;;;02.05.2025;5.20;59092605;Kozmetika
ROLL ON DOVE CLEAN 50 ml;161525;Dove;0.0500;L;5.20;104.00;;;02.05.2025;5.20;59092575;Kozmetika
BOMBONIJERA GRIOTTE 204 g;161633;Griotte;0.2040;kg;7.69;37.70;;;02.05.2025;5.76;3850102125821;Hrana
PEL.PAMPERS PREMIUM CARE 52/1;161760;Pampers;52.0000;kom;14.99;0.29;;14.99;02.05.2025;14.99;4015400278818;Toaletne potrep¹tine
PEL.PAMPERS PREMIUM CARE 60/1;161761;Pampers;60.0000;kom;14.99;0.25;;14.99;02.05.2025;14.99;4015400274780;Toaletne potrep¹tine
PEL.PAMPERS PREMIUM CARE 44/1;161762;Pampers;44.0000;kom;14.99;0.34;;14.99;02.05.2025;14.99;4015400278870;Toaletne potrep¹tine
SIR SVJ.ZAGREBAÈKI DUKAT 375 g;161785;Dukat;0.3750;kg;2.99;7.97;;;02.05.2025;2.99;3850355002498;Hrana
VODA ZA USTA LISTERINE 500 ml;161830;Listerine;0.5000;L;6.49;12.98;;;02.05.2025;6.29;5010123703585;Kozmetika
VODA ZA USTA LISTERINE 500 ml;161833;Listerine;0.5000;L;6.49;12.98;;;02.05.2025;6.29;5010123703547;Kozmetika
LAK ZA KOSU SYOSS 300 ml;161846;Syoss;0.3000;L;;15.30;4.59;4.95;02.05.2025;4.95;9000100590464;Kozmetika
LAK ZA KOSU SYOSS 300ml;161851;Syoss;0.3000;L;;15.30;4.59;4.95;02.05.2025;4.95;9000100590280;Kozmetika
LAK ZA KOSU SYOSS 300 ml;161853;Syoss;0.3000;L;;15.30;4.59;4.95;02.05.2025;4.95;9000100589918;Kozmetika
PJENA ZA KOSU SYOSS 250ml;161855;Syoss;0.2500;l;;18.36;4.59;6.19;02.05.2025;6.19;9000100590891;Kozmetika
VODA ZA USTA LISTERINE 250 ml;161861;Listerine;0.2500;L;4.69;18.76;;;02.05.2025;4.69;5010123703431;Kozmetika
VODA ZA USTA LISTERINE 250 ml;161862;Listerine;0.2500;L;4.69;18.76;;;02.05.2025;4.69;5010123703509;Kozmetika
VINO ERDUTSKI TRAMINAC 0,75 L;161928;;0.7500;l;6.99;9.32;;;02.05.2025;6.02;3859889193016;Piæa
NEKTAR S-BUDGET NARANÈA 2 L;161973;S-Budget;2.0000;l;1.95;0.98;;;02.05.2025;1.95;3858889111938;Piæa
NEKTAR S-BUDGET JABUKA 2 L;161974;S-Budget;2.0000;l;1.75;0.88;;;02.05.2025;1.75;3858889111921;Piæa
NEKTAR S-BUDGET MULTIVITAM.2 L;161975;S-Budget;2.0000;l;1.85;0.93;;;02.05.2025;1.85;3858889111945;Piæa
GIN LORDSON DRY 0,7 L;162052;;0.7000;L;;8.56;5.99;8.39;02.05.2025;8.49;3228825150848;Piæa
PR©UT DALMATINSKI KOCKE;162121;Dimmes;1.0000;kg;12.99;12.99;;;02.05.2025;12.99;3859892362522;Hrana
BRUSCHETTE MARETTI 70 g;162220;Maretti;0.0700;kg;;11.29;0.79;0.95;02.05.2025;0.95;3800205875208;Hrana
VINO PLAVAC MALI DUB.PO.0,75 L;162380;;0.7500;L;9.58;12.77;;;02.05.2025;9.58;3859890164104;Piæa
ULJE MASLINOVO OL ISTRIA 0,5 L;162434;Ol Istria;0.5000;L;16.49;32.98;;;02.05.2025;14.99;3858881192706;Hrana
ULJE MASLINOV.OL ISTRIA 0,75 L;162435;Ol Istria;0.7500;L;22.49;29.99;;;02.05.2025;20.49;3858881192713;Hrana
DESERT KINDER PINGUI 4X30 g;162536;Kinder;0.1200;kg;2.39;19.92;;;02.05.2025;2.39;8000500119716;Hrana
KA©A HAJDINSKA MGP 1 kg;162617;Mgp;1.0000;kg;4.99;4.99;;;02.05.2025;5.04;3859889377010;Hrana
KA©A JEÈMENA MGP 1kg;162619;Mgp;1.0000;kg;1.29;1.29;;;02.05.2025;1.29;3859889377034;Hrana
ZAÈIN VEGETA STAKLO 400 g;162622;Podravka;0.4000;kg;3.79;9.48;;;02.05.2025;3.79;3850104249600;Hrana
PUDING ÈOKOLADA PREMIUM 53 g;162643;Podravka;0.0530;kg;0.99;18.68;;;02.05.2025;0.99;3850104249464;Hrana
PUDING BURBON PODRAVKA 37 g;162645;Podravka;0.0370;kg;0.99;26.76;;;02.05.2025;0.99;3850104249471;Hrana
©EÆER RUM DOLCELA 10 g;162649;Podravka;0.0100;kg;0.39;39.00;;;02.05.2025;0.39;3850104249495;Hrana
ZAÈ.BILJE NA DALMATINSKI 14 g;162653;Kotanyi;0.0140;kg;1.19;85.00;;;02.05.2025;0.99;9001414218037;Hrana
ZAÈIN WOK KOTANYI 84 g;162655;Kotanyi;0.0840;kg;3.29;39.17;;;02.05.2025;2.99;9001414541494;Hrana
ZAÈIN VEGETA NATUR 150 g;162657;Podravka;0.1500;kg;2.19;14.60;;;02.05.2025;2.19;3850104248832;Hrana
BOJA ZA KOSU CASTING 360;162853;LOREAL;1.0000;kom;6.59;6.59;;;02.05.2025;6.59;3600521373002;Kozmetika
MUES.5 VRSTA VOÆA VIOLA 500 g;162980;Viola;0.5000;kg;4.99;9.98;;;02.05.2025;4.99;4000446017705;Hrana
MLIJEKO UHT 0,9% MEGGLE 1 L ;162986;Meggle;1.0000;L;1.19;1.19;;;02.05.2025;1.19;3870085010105;Hrana
MEDITERAN.MJE©AVI.KOTANYI 40 g;163017;Kotanyi;0.0400;kg;3.99;99.75;;;02.05.2025;3.99;9001414541371;Hrana
ZAÈIN PAPRIKA SLATKA 35 g;163019;Kotanyi;0.0350;kg;1.09;31.14;;;02.05.2025;.92;9001414119204;Hrana
ÈOK.JAJE KIND.SURP.USKRS 100 g;163048;Ferrero;0.1000;kg;;24.90;2.49;4.99;02.05.2025;4.99;;Hrana
©AMPINJONI SPAR 1.KLASA 280 g;163056;SPAR;0.1700;kg;1.59;9.35;;;02.05.2025;1.59;9100000749563;Hrana
©AMPINJONI SPAR 2.KLASA 330 g;163057;SPAR;0.2000;kg;1.89;9.45;;;02.05.2025;1.89;9100000749587;Hrana
PATRONE GILLETTE MACH3 8 kom;163576;Gillette;8.0000;kom;;2.29;18.29;22.95;02.05.2025;22.95;3014260239640;Kozmetika
®ITARI.NESTLE FITNESS LS 375 g;163593;Nestlé;0.3750;kg;;10.64;3.99;4.69;02.05.2025;4.69;7613032853815;Hrana
KUKURUZ ©EÆ.BONDUELLE 340 g;163761;Bonduelle;0.2850;kg;1.69;5.93;;;02.05.2025;1.69;3083680053303;Hrana
FLAST.LOLA CARE CLASSIC 20/1;163766;Lola;20.0000;kom;1.59;0.08;;;02.05.2025;1.59;3858881104099;Toaletne potrep¹tine
PRO SPORT IZOTON.NARANÈA0,75 L;163843;;0.7500;l;1.59;2.12;;;02.05.2025;1.59;3858884603957;Piæa
VRHNJE KISELO Z BREGOV 900 g;163974;Vindija;0.9000;kg;3.99;4.43;;;02.05.2025;3.99;3850108036473;Hrana
KREMA ROSAL FAMILY 250 ml;164339;Rosal;0.2500;L;4.99;19.96;;;02.05.2025;4.79;3856007903359;Kozmetika
SOK SKY COLA 0,5 L GAZIRANI;164348;Sky;0.5000;l;.99;1.98;;;02.05.2025;.99;3871059000146;Piæa
MARG.NAMAZ MARGARITA 500 g;164386;Bakina Kuhinja;0.5000;kg;1.59;3.18;;;02.05.2025;1.59;3858883227406;Hrana
SIR RIBANI PA©KI 40 g;164395;Paska Sirana;0.0400;kg;0.99;24.75;;;02.05.2025;0.99;3859889426138;Hrana
TABLETE LAMINIRANE RAID 60/1;164456;Raid;60.0000;kom;7.19;0.12;;;02.05.2025;7.19;5000204589641;Proizvodi za kuæanstvo
AUTAN JUNIOR LOSION 100ml;164457;Autan;0.1000;L;9.59;95.90;;;02.05.2025;9.59;5000204584257;Proizvodi za kuæanstvo
UMAK POCO LOCO GUACAMOLE 300 g;164462;Poco Loco;0.3000;kg;3.99;13.30;;;02.05.2025;3.99;5412514999957;Hrana
SLAD.MINI QUATTRO CLASS.900 ml;164473;Ledo;0.9000;l;4.99;5.54;;;02.05.2025;4.99;3850116036359;Hrana
VINO II BARONE MERLOT 0,75 L;164512;Weingut Schloss Fels;0.7500;l;3.21;4.28;;;02.05.2025;3.21;9100300100354;Piæa
VINO II BAR.CHARDONNAY 0,75 L;164513;Weingut Schloss Fels;0.7500;L;3.62;4.83;;;02.05.2025;3.62;9100000106366;Piæa
ÈAJNA KOBASICA NAR 100 g ;164522;Pik;0.1000;kg;2.65;26.50;;;02.05.2025;2.65;3850139010435;Hrana
LOS.DIPTEROL NATURAL 100ml;164647;;0.1000;L;5.29;52.90;;;02.05.2025;5.29;3856007903045;Proizvodi za kuæanstvo
DES.KINDER MILCHSCHNITT.5x28 g;164954;Kinder;0.1400;kg;2.99;21.36;;;02.05.2025;2.99;8000500062654;Hrana
JUHA S MESN. I GRIS OKR.52 g;165193;Podravka;0.0520;kg;1.49;28.65;;;02.05.2025;1.49;3850104249662;Hrana
PILEÆI MINI FILE 400 g;165199;Cekin;0.4000;kg;6.29;15.73;;;02.05.2025;6.29;3850159110900;Hrana
DEO SPR.GARNIER EXTREME 150 ml;165226;Garnier;0.1500;L;4.59;30.60;;;02.05.2025;4.59;3600540889584;Kozmetika
DEO ROLL ON GARNIER EXTR.50 ml;165238;Garnier;0.0500;L;4.59;91.80;;;02.05.2025;4.59;3600540893154;Kozmetika
BRITVICE GILL.VENUS 3 PLUS 3/1;165262;Gillette;3.0000;kom;3.69;1.23;;3.69;02.05.2025;3.69;7702018018116;Kozmetika
ZAÈ.PAPAR+SOL GRATIS 185 g;165269;Kotanyi;0.1850;kg;3.99;21.57;;;02.05.2025;3.44;9001414130148;Hrana
ENERGETS.PIÆE RED BULL 0,355 L;165362;Red Bull;0.3550;l;2.39;6.73;;;02.05.2025;2.39;9002490210939;Piæa
NAPITAK NATUR PUR SOJA 1 L;165424;Natur pur;1.0000;l;1.99;1.99;;;02.05.2025;1.99;9100000090726;Piæa
WAFEL SPAR 250 g;165426;SPAR;0.2500;kg;1.69;6.76;;;02.05.2025;1.69;9100000138633;Hrana
GRA©AK MRKVA SPAR 800 g;165447;SPAR;0.5300;kg;2.59;4.89;;;02.05.2025;2.59;9100000074108;Hrana
GRA©AK MRKVA SPAR 400 g;165448;SPAR;0.2650;kg;1.79;6.75;;;02.05.2025;1.79;9100000073002;Hrana
KUKURUZ SPAR 680 g;165449;SPAR;0.5700;kg;2.89;5.07;;;02.05.2025;2.89;9100000076652;Hrana
GRAH SPAR CRVENI 800 g;165451;SPAR;0.4800;kg;1.69;3.52;;;02.05.2025;1.69;9100000074405;Hrana
TORTA ROÐENDANSKA LEDO 1 kg;165537;Ledo;1.0000;kg;17.99;17.99;;;02.05.2025;17.99;3850116875873;Hrana
©PINAT SPAR NATUR PUR 450 g;165605;Natur pur;0.4500;kg;2.49;5.53;;;02.05.2025;2.49;9100000301532;Hrana
MLIJEKO UHT 2,8% Z BREG.6x1 L;165653;Vindija;6.0000;L;5.99;1.00;;;02.05.2025;5.34;3850108020588;Hrana
SL.CONTE VAN.S-BUDGET 6x120 ml;165689;S-Budget;0.7200;L;2.99;4.15;;;02.05.2025;2.99;9100000760582;Hrana
VINO ROSO PLAVAC 0,75 L;165871;;0.7500;l;5.69;7.59;;;02.05.2025;5.69;3859888568068;Piæa
SIR MASCARPONE GALBANI 500 g;165916;Galbani;0.5000;kg;6.49;12.98;;;02.05.2025;6.49;8606002113476;Hrana
SPLENDID SRE.ZA ÈI©.KUP.750 ml;166159;Splendid;0.7500;l;2.59;3.45;;;02.05.2025;2.59;9100000727080;Sredstva za èi¹æenje
SPLENDI.SR.ZA ÈI©.STAKLA750 ml;166160;Splendid;0.7500;L;1.89;2.52;;;02.05.2025;1.89;9100000727103;Sredstva za èi¹æenje
SPLENDID SRED.ZA ÈI©.WC 750 ml;166162;Splendid;0.7500;L;1.85;2.47;;;02.05.2025;1.85;9100000038193;Sredstva za èi¹æenje
KA©ICA HIPP TJESTEN.NAP.250 g;166167;Hipp;0.2500;kg;2.38;9.52;;;02.05.2025;2.38;4062300462229;Hrana
ZUBNA PASTA SENSODYNE 75 ml;166196;Sensodyne;0.0750;L;7.49;99.87;;;02.05.2025;5.59;5999518581956;Kozmetika
SIR D®IUGAS BRONZE 40%MM 180g;166209;D¾iugas;0.1800;kg;3.99;22.17;;;02.05.2025;3.98;4770299047890;Hrana
Tlaèenica;166217;Medven;1.0000;kg;6.49;6.49;;;02.05.2025;6.49;3859893170928;Hrana
Hrenovke u prir.crijevu;166230;Medven;1.0000;kg;10.99;10.99;;;02.05.2025;10.99;3859893326752;Hrana
PIVO STAROPRAMEN 0,5 L P.A.;166566;Staropramen;0.5000;l;1.29;2.58;;;02.05.2025;1.29;3850131001790;Piæa
PREZ.DUREX FEEL ULTRA THIN 3/1;166583;Durex;3.0000;kom;;1.46;4.39;5.49;02.05.2025;5.49;5038483866047;Toaletne potrep¹tine
VODA MIN.STUDENAC 1 L NAVOJNI;166599;;1.0000;l;0.62;0.62;;;02.05.2025;0.62;3856022300867;Piæa
ÈOKOLADA MILKA ALPSKO ML. 80 g;166884;Milka;0.0800;kg;0.99;12.38;;;02.05.2025;0.99;7622300424695;Hrana
KEKSI MILKA CHOCO MALINA 147 g;166885;Milka;0.1470;kg;1.75;11.90;;;02.05.2025;1.05;7622300479107;Hrana
KEKS MILKA CHO.ÈOK.MOUS.128 g;166886;Milka;0.1280;kg;1.75;13.67;;;02.05.2025;1.05;7622300479084;Hrana
KEKS MILKA CHOCO NARANÈA 147 g;166887;Milka;0.1470;kg;1.75;11.90;;;02.05.2025;1.05;7622300479138;Hrana
Bio dagnja;166915;;1.0000;kg;4.39;4.39;;4.19;02.05.2025;4.19;;Hrana
JEGER SLJEME 600 g;166936;Sljeme;0.6000;kg;4.29;7.15;;;02.05.2025;4.29;3850139331134;Hrana
JUHA BISTRA PODRAVKA 52 g;166999;Podravka;0.0520;kg;0.99;19.04;;;02.05.2025;0.99;3850104252518;Hrana
SLA.S BUDGET CONTE LJ 6x120 ml;167015;S-Budget;0.7200;L;2.99;4.15;;;02.05.2025;2.99;9100000756448;Hrana
SOMERSBY APPLE CIDER 0,33 L;167044;Somersby;0.3300;l;1.68;5.09;;;02.05.2025;1.58;7310070764973;Piæa
BU SALVETE 1-SL BIJELE 100/1;167052;S-BUDGET;100.0000;kom;0.69;0.01;;;02.05.2025;0.69;3859891806669;Proizvodi za kuæanstvo
Sir Gouda Dukat;167188;Dukat;1.0000;kg;6.49;6.49;;;02.05.2025;6.49;3850355002726;Hrana
BRITVICE GILLETTE BLUE 10+4;167354;Gillette;10.0000;kom;7.19;0.72;;7.19;02.05.2025;7.19;7702018466979;Kozmetika
KAKAO PLOÈA SPAR FF 100 g;167380;SPAR free from;0.1000;kg;4.69;46.90;;;02.05.2025;4.69;9100000046068;Hrana
MLIJEKO KOZJE ´Z BREGOV 1 L;167385;Vindija;1.0000;L;2.59;2.59;;;02.05.2025;2.59;3850108026108;Hrana
PILEÆI RA®NJIÆI KIDS 450 g;167470;Vindija;0.4500;kg;7.29;16.20;;;02.05.2025;7.29;3850159150128;Hrana
WHISKEY THE FAMO.GROUSE 0,7 L;167476;Famous Grouse;0.7000;L;18.52;26.46;;;02.05.2025;18.52;5010314700003;Piæa
®ITNA KA©ICA VANILINO 200 g;167486;Lino;0.2000;kg;2.29;11.45;;;02.05.2025;2.29;3850104251917;Hrana
SALAMA PANONA NAR 100 g ;167540;Pik;0.1000;kg;2.89;28.90;;;02.05.2025;2.89;3850139010855;Hrana
VINO KUPINOVO ÈUKOVIÆ 0,75 L;167547;;0.7500;l;9.42;12.56;;;02.05.2025;9.42;3859890123033;Piæa
OCAT JABUÈNI ORAH 0,5 L;167552;Mautner Markhof;0.5000;l;3.79;7.58;;;02.05.2025;3.79;9011900195063;Hrana
PJENU©.ROBBY BUBB. BERRY0,75 L;167583;Robby Bubble;0.7500;l;3.88;5.17;;;02.05.2025;3.88;8595004610420;Piæa
NEKTAR MARASKA AMARENA 1 L;167592;Maraska;1.0000;L;3.09;3.09;;;02.05.2025;2.59;3850158600709;Piæa
SOK BEBIVITA JABUKA 500 ml;167721;Bebivita;0.5000;l;1.89;3.78;;;02.05.2025;1.89;4018852032755;Piæa
MLIJ. ZA KAVU 3,8% Z BREG.1 L;167887;;1.0000;L;2.05;2.05;;;02.05.2025;2.05;3850108023404;Hrana
TJEST.RAGUSA KRPICE 400 g;167902;Paradiso;0.4000;kg;1.59;3.98;;;02.05.2025;1.59;3859889154079;Hrana
KRUH TRAJNI DINKEL VITAL 500 g;167926;SPAR Vital;0.5000;kg;1.59;3.18;;;02.05.2025;1.59;9100000139975;Hrana
OSVJ.WC BREF POWER AKTIV 50 g;168112;Bref;0.0500;kg;3.19;63.80;;;02.05.2025;3.19;9000100625074;Sredstva za èi¹æenje
OSVJ.WC BREF POWER AKTIV 50 g ;168115;Bref;0.0500;kg;3.19;63.80;;;02.05.2025;3.19;9000100625104;Sredstva za èi¹æenje
JOG.SENSIA SNACK VAN.®IT.190 g;168213;Dukat;0.1900;kg;1.69;8.89;;;02.05.2025;1.69;3850354006152;Hrana
KA©ICA FRUTEK JAB.BRE.190 g;168447;Fructal;0.1900;kg;1.75;9.21;;;02.05.2025;1.75;3838945016452;Hrana
SOK JUI. FRUITS LIMUNADA 0,5 L;168499;Juicy;0.5000;l;1.09;2.18;;;02.05.2025;1.09;3858890975215;Piæa
SOK JUICY FRUITS LIMUNAD.1,5 L;168500;Juicy;1.5000;L;1.39;0.93;;1.32;02.05.2025;1.62;3858890975185;Piæa
BOJA ZA KOSU PALETTE ICC R2;168588;Palette;0.1000;L;;34.90;3.49;4.25;02.05.2025;4.25;3838824218557;Kozmetika
CARS.DROBLJENAC DR.OETKER 160g;168682;Dr. Oetker;0.1600;kg;2.39;14.94;;;02.05.2025;2.39;5997381347587;Hrana
MESNI RAGU PODRAVKA 400 g;168767;Podravka;0.4000;kg;3.99;9.98;;;02.05.2025;3.99;3858886465768;Hrana
SIRUP NATUR PUR AGAVA 350 g;168777;Natur pur;0.3500;kg;3.69;10.54;;;02.05.2025;3.69;9100000092546;Hrana
Odojak;168787;;1.0000;kg;5.99;5.99;;5.69;02.05.2025;5.69;3858881616912;Hrana
ENERG.NAPITAK SB COLA 0,25 L;168913;S-Budget;0.2500;l;.63;2.52;;;02.05.2025;.63;9100000754628;Piæa
VINO II BARONE PINOT GR.0,75 L;169119;Weingut Schloss Fels;0.7500;L;3.32;4.43;;;02.05.2025;3.32;9100000106625;Piæa
ÈETK.AQUAFRESH 2/1;169145;Aquafresh;2.0000;kom;3.99;2.00;;;02.05.2025;3.99;5054563931771;Kozmetika
ZUB.PASTA PARODONTAX 75 ml;169147;Parodontax;0.0750;L;5.99;79.87;;;02.05.2025;5.59;5054563949141;Kozmetika
NAMAZ PHILAD.SA ZAÈ.BILJ.175 g;169193;Philadelphia;0.1750;kg;3.39;19.37;;;02.05.2025;3.39;7622300756413;Hrana
PIÆE OSV.MULTIV.S-BUDGET 1,5 L;169248;S-Budget;1.5000;l;1.09;0.73;;;02.05.2025;1.02;3856021216879;Piæa
PIÆE O.S OK.NARA.S-BUDGET1,5 L;169249;S-Budget;1.5000;l;1.09;0.73;;;02.05.2025;1.02;3856021217302;Piæa
PIÆE OSVJ.JABUKA S-BUDGET1,5 L;169250;S-Budget;1.5000;l;1.09;0.73;;;02.05.2025;1.02;3856021217326;Piæa
VI.KRAUT.45,3 PAR.GRA©.0,75 L;169251;;0.7500;l;6.79;9.05;;;02.05.2025;6.69;3859892481018;Piæa
VINO KRAUT.45,3 PAR.ROS.0,75 L;169252;;0.7500;l;6.79;9.05;;;02.05.2025;6.69;3859892481117;Piæa
VI.KRAUT.45,3 PAR.CRNO 0,75 L;169253;;0.7500;l;6.89;9.19;;;02.05.2025;6.79;3859892481124;Piæa
VI.KRAUT.45,3 PAR.PINOT 0,75 L;169254;;0.7500;l;6.79;9.05;;;02.05.2025;6.69;3859892481049;Piæa
VINO KRAUT.45,3 PAR.SAUV.0,75L;169255;;0.7500;l;6.79;9.05;;;02.05.2025;6.69;3859892481063;Piæa
MLIJEK.UHT 3,8% VIT.D HDPE 1 L;169259;Dukat;1.0000;L;1.75;1.75;;;02.05.2025;1.75;3850354006091;Hrana
MLIJEK.UHT 2,8% DUKAT HDPE 1 L;169260;Dukat;1.0000;L;0.94;0.94;;0.94;02.05.2025;1.02;3850354006053;Hrana
VRHNJE 15% KIS. SPAR FF 250 g;169273;SPAR free from;0.2500;kg;0.99;3.96;;;02.05.2025;0.99;9100000863801;Hrana
MLIJE.PROD.SVJ.1,5%SPAR FF 1 L;169276;SPAR free from;1.0000;L;1.49;1.49;;;02.05.2025;1.49;9100000863689;Hrana
®VAKE AIRWAVES DRA®EJE 14 g;169309;Wrigley;0.0140;kg;.99;70.71;;;02.05.2025;.99;42189633;Hrana
FLIPS KROKI KROKET 180 g;169422;Kroki Kroket;0.1800;kg;1.92;10.67;;;02.05.2025;1.92;3856021303517;Hrana
PJENA ZA KOSU TAFT CURL 200 ml;169427;Taft;0.2000;L;3.99;19.95;;3.99;02.05.2025;3.89;9000100613644;Kozmetika
BOJA ZA KOSU SYOSS 5-8;169437;Syoss;0.1150;L;6.19;53.83;;;02.05.2025;5.59;9000100633345;Kozmetika
BOJA ZA KOSU SYOSS 4-8;169438;Syoss;0.1150;L;6.19;53.83;;;02.05.2025;5.59;9000100633314;Kozmetika
BOJA ZA KOSU SYOSS 8-7 ;169439;Syoss;0.1150;L;6.19;53.83;;;02.05.2025;5.59;9000100633260;Kozmetika
BOJA ZA KOSU SYOSS 9-5;169445;Syoss;0.1150;L;6.19;53.83;;;02.05.2025;5.59;9000100633048;Kozmetika
BOJA ZA KOSU SYOSS 4-2;169450;Syoss;0.1150;L;6.19;53.83;;;02.05.2025;5.59;9000100632867;Kozmetika
BOJA ZA KOSU SYOSS 4-1;169453;Syoss;0.1150;L;6.19;53.83;;;02.05.2025;5.59;9000100632744;Kozmetika
BOJA ZA KOSU SYOSS 3-1;169454;Syoss;0.1150;L;6.19;53.83;;;02.05.2025;5.59;9000100632706;Kozmetika
BOJA ZA KOSU SYOSS 1-1;169455;Syoss;0.1150;L;6.19;53.83;;;02.05.2025;5.59;9000100632669;Kozmetika
UMAK MC ILHENNY CHIPOTLE 60 ml;169500;Mc Ilhenny;0.0600;l;4.64;77.33;;;02.05.2025;4.64;0011210607040;Hrana
PA©TETA ARGETA KOKO©JA 3X95 g;169515;Argeta;0.2850;kg;3.99;14.00;;;02.05.2025;3.19;3838975567214;Hrana
®I.NESTLE CHOCAPIC ©KOLJ.375 g;169756;Nestlé;0.3750;kg;4.59;12.24;;;02.05.2025;4.39;5900020013927;Hrana
BAKERY WRAPS NATUR.4X25cm 245g;169813;Poco Loco;0.2450;kg;2.45;10.00;;;02.05.2025;2.45;5412514932060;Hrana
PA©TETA ARG.JUN.SUPERTUNA 95 g;169825;Argeta;0.0950;kg;;17.79;1.69;1.99;02.05.2025;1.99;3838471019057;Hrana
®IT.NESTLE ÈOK.LOPTICE 375 g;169837;Nestlé;0.3750;kg;4.59;12.24;;;02.05.2025;4.39;5900020013668;Hrana
PRELJ.ÈOKO.SPAR ZA TORTE 200 g;170062;SPAR;0.2000;kg;3.99;19.95;;;02.05.2025;3.99;9100000048635;Hrana
PRELJ.ÈOKO.SPAR ZA TORTE 200 g;170063;SPAR;0.2000;kg;3.99;19.95;;;02.05.2025;3.99;9100000048437;Hrana
PRELJEV ÈO.SPAR ZA TORTE 200 g;170064;SPAR;0.2000;kg;3.99;19.95;;;02.05.2025;3.99;9100000048802;Hrana
BEAUTY KISS LIP BALM CLA.4,8 g;170100;Beauty Kiss;1.0000;kom;0.95;0.95;;;02.05.2025;0.95;9100000985596;Kozmetika
BEAUTY KISS LIP BALM SEN.4,8 g;170101;Beauty Kiss;1.0000;kom;0.95;0.95;;;02.05.2025;0.95;9100000985671;Kozmetika
BEAUTY KISS LIP B.MI&HON 4,8 g;170102;Beauty Kiss;1.0000;kom;0.95;0.95;;;02.05.2025;0.95;9100000985695;Kozmetika
PIVO ZLATNI PAN LIMENKA  0,5 L;170107;Pan;0.5000;l;1.48;2.96;;;02.05.2025;1.48;3858887580644;Piæa
SALVETE 38x38cm,25/1NARANÈASTE;170111;;1.0000;kom;1.69;1.69;;;02.05.2025;1.69;3870128003019;Proizvodi za kuæanstvo
VRHNJE ZA KUHANJE Z BREGOV 1 L;170144;Vindija;1.0000;L;5.99;5.99;;;02.05.2025;5.99;3850108033526;Hrana
SIRNI NAMAZ Z BREGOV ©UN.150 g;170145;Vindija;0.1500;kg;1.59;10.60;;;02.05.2025;1.59;3850108059410;Hrana
OKRUGLICE JU©NE LEIMER 200 g;170153;Leimer;0.2000;kg;2.29;11.45;;;02.05.2025;2.29;4000186032778;Hrana
VINO PRODAN CAB.SAUV.0,75 L;170231;;0.7500;l;8.68;11.57;;;02.05.2025;8.68;3859890283676;Piæa
ZUBNA PASTA COLGATE 75 ml;170264;Colgate;0.0750;L;4.19;55.87;;;02.05.2025;3.98;8714789531915;Kozmetika
CHAMPAG.POMM.BRUT ROYAL 0,75L;170293;Pommery;0.7500;L;65.02;86.69;;;02.05.2025;65.02;3352370002830;Piæa
ZAÈ.DALM.BILJE KOTANYI 15 g;170312;Kotanyi;0.0150;kg;2.19;146.00;;;02.05.2025;1.98;9001414041444;Hrana
DEO SPR.FA MYSTIC MOMEN.150 ml;170345;Fa;0.1500;L;3.20;21.33;;;02.05.2025;3.20;9000100634113;Kozmetika
GEL ZA TU©IRANJE FA M.250 ml;170346;Fa;0.2500;L;2.75;11.00;;;02.05.2025;2.75;9000100634007;Kozmetika
CILLIT BANG S&M TRIGGER 750 ml;170403;Cilit;0.7500;L;4.99;6.65;;;02.05.2025;4.99;3059940003609;Sredstva za èi¹æenje
®ITAR.SPAR NOUGAT BITES 500 g;170551;SPAR;1.0000;kom;3.79;3.79;;;02.05.2025;3.79;9100000693019;Hrana
PUTER ZAGREBAÈKI 250 g;170557;Euro Milk;0.2500;kg;3.99;15.96;;;02.05.2025;3.99;3859889770408;Hrana
UMAK KUHNE CURRY 250 ml;170620;Kuehne;0.2500;l;2.59;10.36;;;02.05.2025;3.29;40804941;Hrana
GUSTIN DR.OETKER+25%GRAT.250 g;170775;Dr. Oetker;0.2000;kg;1.89;9.45;;;02.05.2025;1.89;5997381348584;Hrana
KAP. DG ESPRESSO INTENSO 128 g;170902;Nescafe;0.1280;kg;5.29;41.33;;5.29;02.05.2025;6.49;7613036867436;Piæa
Janjetina HR;171430;;1.0000;kg;;13.49;13.49;13.89;02.05.2025;15.99;3859892958886;Hrana
Janjetina;171434;;1.0000;kg;;11.39;11.39;11.49;02.05.2025;13.99;3858891521121;Hrana
MLIJEKO UHT 0,9% Z BREGOV 2 L;171668;Vindija;2.0000;L;2.79;1.40;;;02.05.2025;2.79;3850108021264;Hrana
KAVA BARCAFFE 500 g;171845;Barcaffe;0.5000;kg;9.89;19.78;;;02.05.2025;7.99;3838471021272;Piæa
©AMPON ELSEVE TOTAL R.5 400 ml;171941;Elseve;0.4000;L;;10.98;4.39;5.89;02.05.2025;5.89;3600521929421;Kozmetika
DESERT MLIJ.MONTE ZOTT 150 g;171946;Zott;0.1500;kg;1.19;7.93;;;02.05.2025;1.19;4014500516646;Hrana
ÈAJ FRANCK KAMILICA MAXI 40 g;172199;Franck;0.0400;kg;2.79;69.75;;;02.05.2025;2.79;3858881086098;Piæa
ÈAJ FRANCK ©IPAK MAXI 120 g;172202;Franck;0.1200;kg;2.99;24.92;;;02.05.2025;2.99;3858881086081;Piæa
ÈAJ FRANCK MENTA MAXI 60 g;172206;Franck;0.0600;kg;2.79;46.50;;;02.05.2025;2.79;3858881086104;Piæa
FLIPS BOBI RINGS 3x70 g;172529;;0.2100;kg;1.69;8.05;;;02.05.2025;1.69;3858891160917;Hrana
FLIPS MARBO MAX  PIL.33 g;172559;Clipsy;0.0330;kg;0.49;14.85;;;02.05.2025;0.49;8606105235549;Hrana
BISKVIT BARNI 30 g MILK;172604;Baron de Ley;0.0300;kg;0.79;26.33;;;02.05.2025;0.79;5906747318345;Hrana
BISKVIT BARNI 30 g CHOCO;172605;Barni;0.0300;kg;0.79;26.33;;;02.05.2025;0.79;5906747314118;Hrana
BISKVIT BARNI MILK 150 g;172606;Barni;0.1500;kg;3.49;23.27;;;02.05.2025;3.49;7622300511814;Hrana
BISKVIT BARNI CHOCO 150 g ;172607;Barni;0.1500;kg;3.49;23.27;;;02.05.2025;3.49;7622300509606;Hrana
VRH.ZA KUH.MEGGLE 10%MM 500 ml;172611;Meggle;0.5000;L;3.29;6.58;;;02.05.2025;3.39;3870085021828;Hrana
LOSION ZA TIJ.NIVEA SOS 250 ml;172917;Nivea;0.2500;L;5.99;23.96;;;02.05.2025;5.99;4006000089614;Kozmetika
BAKALAR 600/1000 PRE©ANI;172952;;1.0000;kg;54.99;54.99;;;02.05.2025;54.99;;Hrana
VINO MERLOT SAN MARTINO 0,75 L;172959;;0.7500;l;7.69;10.25;;;02.05.2025;7.69;3859892237028;Piæa
VINO MALVAZ.SAN MARTINO 0,75 L;172963;;0.7500;l;8.99;11.99;;;02.05.2025;8.99;3859892237011;Piæa
PILEÆA POSEBNA S BUDGET 400 g;172974;S-Budget;0.4000;kg;1.79;4.48;;;02.05.2025;1.79;3858889110474;Hrana
SAL.ZIMSKA S BUDGET 660 g;172992;S-Budget;0.6600;kg;8.49;12.86;;;02.05.2025;8.49;3858889110450;Hrana
BAKALAR SU©ENI 200 g-400 g;173032;;1.0000;kg;41.99;41.99;;;02.05.2025;41.99;;Hrana
ÈAJ AGRISTAR KAMILICA XXL 40 g;173042;Agristar;0.0400;kg;2.29;57.25;;;02.05.2025;2.29;3858886503934;Piæa
ÈAJ AGRISTAR KOPRIVA 60 g ;173043;Agristar;0.0600;kg;2.59;43.17;;;02.05.2025;2.59;3858886503927;Piæa
SIR KOLAN GLIGORA CCA 500 g;173075;Sirana Gligora;1.0000;kg;22.99;22.99;;;02.05.2025;22.99;3858891771533;Hrana
JOGURT ÈVRS.3,2% Z BREGO.900 g;173101;Vindija;0.9000;kg;2.29;2.54;;;02.05.2025;2.29;3850108030174;Hrana
SIR ®IGLJEN GLIGORA CCA.600g;173240;;1.0000;kg;29.99;29.99;;;02.05.2025;29.99;3858891771274;Hrana
JUNEÆE TRIPICE 500 g;173284;;0.5000;kg;3.69;7.38;;;02.05.2025;3.69;3858881619067;Hrana
©UNKA U OVITKU 350 g PODRAVKA;173412;Podravka;0.3500;kg;4.49;12.83;;;02.05.2025;4.49;3858886465713;Hrana
GIN BOMBAY SAPPHIRE 0,7L;173424;;0.7000;l;27.29;38.99;;;02.05.2025;26.02;5010677714006;Piæa
ÈOK.MIKADO RI®A 225 g;173427;Mikado;0.2250;kg;3.35;14.89;;;02.05.2025;3.35;3858888570477;Hrana
VINO BARON D ARIG.CAB.S.0,75 L;173569;;0.7500;l;3.99;5.32;;;02.05.2025;3.99;3263286342593;Piæa
VINO BARON D ARI.MERLOT 0,75 L;173570;;0.7500;l;3.99;5.32;;;02.05.2025;3.99;3263280115926;Piæa
KEKS SPAR MASLAC.TAM.ÈOK.125 g;173617;SPAR;0.1250;kg;1.99;15.92;;;02.05.2025;1.69;8710671003232;Hrana
ÈET.OB 3EFFECT NATURALS 1+1;173748;Oral B;1.0000;kom;2.52;2.52;;;02.05.2025;2.52;3014260022839;Kozmetika
HRANA ZA STER.MAÈ.FRIS.1,5 kg;173753;Friskies;1.5000;kg;7.16;4.77;;;02.05.2025;7.16;7613287147141;Proizvodi za kuæanstvo
FLIPS BOBI 3x90 g;173754;Bobi;0.2700;kg;1.69;6.26;;;02.05.2025;1.69;3858891161501;Hrana
SRED.SANITAR FRESH 650 ml;173764;Sanitar;0.6500;L;2.49;3.83;;;02.05.2025;2.49;3850111503405;Sredstva za èi¹æenje
ÈOKOLADNO JAJE BLAZE 20 g;173807;DUPIN;0.0200;kg;1.39;69.50;;;02.05.2025;1.39;80737797;Hrana
SRED.SUPER JON STAKLO 650 ml;173819;Super Jon;0.6500;L;1.99;3.06;;;02.05.2025;1.99;3850111503382;Sredstva za èi¹æenje
SRED.SANITAR STRONG 650 ml;173820;Sanitar;0.6500;L;2.49;3.83;;;02.05.2025;2.49;3850111503399;Sredstva za èi¹æenje
KAVIJAR CRNI AGUSTSON 50 g;173822;Klarom;0.0500;kg;3.99;79.80;;;02.05.2025;3.99;5709505800027;Hrana
KAVIJAR CRNI KAPELIN 100 g;173823;Klarom;0.1000;kg;6.39;63.90;;;02.05.2025;6.39;5709505830024;Hrana
KAVIJAR CRVENI AGUSTSON 50 g;173824;Klarom;0.0500;kg;3.99;79.80;;;02.05.2025;3.99;5709505800034;Hrana
KAVIJAR CRVENI AGUSTSON 100 g;173826;Klarom;0.1000;kg;6.49;64.90;;;02.05.2025;6.49;5709505830031;Hrana
TUNA RIO MARE MASL.ULJE 2X80 g;173829;Rio Mare;0.1040;kg;5.09;48.94;;;02.05.2025;5.09;8004030100213;Hrana
KOBASICA TIROLSKA 350 g;174101;Podravka;0.3500;kg;3.79;10.83;;;02.05.2025;3.79;3858886465744;Hrana
PLO.NESTL.FITNESS CHOCO 23,5 g;174139;Nestlé;0.0235;kg;0.99;42.13;;;02.05.2025;0.89;5900020008121;Hrana
KIKIRIKI OLJU©TENI PR®E. 400 g;174148;Natura;0.4000;kg;3.09;7.73;;;02.05.2025;3.09;3859891427468;Hrana
KIKIRIKI NATURA SLANI 200 g;174149;Natura;0.2000;kg;2.19;10.95;;;02.05.2025;2.19;3859891427451;Hrana
LASAGNE DESPAR 250 g;174151;Despar;0.2500;kg;1.29;5.16;;;02.05.2025;1.29;9100000750729;Hrana
VINO BABIÆ 0,187L;174168;;0.1870;l;2.99;15.99;;;02.05.2025;2.99;3859888129658;Piæa
PIVO ZLATNI PAN PET 2 L;174327;Pan;2.0000;L;3.42;1.71;;;02.05.2025;3.42;3858887580675;Piæa
GIN EMPIRE MARASKA 1 L;174328;Maraska;1.0000;l;13.52;13.52;;;02.05.2025;13.52;3850158200879;Piæa
AMARO ZARA 30% 1 L;174660;Amaro;1.0000;l;11.92;11.92;;;02.05.2025;11.92;3850158400002;Piæa
SJAJILO ZA PERIL.FINISH 400 ml;175015;Finish;0.4000;L;3.99;9.98;;;02.05.2025;3.99;5999109581938;Sredstva za èi¹æenje
SRED.SUPER JON KUHINJA 650 ml;175037;Super Jon;0.6500;L;3.29;5.06;;;02.05.2025;3.29;3850111503436;Sredstva za èi¹æenje
MARAMICE LOVELY 4SL.30x10;175153;Lovely;30.0000;kom;3.99;0.13;;;02.05.2025;3.99;9100000161303;Toaletne potrep¹tine
REF.DUCK FRESH DISC.LIME 72 ml;175173;Duck;0.7200;L;2.85;3.96;;2.85;02.05.2025;2.85;5000204341621;Sredstva za èi¹æenje
MUSLI PLOÈ.CORNY ÈOK.KEKS 50 g;175181;Corny;0.0500;kg;1.19;23.80;;;02.05.2025;1.19;4011800572518;Hrana
ÈOKO.NESTLE ZA KUH.CORSE 200 g;175373;Nestlé;0.2000;kg;5.99;29.95;;;02.05.2025;4.99;7613035898646;Hrana
LIKER AMARO 18 ISOLAB.0,7 L;175454;;0.7000;l;11.32;16.17;;;02.05.2025;11.32;8001110017034;Piæa
ZAÈIN VEGETA NATUR PODRA.300 g;175470;Podravka;0.3000;kg;3.49;11.63;;;02.05.2025;3.49;3850104254444;Hrana
Pecivo mini kukuruzno mije¹ano;175591;Bäckerei SPAR;1.0000;kg;3.44;3.44;;;02.05.2025;3.44;;Hrana
PA©TETA ÈAJNA U OVITKU 100 g;175606;Sljeme;0.1000;kg;0.99;9.90;;;02.05.2025;0.99;3850139230109;Hrana
Salama panona;175607;Pik;1.0000;kg;19.99;19.99;;16.99;02.05.2025;22.99;3850139613254;Hrana
PIVO HOLSTEN 2 L PET;175627;Holsten;2.0000;l;2.72;1.36;;;02.05.2025;2.72;3858887580484;Piæa
DEO SPRAY AXE EXCITE 150 ml;175723;Axe;0.1500;L;4.55;30.33;;;02.05.2025;4.55;8718114650708;Kozmetika
DEO ROLL ON NIVEA IN.B.W.50 ml;175753;Nivea;0.0500;L;4.99;99.80;;;02.05.2025;4.99;42241898;Kozmetika
DEO ROLL ON NIVEA IN.B.W.50 ml;175754;Nivea;0.0500;L;4.99;99.80;;;02.05.2025;4.99;42240563;Kozmetika
DEO SPR. NIVEA IN.B.W.P.150 ml;175756;Nivea;0.1500;L;4.99;33.27;;;02.05.2025;4.99;4005808728879;Kozmetika
DEO SPR.NIVEA INVISIBLE 150 ml;175757;Nivea;0.1500;L;4.99;33.27;;;02.05.2025;4.99;4005808729746;Kozmetika
DEO SPR.NIVEA INV.F.B.W.150 ml;175781;Nivea;0.1500;L;4.99;33.27;;;02.05.2025;4.99;4005808729951;Kozmetika
PILEÆA JETRA SA SRCEM 500 g;175792;Vindija;0.5000;kg;1.99;3.98;;1.89;02.05.2025;2.39;3850159110931;Hrana
PILEÆI ®ELUCI 500 g ;175794;Vindija;0.5000;kg;2.65;5.30;;;02.05.2025;2.65;3850159110948;Hrana
GEL ZA TU©.AXE EXCITE M.250 ml;175796;Axe;0.2500;L;2.99;11.96;;;02.05.2025;2.99;8710447276587;Kozmetika
HRENOVKE FRANKFURTER 200 g;175922;Gavrilovic;0.2000;kg;2.55;12.75;;;02.05.2025;2.55;3858881224933;Hrana
KEKS OREO 66 g;175956;Oreo;0.0660;kg;1.09;16.52;;;02.05.2025;0.75;7622210766175;Hrana
ZAÈ.MU©KATN.ORA©È.KOTANYI 13 g;175972;Kotanyi;0.0130;kg;2.39;183.85;;;02.05.2025;2.19;9001414015384;Hrana
ZAÈ.PAPAR CRNI KOTANYI 17 g;175973;Kotanyi;0.0170;kg;1.72;101.18;;;02.05.2025;1.72;9001414015452;Hrana
SENF SPAR DIJON 200 g;175974;SPAR;0.2000;kg;2.19;10.95;;;02.05.2025;2.19;9100000766010;Hrana
®IT.S-BUDGET ÈOK.LOPTICE 750 g;175978;S-Budget;0.7500;kg;2.99;3.99;;;02.05.2025;2.91;9100000976860;Hrana
KOLAÈ BROWNIES SPAR 366 g;176044;SPAR;0.3660;kg;2.49;6.80;;;02.05.2025;2.49;9100000751702;Hrana
KOLAÈ MUFFINS SPAR ÈOKOL.300 g;176046;SPAR;0.3000;kg;2.49;8.30;;;02.05.2025;2.49;9100000751689;Hrana
KVASAC SVJE®I 2X25 g;176051;;0.0500;kg;0.45;9.00;;;02.05.2025;0.46;3850114203142;Hrana
GEL SANITAR TORPEDO 1 L;176212;Sanitar;1.0000;L;3.49;3.49;;;02.05.2025;3.49;3850111501128;Sredstva za èi¹æenje
KREMA ZA RUKE I NOKTE 100 ml;176214;Afrodita;0.1000;L;3.25;32.50;;;02.05.2025;3.25;3831070655725;Kozmetika
Gavun ;176226;;1.0000;kg;10.49;10.49;;;02.05.2025;17.49;;Hrana
MUESLI S-BUDGET VOÆNI 1 kg;176229;S-Budget;1.0000;kg;3.49;3.49;;;02.05.2025;3.49;9100000692906;Hrana
LAK ZA KOSU ELEGANS 300 ml;176399;Elegans;0.3000;L;3.59;11.97;;;02.05.2025;3.59;8008423114399;Kozmetika
LAK ZA KOSU ELEGANS 500 ml;176400;Elegans;0.5000;L;3.89;7.78;;;02.05.2025;3.89;8008423114306;Kozmetika
SJAJIL.FINISH RINSE AID 800 ml;176515;Finish;0.8000;L;6.27;7.84;;;02.05.2025;6.27;5999109581914;Sredstva za èi¹æenje
SREDSTVO VIM CITRO 500 g;176594;Vim;0.5000;kg;1.84;3.68;;;02.05.2025;1.84;3850105136404;Sredstva za èi¹æenje
VINO KALAZ.CAB.SAUVIGN.0,75 L;176629;;0.7500;l;5.98;7.97;;;02.05.2025;5.98;3858886364283;Piæa
VINO KALAZIÆ PINOT CR.0,75 L;176630;;0.7500;l;5.98;7.97;;;02.05.2025;5.98;3858886364627;Piæa
VINO KALAZIÆ R.RIZLING 0,75 L;176631;;0.7500;L;6.82;9.09;;;02.05.2025;6.82;3858886364016;Piæa
VINO KALAZIÆ TRAMI.VRH.0,75 L;176641;;0.7500;l;7.62;10.16;;;02.05.2025;7.62;3858886364085;Piæa
MUESLI S-BUDGET GRO®/LJE©.1 kg;177053;S-Budget;1.0000;kg;3.79;3.79;;;02.05.2025;3.79;9100000692883;Hrana
VINO KORTA KATAR.PLAVAC 0,75 L;177059;;0.7500;l;34.48;45.97;;;02.05.2025;34.48;3859891637386;Piæa
PUDING ÈOK./©LAG SPAR 175 g;177074;Dukat;0.1750;kg;0.45;2.57;;;02.05.2025;0.45;3856021223372;Hrana
SIR TOPLJENI NATUR SPAR 140 g;177075;SPAR;0.1400;kg;1.39;9.93;;;02.05.2025;1.39;3858889110146;Hrana
VRHNJE ZA KUHANJE DUK.3X200 g;177124;Dukat;0.6000;kg;4.29;7.15;;;02.05.2025;4.29;3850354007975;Hrana
KEKS PIKNIK KOESTLIN 920 g;177150;Piknik;0.9200;kg;;3.79;3.49;3.99;02.05.2025;4.69;3858881091955;Hrana
ULO©CI DNEVNI CAREFREE 48/1;177163;Carefree;48.0000;kom;2.99;0.06;;;02.05.2025;2.99;3574661487618;Toaletne potrep¹tine
PRALINE LINDT LINDOR 200 g;177211;Lindt;0.2000;kg;6.98;34.90;;;02.05.2025;6.98;8003340091273;Hrana
VRHNJE KIS.DUK.12%M.M.3x200 g;177366;Dukat;0.6000;kg;2.69;4.48;;;02.05.2025;2.69;3850354006336;Hrana
PUDING PODRAV.NOUGAT 48 g    ;177381;Podravka;0.0480;kg;0.99;20.63;;;02.05.2025;0.99;3850104254727;Hrana
RUM ZACAPA 23YO 0,7 L;177394;Zacapa;0.7000;l;58.99;84.27;;;02.05.2025;58.99;7406341000052;Piæa
PIVO KARLOV.RADLER LIMUN 0,5 L;177403;Karlovacko;0.5000;l;1.25;2.50;;;02.05.2025;1.25;3850103002213;Piæa
PIVO KARL.RADLER 0,5 L LIM;177404;Karlovacko;0.5000;L;1.56;3.12;;;02.05.2025;1.56;3850103002190;Piæa
TAMP.O.B PRO COMFORT PLUS 16/1;177602;o.b.;16.0000;kom;4.39;0.27;;;02.05.2025;4.19;3574661476391;Toaletne potrep¹tine
RAHATLOK.S ORASIMA ADRIA 180 g;177702;Adria;0.1800;kg;1.28;7.11;;;02.05.2025;1.28;3858890261868;Hrana
RAHA.S AROMOM RU®E ADRIA 180 g;177705;Adria;0.1800;kg;1.28;7.11;;;02.05.2025;1.28;3858890261844;Hrana
RIBLJI ©TAPIÆI S-BUDGET 250 g;177771;S-Budget;0.2500;kg;1.19;4.76;;;02.05.2025;1.19;3858889110108;Hrana
UMAK MC ILHENNY GARLIC 60 ml;177842;Mc Ilhenny;0.0600;l;4.64;77.33;;;02.05.2025;4.64;0011210007253;Hrana
DES.INGO ÈOK/LJE©.SPAR 4X60 g;177880;SPAR;0.2400;kg;1.29;5.38;;;02.05.2025;1.29;3858889110122;Hrana
PRIP.ZA ©LAG BILJ.MEGG.200 ml;177934;Meggle;0.2000;L;0.99;4.95;;;02.05.2025;0.99;8585002510600;Hrana
Teleæa rebra / prsa / flam;178228;;1.0000;kg;9.59;9.59;;;02.05.2025;9.59;3859892958909;Hrana
PRELJEV ZA TORTE JAGODA 12g;178235;Dr. Oetker;0.0120;kg;0.99;82.50;;;02.05.2025;0.99;5997381348782;Hrana
VINO MARA©TINA PUTNIK.0,75 L;178239;;0.7500;l;5.59;7.45;;;02.05.2025;5.59;3859889291613;Piæa
VINO PLAVAC MALI PUTNIK.1 L;178245;;1.0000;l;;3.99;3.99;4.89;02.05.2025;4.99;3859889291071;Piæa
VINO PLAVAC MALI PUTNIK.0,75 L;178246;;0.7500;l;5.59;7.45;;;02.05.2025;5.59;3859889291088;Piæa
VINO PELJE©AC PUTNIK. 0,75 L;178251;;0.7500;l;5.69;7.59;;;02.05.2025;5.69;3859889291040;Piæa
VINO PELJE©AC PUTNIKOVIÆ 1 L;178252;;1.0000;l;4.89;4.89;;;02.05.2025;4.89;3859889291019;Piæa
LIKER BADEL PELINKOVAC 0,7 L;178263;;0.7000;l;12.52;17.89;;;02.05.2025;12.42;3850112110756;Piæa
SALVETE 38X38cm,25/1,LILA ;178269;;1.0000;kom;1.69;1.69;;;02.05.2025;1.69;3870128003651;Proizvodi za kuæanstvo
ÈAJ FRANCK ©UMSKO VOÆE 55 g;178284;Franck;0.0550;kg;2.29;41.64;;;02.05.2025;2.49;3858881083813;Piæa
ÈAJ FRANCK JAGODA-VAN. 55 g;178285;Franck;0.0550;kg;2.29;41.64;;;02.05.2025;2.49;3858881083837;Piæa
FLIPS TIP TOP VESELI PRIJ.45 g;178289;Chio;0.0450;kg;1.09;24.22;;;02.05.2025;1.09;3856021303722;Hrana
Sir mladi trapist Gligora;178311;Sirana Gligora;1.0000;kg;15.89;15.89;;;02.05.2025;15.89;3859891864072;Hrana
Sir Kozlar Gligora;178313;;1.0000;kg;31.99;31.99;;;02.05.2025;31.99;3859891864089;Hrana
©TRUKLI SA SV.SIROM SPAR 600 g;178330;SPAR;0.6000;kg;3.99;6.65;;;02.05.2025;3.99;3858889110085;Hrana
WHISKEY JACK DANIELS 0,5L;178369;Jack Daniels;0.5000;l;19.79;39.58;;;02.05.2025;19.52;5099873046067;Piæa
TJES.S-BUDGET TANKI REZAN.1 kg;178376;S-Budget;1.0000;kg;2.65;2.65;;;02.05.2025;2.65;9100000763668;Hrana
TJEST.S-BUDGET KRPICE 1 kg;178378;S-Budget;1.0000;kg;2.65;2.65;;;02.05.2025;2.65;9100000763682;Hrana
TJEST.S-BUDGET ROGIÆI 1 kg;178380;S-Budget;1.0000;kg;2.65;2.65;;;02.05.2025;2.65;9100000763705;Hrana
TJEST.S-BUDGET FUSILLI 1 kg;178381;S-Budget;1.0000;kg;2.65;2.65;;;02.05.2025;2.65;9100000763743;Hrana
TJEST.S-BUDGET SPAETZLE 500 g;178382;S-Budget;0.5000;kg;1.79;3.58;;;02.05.2025;1.79;9100000749662;Hrana
TJEST.S-BUDGET SPAGHETTI 1 kg;178383;S-Budget;1.0000;kg;2.65;2.65;;;02.05.2025;2.65;9100000763729;Hrana
SALATA KRISTAL kom;178386;;1.0000;kom;0.49;0.49;;0.49;02.05.2025;0.99;3858893252887;Hrana
SALATA PUTARICA kom;178387;;1.0000;kom;0.79;0.79;;;02.05.2025;1.09;3858885877579;Hrana
SALATA ICEBERG kom;178388;;1.0000;kom;;0.89;0.89;0.99;02.05.2025;1.59;8032140222013;Hrana
VINO MATU©KO PLAVAC 0,75 L;178413;;0.7500;L;8.02;10.69;;;02.05.2025;8.02;3859889396257;Piæa
POSEBNA S BUDGET 500 g;178586;S-Budget;0.5000;kg;2.59;5.18;;;02.05.2025;2.59;3858889111495;Hrana
KOLAÈ FRI-FRI 4X55 g;178607;;0.2200;kg;2.29;10.41;;;02.05.2025;2.29;3858881320833;Hrana
®VAKE CHUPA CHUPS 27,6 g;178664;Chupa Chups;0.0276;kg;0.69;25.00;;;02.05.2025;0.69;80757092;Hrana
BOMBONI MENTOS DUG.BOJE 37,5 g;178667;Mentos;0.0375;kg;0.89;23.73;;;02.05.2025;0.89;87311396;Hrana
TORTILLA ÈIPS RO©TILJ 200 g;178684;;0.2000;kg;2.39;11.95;;;02.05.2025;2.39;5412514934866;Hrana
ÈAJ AHMAD CEYLON 2X20 g;178693;Ahmad;0.0400;kg;3.45;86.25;;;02.05.2025;3.45;0054881005630;Piæa
ÈAJ AHMAD ZELENI 2X20 g;178696;Ahmad;0.0400;kg;3.45;86.25;;;02.05.2025;3.45;0054881008945;Piæa
SIR SVJ. POSNI PRESIDENT 200 g;178792;Dukat;0.2000;kg;1.49;7.45;;;02.05.2025;1.49;3850355002993;Hrana
SRE.SUPER JON NAMJE©TAJ 650 ml;178804;Super Jon;0.6500;L;3.29;5.06;;;02.05.2025;3.29;3850111503450;Sredstva za èi¹æenje
ÈET.ZA ZUB.SIGNAL CLASSIC 1/1;178841;Signal;1.0000;kom;2.99;2.99;;;02.05.2025;2.99;8413300264270;Kozmetika
SOMERSBY KRU©KA 0,33 L;178896;Somersby;0.3300;l;1.68;5.09;;;02.05.2025;1.58;7310070748423;Piæa
ÈETKICA ZA ZUBE S BUDGET 4/1;178921;S-Budget;4.0000;kom;0.89;0.22;;;02.05.2025;0.89;8033954559272;Kozmetika
SL.CONTE JAG.S-BUDGET 6x120 ml;178922;S-Budget;0.7200;L;2.99;4.15;;;02.05.2025;2.99;9100000760568;Hrana
NEKTAR S BUDGET KRU©.-JABU.2 L;178935;S-Budget;2.0000;l;1.75;0.88;;;02.05.2025;1.75;3858889111549;Piæa
Kruh bijeli S Budget 700 g;179126;S-Budget;0.7000;kg;0.89;1.27;;0.89;02.05.2025;0.89;3858889111617;Hrana
SPU®VA REKORD MULTICOLOR 2/1;179190;;2.0000;kom;1.69;0.85;;;02.05.2025;1.69;3858882683456;Proizvodi za kuæanstvo
INOX ®ICA ZA POSUÐE+PVC DR©KA;179195;;1.0000;kom;1.99;1.99;;;02.05.2025;1.99;3858882683425;Proizvodi za kuæanstvo
JOGURT TEK.3,2% Z.DOLINE 1 kg;179235;;1.0000;kg;;1.29;1.29;1.59;02.05.2025;1.59;3831051003781;Hrana
PIVO PITT.RAD.LIM.2,5%0,5 L;179253;Pittinger;0.5000;l;.85;1.70;;;02.05.2025;.82;9100000037851;Piæa
SLAD.LEDO FUN TIME 6x110 ml;179286;Ledo;0.6600;L;4.99;7.56;;;02.05.2025;4.99;3850116008622;Hrana
ÈAJ AGRISTAR KOPRIVA LIST 50 g;179310;Agristar;0.0500;kg;1.79;35.80;;;02.05.2025;1.79;3858886500438;Piæa
ÈAJ AGRISTAR ZELENI 30 g;179311;Agristar;0.0300;kg;1.55;51.67;;;02.05.2025;1.55;3858886500070;Piæa
LOSION AUTAN TROPICAL 100 ml;179319;Autan;0.1000;L;9.69;96.90;;;02.05.2025;9.69;5000204616392;Kozmetika
BRITVICE GIL.S.VENUS 2 4+2 kom;179321;Gillette;4.0000;kom;3.99;1.00;;3.99;02.05.2025;3.79;7702018069316;Kozmetika
TP.VIOLETA LAVANDA 3SL 16/1;179335;Violeta;16.0000;kom;6.59;0.41;;;02.05.2025;6.59;3859892288051;Toaletne potrep¹tine
PAP.RUÈ.TETA VIOLETA 2/1;179355;Violeta;2.0000;kom;3.15;1.58;;;02.05.2025;2.29;3859892288136;Proizvodi za kuæanstvo
©AMPON GLISS 250 ml;179377;Gliss Kur;0.2500;L;4.29;17.16;;;02.05.2025;4.29;9000100801416;Kozmetika
ZAMJENSKO MLIJEKO HIPP1 600 g;179386;Hipp;0.6000;kg;12.42;20.70;;;02.05.2025;12.42;4062300414327;Hrana
TJEST.SHAN SHI ZA WOK 250 g;179416;Shan shi;0.2500;kg;;8.36;2.09;3.99;02.05.2025;3.99;9002600282399;Hrana
PIVO O®UJSKO LIMUN 0,5 L P.A.;179429;O¾ujsko;0.5000;l;1.25;2.50;;;02.05.2025;1.25;3850131002094;Piæa
PIVO O®UJSKO LIMUN 0,5 L LIM.;179432;O¾ujsko;0.5000;l;1.55;3.10;;;02.05.2025;1.55;3850131002063;Piæa
TJEST.SHAN SHI OD RI®E 250 g;179445;Shan shi;0.2500;kg;;9.16;2.29;4.29;02.05.2025;4.29;9002600282214;Hrana
KOKOS MLIJEKO SHAN SHI 168g;179447;Shan shi;0.1650;l;;9.64;1.59;2.29;02.05.2025;2.29;9120012041691;Hrana
UMAK SHAN SHI TERYAKI 120 g;179448;Shan shi;0.1200;kg;;13.25;1.59;2.99;02.05.2025;2.99;9002600283099;Hrana
TJES.SHAN SHI VERMICELLI 100 g;179449;Shan shi;0.1000;kg;;12.90;1.29;2.39;02.05.2025;2.39;9120012040137;Hrana
SLAD.PREMIUM SPAR MACAD.500 ml;179579;SPAR PREMIUM;0.5000;L;4.99;9.98;;;02.05.2025;4.99;9100000765518;Hrana
POMMES FRITES SPAR 1 kg;179614;SPAR;1.0000;kg;2.79;2.79;;;02.05.2025;2.79;9100000033006;Hrana
POMMES FRITES S BUDGET 2,5 kg;179617;S-Budget;2.5000;kg;4.89;1.96;;;02.05.2025;4.89;9100000908434;Hrana
Mortadela san giorgio ;179804;Gavrilovic;1.0000;kg;13.79;13.79;;;02.05.2025;13.79;3858881227026;Hrana
Mortad.San Giorgio s masl.1/2;179807;Gavrilovic;1.0000;kg;14.19;14.19;;;02.05.2025;14.19;3858892720530;Hrana
ZU.PASTA SENSODYNE REPAI.75 ml;180003;Sensodyne;0.0750;L;7.49;99.87;;;02.05.2025;5.59;5054563103789;Kozmetika
TEKUÆI SAPUN PALMOLIVE 300 ml ;180069;Palmolive;0.3000;L;2.89;9.63;;;02.05.2025;2.89;8714789639987;Kozmetika
OSVJ.PIÆE YIPPY VI©NJA 0,33 L;180092;;0.3300;l;1.39;4.21;;;02.05.2025;1.39;9008700142007;Piæa
OSVJ.PIÆE YIPPY  MULTI 0,33 L;180094;;0.3300;l;1.39;4.21;;;02.05.2025;1.39;9008700141963;Piæa
SPRAY PITROID 300 ml;180194;;0.3000;L;3.85;12.83;;;02.05.2025;3.69;3856007903618;Proizvodi za kuæanstvo
SPRAY PITROID 300ml;180196;Pitroid;0.3000;L;3.69;12.30;;;02.05.2025;3.69;3856007903625;Proizvodi za kuæanstvo
KAVA DESPAR CLASSICO 250 g;180242;Despar;0.2500;kg;4.69;18.76;;;02.05.2025;3.99;8001300500261;Piæa
KAVA DESPAR ESPRESSO 250 g;180250;Despar;0.2500;kg;5.19;20.76;;;02.05.2025;3.99;8001300500315;Piæa
BIO SOK SPAR NARANÈA 1 L;180346;SPAR Natur*pur;1.0000;L;2.69;2.69;;;02.05.2025;2.69;9100000115979;Piæa
NAMAZ LJE©NJAK NATUR PUR 400 g;180348;Natur pur;0.4000;kg;5.49;13.73;;;02.05.2025;5.49;9100000824710;Hrana
Hamburger special S Budget;180387;S-Budget;1.0000;kg;6.99;6.99;;;02.05.2025;6.99;3859892633820;Hrana
NEKTAR BRAVO JABUKA 2 L;180450;Bravo;2.0000;l;3.19;1.60;;;02.05.2025;2.99;9008700124195;Piæa
AROMA MENTA AROMAR 15ml;180572;Aromar;0.0150;l;1.59;106.00;;;02.05.2025;1.59;3859888333093;Hrana
GEL ©AMPON FA KIDS 250 ml;180619;Fa;0.2500;L;3.49;13.96;;;02.05.2025;3.49;9000100662550;Kozmetika
UMAK BARILLA ARRABBIATA 400 g;180663;Barilla;0.4000;kg;3.29;8.23;;;02.05.2025;3.29;8076809513388;Hrana
PIVO PAN RADL. LIMUN 0,5 L P.A;180911;Pan;0.5000;L;1.35;2.70;;;02.05.2025;1.35;3858887580828;Piæa
VINO DIKA CHARDONAY 0,75L;180929;;0.7500;l;6.32;8.43;;;02.05.2025;6.32;3859892201210;Piæa
ABRAZIVNO SREDS.FROSCH 500 ml;180943;Frosch;0.5000;L;;3.58;1.79;2.29;02.05.2025;2.29;4009175186782;Sredstva za èi¹æenje
KAP.INS.KAKAO DG CHOCO. 270 g;181045;Nescafe;0.2700;kg;5.29;19.59;;5.29;02.05.2025;6.49;7613035690660;Piæa
BRUSCHETTE MARETTI 70g;181136;Maretti;0.0700;kg;;11.29;0.79;0.95;02.05.2025;0.95;3800205870517;Hrana
SALAMA ZIMSKA 330 g;181211;Pik;0.3300;kg;7.99;24.21;;;02.05.2025;7.99;3850139010626;Hrana
SIR MOZZARELLA MEGGLE 125 g;181336;Meggle;0.1250;kg;1.89;15.12;;;02.05.2025;1.89;3870085050019;Hrana
MLIJEKO ÈOKOL.MEGGLE 200 ml;181338;Meggle;0.2000;L;0.89;4.45;;;02.05.2025;0.89;3870085010235;Hrana
PIVO PITT.BEZALK.0,5%LIM.0,5 L;181356;Pittinger;0.5000;l;.75;1.50;;;02.05.2025;.72;9100000037790;Piæa
PIVO PITT.P©ENI.5,3% LIM.0,5 L;181357;Pittinger;0.5000;l;.99;1.98;;;02.05.2025;.98;9100000042169;Piæa
ULO©. NATUREL.THICK NIGHT 14/1;181419;Naturella;14.0000;kom;2.45;0.18;;;02.05.2025;2.45;4015400437932;Toaletne potrep¹tine
ULO©.NATURELLA THICK MAXI 16/1;181420;Naturella;16.0000;kom;2.45;0.15;;;02.05.2025;2.45;4015400318026;Toaletne potrep¹tine
ULO©.NATURELLA THICK NORM.18/1;181421;Naturella;20.0000;kom;2.45;0.12;;;02.05.2025;2.45;8001090850638;Toaletne potrep¹tine
ULO©.NATURELL.ULTRA NIGHT 14/1;181422;Naturella;14.0000;kom;2.45;0.18;;;02.05.2025;2.45;8001090585394;Toaletne potrep¹tine
D®EM BONNE MAMAN SMOKVA 370 g;181423;Bonne Maman;0.3700;kg;4.99;13.49;;;02.05.2025;6.59;3608580705192;Hrana
UMAK KIKKOMAN OD SOJE 250 ml;181426;Kikkoman;0.2500;l;6.59;26.36;;;02.05.2025;6.59;8715035150300;Hrana
UMAK KIKKOMAN OD SOJE 250 ml;181439;Kikkoman;0.2500;l;6.79;27.16;;;02.05.2025;6.79;8715035130302;Hrana
UMAK KIKKOMAN WOK 250 ml;181444;Kikkoman;0.2500;l;6.79;27.16;;;02.05.2025;6.79;8715035230309;Hrana
UMAK KUHNE BBQ 250 ml;181445;Kuehne;0.2500;l;2.59;10.36;;;02.05.2025;3.29;4012200383803;Hrana
MAHUNA 500 g kom;181449;;0.5000;kg;2.59;5.18;;;02.05.2025;2.59;3859893818172;Hrana
ÈAJNA KOBASICA 80 g;181489;Gavrilovic;0.0800;kg;2.35;29.38;;;02.05.2025;2.35;3858881227613;Hrana
KOBASICA SRIJEMSKA 80 g;181494;Gavrilovic;0.0800;kg;2.19;27.38;;;02.05.2025;2.19;3858881227620;Hrana
ZIMSKA GAVRILOVIÆ 80 g;181495;Gavrilovic;0.0800;kg;2.69;33.63;;;02.05.2025;2.69;3858881227637;Hrana
TJ.VALDIGRANO LINGUINE 500 g;181552;Valdigrano;0.5000;kg;2.25;4.50;;;02.05.2025;2.25;8025202314825;Hrana
TJ.VALDIGRA.PENNE RIGATE 500 g;181553;Valdigrano;0.5000;kg;2.25;4.50;;;02.05.2025;2.25;8025202312982;Hrana
TJ.VALDIGRAN.MEZZE MANIC.500 g;181554;Valdigrano;0.5000;kg;2.25;4.50;;;02.05.2025;2.25;8025202314900;Hrana
TJ.VALDIGRANO FUSILI 500 g;181555;Franciacorta;0.5000;kg;2.25;4.50;;;02.05.2025;2.25;8025202314887;Hrana
TJ.VALDIGRANO CELENTANI 500 g;181557;Valdigrano;0.5000;kg;2.25;4.50;;;02.05.2025;2.25;8025202314894;Hrana
PA©TETA ARGETA JUNIOR ORI.95 g;181699;Argeta;0.0950;kg;1.39;14.63;;;02.05.2025;1.39;3838975567016;Hrana
INST.KAKAO KRA© EXPRESS 800 g;181723;Kra¹;0.8000;kg;7.15;8.94;;;02.05.2025;7.15;3850102126927;Piæa
BOMB.GUM.SPAR TROPSKO VO.200 g;181724;SPAR;0.2000;kg;1.19;5.95;;;02.05.2025;1.19;9100000985114;Hrana
SIR TOPLJENI S TARTUFIMA 140 g;182057;Zdenka;0.1400;kg;3.45;24.64;;;02.05.2025;3.45;3858888590390;Hrana
SIR TOPLJENI CLASSIC 280 g;182061;Zdenka;0.2800;kg;3.79;13.54;;;02.05.2025;3.79;3858888590802;Hrana
ÈOKO.S-BUDGET ZA KUHANJE 400 g;182128;S-Budget;0.4000;kg;4.99;12.48;;;02.05.2025;4.99;9100000048017;Hrana
FLIPS SMOKI 225 g;182144;Smoki;0.2250;kg;;6.62;1.49;1.59;02.05.2025;1.99;8600939507094;Hrana
FLIPS SMOKI 40 g;182145;Smoki;0.0400;kg;0.59;14.75;;;02.05.2025;0.53;8600939507070;Hrana
FLIPS SMOKI 130 g;182146;Smoki;0.1300;kg;1.49;11.46;;;02.05.2025;1.34;8600939507087;Hrana
VILJAM.PIRCHER SA KRU©.0,70L;182164;Pircher;0.7000;l;34.52;49.31;;;02.05.2025;34.52;8009375000181;Piæa
RAKIJA WILLIAMS PIRCHER 0,7 L;182167;Pircher;0.7000;L;25.82;36.89;;;02.05.2025;25.82;80120643;Piæa
PESTO PREMIUM BOSILJAK 190 g;182217;Premium;0.1900;kg;2.99;15.74;;;02.05.2025;2.99;8001300223283;Hrana
INST.KAKAO KRA© EXPRESS 200 g;182287;Kra¹;0.2000;kg;2.65;13.25;;;02.05.2025;2.65;3850102126903;Piæa
MESNI NAREZAK PIVAC 100 g;182300;Pivac;0.1000;kg;0.89;8.90;;;02.05.2025;0.89;3858884991085;Hrana
REF.GLADE MICROSPRAY 2X10 ml;182302;Glade;1.0000;kom;9.39;9.39;;;02.05.2025;9.39;3858889570032;Sredstva za èi¹æenje
PILEÆA POSEBNA 1000 g S BUDGET;182353;S-Budget;1.0000;kg;2.92;2.92;;;02.05.2025;2.92;3858889112027;Hrana
KRUH SCHAR PANE CASER.BG.240 g;182521;Schar;0.2400;kg;;12.46;2.99;4.39;02.05.2025;4.39;8008698002599;Hrana
KEKSI SCHAR TAM.ÈOKOLADA 150 g;182523;Schar;0.1500;kg;3.99;26.60;;;02.05.2025;3.99;8008698005347;Hrana
VAFL SCHAR NOCCIOLI BG.63 g;182526;Schar;0.0630;kg;;36.67;2.31;2.89;02.05.2025;2.89;8008698004708;Hrana
KREKERI SCHAR BG.150 g;182535;Schar;0.1500;kg;;16.47;2.47;3.09;02.05.2025;3.09;8008698007303;Hrana
PERECI SCHAR SALINIS BG.60 g;182536;Schar;0.0600;kg;;24.67;1.48;1.86;02.05.2025;1.86;8008698002070;Hrana
TORTICA PAUSA SCHAR BG.35 g;182538;Schar;0.0350;kg;.94;26.86;;;02.05.2025;.94;8008698001318;Hrana
ÈOKOLA.KINDER BUENO WHITE 39 g;182566;Kinder;0.0390;kg;1.19;30.51;;;02.05.2025;1.19;80761761;Hrana
PIVO PAN RADLER 0,5 LIMUN;182595;Pan;0.5000;l;1.68;3.36;;;02.05.2025;1.58;3858887580842;Piæa
ÈOK.MILKA CHOCO KEKS 300 g;182601;Milka;0.3000;kg;5.99;19.97;;;02.05.2025;5.99;7622210275516;Hrana
LEDENI ÈAJ  BRESKVA 3X0,2 L;182679;;0.4000;L;1.72;4.30;;;02.05.2025;1.72;3850108077292;Piæa
NAM.S-BUDGET KAKAOCREME 750 g;182778;S-Budget;0.7500;kg;3.79;5.05;;;02.05.2025;3.79;9100000750705;Hrana
ÈIPS PLAVI SPAR PREMIUM 100 g;182780;SPAR PREMIUM;0.1000;kg;2.19;21.90;;;02.05.2025;2.19;9100000765594;Hrana
ÈOK.SPAR PREM.PISTACIJE 100 g;182784;SPAR PREMIUM;0.1000;kg;2.49;24.90;;;02.05.2025;2.49;9100000765617;Hrana
TJES.RAVIOLI AURELIA SIR 250 g;182816;Aurelia;0.2500;kg;2.89;11.56;;;02.05.2025;2.89;3859890561293;Hrana
TJEST.RAV.TARTUF AURELIA 250 g;182817;Aurelia;0.2500;kg;2.99;11.96;;;02.05.2025;2.99;3859890561309;Hrana
REZANCI SVJ.ZELEN.AURELIA 250g;182819;Aurelia;0.2500;KG;2.79;11.16;;;02.05.2025;2.79;3859890561163;Hrana
KRUH INTEGRALNI NAREZANI 400 g;182823;Mulino;0.4000;kg;2.29;5.73;;;02.05.2025;2.29;8076809582483;Hrana
KRUH BIJELI NAREZANI 400 g;182824;Mulino;0.4000;kg;2.29;5.73;;;02.05.2025;2.29;8076809504720;Hrana
SNACK NATUREL RI®A PROSO 100 g;182853;Naturel;0.1000;kg;1.59;15.90;;;02.05.2025;1.59;8606012163164;Hrana
BOMBON NATUREL JAGODA 39 g;182856;Naturel;0.0390;kg;0.69;17.69;;;02.05.2025;0.69;5999038501854;Hrana
BOMBON NATUREL NARANÈA 39 g;182857;Naturel;0.0390;kg;0.69;17.69;;;02.05.2025;0.69;5999038501847;Hrana
KA©ICA HIPP ©LJIVA JAB.125 g;182858;Hipp;0.1250;kg;1.15;9.20;;;02.05.2025;1.15;9062300140672;Hrana
KREMA VRA®JA KAND®A 250 ml;182862;Encian;0.2500;L;4.39;17.56;;;02.05.2025;4.39;3859891205868;Kozmetika
RIBLJI ©TAPIÆI SMART 250 g;182915;Vici;0.2500;kg;1.39;5.56;;;02.05.2025;1.39;4740056098595;Hrana
TOAL.PAP.S BUDGET 2SLOJA 10/1;182945;S-Budget;10.0000;kom;1.79;0.18;;;02.05.2025;1.79;3858889111693;Toaletne potrep¹tine
KEKSI S BUDGET PETIT 1 kg;182948;S-Budget;1.0000;kg;2.59;2.59;;;02.05.2025;2.59;3858889112096;Hrana
ÈAJ S BUDGET ©IPAK 30 g;182949;S-Budget;0.0300;kg;0.69;23.00;;;02.05.2025;0.69;3858889111983;Piæa
ÈAJ S BUDGET VOÆNI 30 g;182950;S-Budget;0.0300;kg;0.75;25.00;;;02.05.2025;0.75;3858889112003;Piæa
ÈAJ S BUDGET KAMILICA 20 g;182951;S-Budget;0.0200;kg;0.55;27.50;;;02.05.2025;0.55;3858889111990;Piæa
CAPUCCINO SPAR ÈOKOLADA 200 g;182952;SPAR;0.2000;kg;2.39;11.95;;;02.05.2025;2.39;3856021215513;Piæa
CAPPUCCINO SPAR CLASSIC 200 g;182953;SPAR;0.2000;kg;2.39;11.95;;;02.05.2025;2.39;3856021215490;Piæa
CAPPUCCINO SPAR VANILIJA 200 g;182954;SPAR;0.2000;kg;2.39;11.95;;;02.05.2025;2.39;3856021215476;Piæa
MLIJE.UHT 2,8% DUK.8x1 L HDPE;183049;Dukat;8.0000;L;7.99;1.00;;;02.05.2025;7.99;3850354006077;Hrana
SPU®VA ABRAZIVNA 3/1 SWIRL ;183053;;3.0000;kom;2.29;0.76;;;02.05.2025;2.29;4006508164721;Proizvodi za kuæanstvo
KVASAC DR.OETKER 100 g;183078;Dr. Oetker;0.1000;kg;1.39;13.90;;;02.05.2025;1.39;8690770323045;Hrana
KEKS DIGESTIVE McVITIE´S 400 g;183097;McVities;0.4000;kg;3.59;8.98;;;02.05.2025;3.59;5000396037937;Hrana
TOAST KRUH PANCARRE 430 g;183306;Mulino;0.4300;kg;2.15;5.00;;;02.05.2025;2.15;8076809582162;Hrana
LIZAL.CHUPA CHUPS BEST OF 12 g;183338;Chupa Chups;0.0120;kg;0.49;40.83;;;02.05.2025;0.49;49814521;Hrana
PAP.RUÈ.S BUDGET 2SL 4/1;183386;S-Budget;4.0000;kom;1.29;0.32;;;02.05.2025;1.29;3858889111709;Proizvodi za kuæanstvo
VINO GALIÆ GRA©EVINA 0,75 L;183400;;0.7500;L;16.89;22.52;;;02.05.2025;15.79;3859891991020;Piæa
KA©ICA FRUTEK MLIJ.KAKAO 190 g;183408;Fructal;0.1900;kg;1.75;9.21;;;02.05.2025;1.75;3838945020565;Hrana
KA©ICA FRUTEK MLIJ.VAN.190 g;183442;Fructal;0.1900;kg;1.75;9.21;;;02.05.2025;1.75;3838945020541;Hrana
DEO SPR. DOVE INVISIBLE 150 ml;183443;Dove;0.1500;L;5.20;34.67;;;02.05.2025;5.20;8720181284373;Kozmetika
POSEBNA S BUDGET 1000 g;183484;S-Budget;1.0000;kg;4.99;4.99;;;02.05.2025;5.39;3858889112010;Hrana
RI®A ZLATO POLJE PARABOI.800 g;183610;Zlato Polje;0.8000;kg;3.49;4.36;;;02.05.2025;3.49;3838700540383;Hrana
PIVO DESPERADOS 0,33 L;183614;Desperados;0.3300;l;1.68;5.09;;;02.05.2025;1.68;9028800150580;Piæa
OCAT DESPAR VINSK.BIJELI 0,5 L;183658;Despar;0.5000;l;2.19;4.38;;;02.05.2025;2.19;8001300241010;Hrana
OCAT DESPAR VINS.CRVENI 0,5 L;183660;Despar;0.5000;l;2.19;4.38;;;02.05.2025;2.19;8001300241027;Hrana
ULJE YOUWOK WOK 250 ml;183682;Salvia;0.2500;l;;15.56;3.89;5.3;02.05.2025;5.3;8717228380105;Hrana
ZASL.S-BUDGET 1200 KOM;183738;S-Budget;0.0720;kg;2.19;30.42;;;02.05.2025;2.19;9100000093048;Hrana
PIVO CORONA EXTRA 0,355 L;183967;Corona;0.3550;l;2.22;6.25;;;02.05.2025;2.22;75032814;Piæa
DET.PUR TOTAL LEMON 450 ml;183976;Pur;0.4500;L;;3.31;1.49;1.55;02.05.2025;1.55;90005596;Sredstva za èi¹æenje
DET.PUR BALZA.HAND&NAIL 450 ml;183977;Pur;0.4500;L;;3.31;1.49;1.55;02.05.2025;1.55;90407031;Sredstva za èi¹æenje
DET.PUR BALZA.ALOE VERA 450 ml;183978;Pur;0.4500;L;;3.31;1.49;1.55;02.05.2025;1.55;90407024;Sredstva za èi¹æenje
VREÆE ZA OTPAD 10/1 120L;184006;;10.0000;kom;1.72;0.17;;;02.05.2025;1.72;3870075004022;Proizvodi za kuæanstvo
CROISS.7 DAY S MIDI DOUBLE 60g;184021;7 Day's;0.0600;kg;;9.83;0.59;0.85;02.05.2025;0.85;7622201389383;Hrana
Sir Mediterano kolut;184025;Paska Sirana;1.0000;kg;23.99;23.99;;;02.05.2025;23.99;3859889426510;Hrana
KEKS DOMAÆICA ORIGI.KRA© 300 g;184088;Kra¹;0.3000;kg;3.19;10.63;;;02.05.2025;2.49;3850102314126;Hrana
NAPOLITA.CHOCOLATE CREAM 840 g;184089;Kra¹;0.8400;kg;4.99;5.94;;;02.05.2025;4.99;3850102326150;Hrana
NAPOLITANKE NOUGAT KRA© 840 g;184090;Kra¹;0.8400;kg;4.99;5.94;;;02.05.2025;4.99;3850102326198;Hrana
NAPOLITANKE NOUGAT 420 g;184091;Kra¹;0.4200;kg;;5.21;2.19;2.29;02.05.2025;3.19;3850102326174;Hrana
NAPOLIT.CHOCOLATE CREAM 420 g;184099;Kra¹;0.4200;kg;;5.21;2.19;2.29;02.05.2025;3.19;3850102326143;Hrana
BOMBONI ORBIT FRESH MINT 30 g;184118;Wrigley;0.0300;kg;0.99;33.00;;;02.05.2025;0.99;42211501;Hrana
BOMB.ORBIT STRONG MINT 30 g;184119;Wrigley;0.0300;kg;0.99;33.00;;;02.05.2025;0.99;42211631;Hrana
SALATA ENDIVIJA kom;184145;;1.0000;kom;;1.19;1.19;1.39;02.05.2025;1.39;873;Hrana
PANIRANI KOLUTIÆI LEDO 400 g;184182;Ledo;0.4000;kg;3.99;9.98;;;02.05.2025;3.99;3850116779485;Hrana
CROISSANT BAULI CREMA 300g;184450;Bauli;0.3000;kg;3.79;12.63;;;02.05.2025;3.79;8001720445876;Hrana
ZAÈ.PAPRIKA SLATKA KOTAN.45 g;184526;Kotanyi;0.0450;kg;1.09;24.22;;;02.05.2025;.92;9001414119242;Hrana
ZAÈ.PAPRIKA LJUTA KOTANYI 35 g;184527;Kotanyi;0.0350;kg;1.09;31.14;;;02.05.2025;.92;9001414119211;Hrana
MUSLI GRAN.NATUREL CHOCOL.350g;184528;Naturel;0.3500;kg;3.59;10.26;;;02.05.2025;3.59;3858887245055;Hrana
MUSLI GRAN.NATUREL FRUIT 350 g;184530;Naturel;0.3500;kg;3.59;10.26;;;02.05.2025;3.59;3858887245062;Hrana
RI®A PREMIUM MEDITERAN 250 g;184626;Premium;0.2500;kg;1.99;7.96;;;02.05.2025;1.98;9100000765013;Hrana
RI®A PREMIUM BASMATI 250 g;184627;Premium;0.2500;kg;1.99;7.96;;;02.05.2025;1.98;9100000765037;Hrana
RI®A PREMIUM BASMATI 500 g;184649;Despar;0.5000;kg;;3.98;1.99;2.99;02.05.2025;2.99;8001300400431;Hrana
RI®A PREMIUM CARNAROLI 1 kg;184652;Despar;1.0000;kg;4.99;4.99;;;02.05.2025;4.99;8001300400455;Hrana
OCAT BALSAMICO DESPAR 250 ml;184653;Premium;0.2500;l;7.96;31.84;;;02.05.2025;7.96;8001300240839;Hrana
ÈOK.SV.NIKOLA RIEGELEIN 60 g;184935;Riegelein;0.0600;kg;1.29;21.50;;;02.05.2025;1.29;4013900975749;Hrana
PIJESAK FIFFY ZA PTICE  2,5 kg;184988;Fiffy;2.5000;kg;2.09;0.84;;;02.05.2025;2.09;9100000098777;Proizvodi za kuæanstvo
ÈAJ AGRISTAR CRNI 30 g;185024;Agristar;0.0300;kg;1.85;61.67;;;02.05.2025;1.85;3858886500308;Piæa
ÈAJ AGRISTAR NARODNI XXL 60 g;185026;Agristar;0.0600;kg;2.69;44.83;;;02.05.2025;2.69;3858886504047;Piæa
SAVIJ.VAN.©UM.VOÆ. LEDO 500 g;185127;Ledo;0.5000;kg;4.19;8.38;;;02.05.2025;4.19;3850116888972;Hrana
ÈOKOLADA SCHOGETTEN MLIJ.100 g;185184;Schogetten;0.1000;kg;1.29;12.90;;;02.05.2025;1.29;4000607850004;Hrana
VINO ÈOBANKOVIÆ GRA©EVI.0,75 L;185186;;0.7500;l;4.78;6.37;;;02.05.2025;4.78;3859891286027;Piæa
VINO ÈOBANK.ZEL.SILVAN.0,75 L;185194;;0.7500;l;4.78;6.37;;;02.05.2025;4.78;3859891286522;Piæa
VINO ÈOBANKOV.CHARDON.0,75 L;185198;;0.7500;l;4.99;6.65;;;02.05.2025;4.99;3859891286126;Piæa
ÈOKOLADA SCHOGETTEN LJE©.100 g;185206;Schogetten;0.1000;kg;1.29;12.90;;;02.05.2025;1.29;4000607851001;Hrana
VANI.©EÆ.BOURBON KOTANYI 20 g;185217;Kotanyi;0.0200;kg;1.09;54.50;;;02.05.2025;.92;9001414410127;Hrana
D®EM PREMIUM EKST.VI©NJA 220 g;185415;Premium;0.2200;kg;2.65;12.05;;;02.05.2025;2.65;3858889112188;Hrana
D®EM PREMIUM EKST.SMOKVA 220 g;185459;Premium;0.2200;kg;2.65;12.05;;;02.05.2025;2.65;3858889112171;Hrana
D®E.PREMIUM EKS.MARELICA 220 g;185467;Premium;0.2200;kg;2.65;12.05;;;02.05.2025;2.65;3858889112201;Hrana
TJEST.PREMIUM MAKARUNI 500 g;185628;Premium;0.5000;kg;2.99;5.98;;;02.05.2025;2.99;3858889112294;Hrana
TJEST.PREMIUM SPIRALE 400 g;185631;Premium;0.4000;kg;2.79;6.98;;;02.05.2025;2.79;3858889112324;Hrana
TJEST.PREMIUM REZANCI 400 g;185632;Premium;0.4000;kg;2.99;7.48;;;02.05.2025;2.99;3858889112317;Hrana
TJESTENINA PREMIUM FU®I 500 g;185633;Premium;0.5000;kg;3.19;6.38;;;02.05.2025;3.19;3858889112300;Hrana
TJESTENI.PREMIUM ©URLICE 500 g;185635;Premium;0.5000;kg;2.99;5.98;;;02.05.2025;2.99;3858889112331;Hrana
PUDER ZA KOSU TAFT VOLUM.10 g;185666;Taft;1.0000;kom;4.19;4.19;;;02.05.2025;4.19;9000100672825;Kozmetika
AFTER SHAVE DENIM 100 ml;185682;Denim;0.1000;L;6.15;61.50;;;02.05.2025;6.15;8008970004051;Kozmetika
AFTER SHAVE DENIM 100ml;185684;;100.0000;ml;5.99;0.06;;;02.05.2025;5.99;8008970004068;Kozmetika
KREMA S ULJEM SMILJA 50 ml;185892;Olival;0.0500;L;10.08;201.60;;;02.05.2025;10.08;3859888345935;Kozmetika
VL.TOAL.PAP.VIOLETA DJEÈ.60/1;185946;Violeta;60.0000;kom;2.25;0.04;;;02.05.2025;2.25;3870128007833;Toaletne potrep¹tine
ÈAJ FRANCK ©UM.VOÆE MAXI 110 g;185965;Franck;0.1100;kg;3.89;35.36;;;02.05.2025;3.89;3858881085695;Piæa
ÈAJ FRANCK ZELENI MAXI 70 g;185967;Franck;0.0700;kg;3.29;47.00;;;02.05.2025;3.29;3858881086661;Piæa
SIR TRAPIST PREMIUM 300 g;185974;Premium;0.3000;kg;4.19;13.97;;;02.05.2025;4.19;3858889112577;Hrana
JOG.VOÆ.JOGOBELLA ZOTT 400 g;185976;Zott;0.4000;kg;1.69;4.23;;;02.05.2025;1.72;4014500506159;Hrana
SRED.FROSCH LAVANDA 1 L;186003;Frosch;1.0000;L;;2.39;2.39;2.99;02.05.2025;2.99;4009175907844;Sredstva za èi¹æenje
KOKOS BRA©NO SPAR 200 g;186006;SPAR;0.2000;kg;1.59;7.95;;;02.05.2025;1.59;9100000049205;Hrana
MAK SPAR 200 g;186010;SPAR;0.2000;kg;1.59;7.95;;;02.05.2025;1.59;9100000049403;Hrana
LJE©NJACI CIJELI SPAR 200 g;186012;SPAR;0.2000;kg;3.49;17.45;;;02.05.2025;3.49;9100000049052;Hrana
BADEM JEZGRA SPAR 200 g;186013;SPAR;0.2000;kg;2.59;12.95;;;02.05.2025;2.59;9100000049304;Hrana
ORAH SPAR RIBANI 200 g;186018;SPAR;0.2000;kg;2.39;11.95;;;02.05.2025;2.39;9100000048970;Hrana
SRED.ZA PEÆ.PERMETAL 650 ml;186019;Permetal;0.6500;L;3.29;5.06;;;02.05.2025;3.29;3850111753619;Sredstva za èi¹æenje
LJE©NJAK SPAR RIBANI 200 g;186026;SPAR;0.2000;kg;2.99;14.95;;;02.05.2025;2.99;9100000049700;Hrana
ULJE MAS.EX..DJ.PREMIUM 500 ml;186027;Premium;0.5000;L;7.99;15.98;;;02.05.2025;7.99;3858889112539;Hrana
INÆUN SLANI PREMI.FILET 212 g;186032;SPAR PREMIUM;0.1150;kg;7.49;65.13;;;02.05.2025;7.49;3858889112560;Hrana
BLAZINICE PAM. LOLA BABY 60/1;186033;Lola;60.0000;kom;3.29;0.05;;;02.05.2025;3.29;3858881100411;Toaletne potrep¹tine
BADEM SPAR RIBANI 200 g;186036;SPAR;0.2000;kg;1.99;9.95;;;02.05.2025;1.99;9100000049755;Hrana
ORAH SPAR JEZGRA 200 g;186038;SPAR;0.2000;kg;2.99;14.95;;;02.05.2025;2.99;9100000049601;Hrana
BJELILO ZA KAVU ANAMARIA 150 g;186081;Anamarija;0.1500;kg;2.09;13.93;;;02.05.2025;2.09;3858881772977;Piæa
KRPA SPU®VASTA 8+2;186088;;10.0000;kom;11.69;1.17;;;02.05.2025;11.69;3838447000195;Proizvodi za kuæanstvo
D®EM DIDA BO®A VI©NJA 240 g;186281;Dida Boza;0.2400;kg;3.69;15.38;;;02.05.2025;3.69;3859891515301;Hrana
D®EM DIDA BO®A SMOKVA 240 g;186286;Dida Boza;0.2400;kg;3.69;15.38;;;02.05.2025;3.69;3859891515011;Hrana
D®EM DIDA BO®A SMOKVA 240 g;186295;Dida Boza;0.2400;kg;3.69;15.38;;;02.05.2025;3.69;3859891515226;Hrana
D®EM DIDA BO®A MARELICA 240 g;186297;Dida Boza;0.2400;kg;3.69;15.38;;;02.05.2025;3.69;3859891515523;Hrana
D®EM DIDA BO®A KUPINA 240 g;186299;Dida Boza;0.2400;kg;3.69;15.38;;;02.05.2025;3.69;3859891515240;Hrana
D®EM DIDA BO®A JAGODA 240 g;186303;Dida Boza;0.2400;kg;3.69;15.38;;;02.05.2025;3.69;3859891515325;Hrana
PEKMEZ DIDA BO®A ©LJIVA 240 g;186307;Dida Boza;0.2400;kg;3.69;15.38;;;02.05.2025;3.69;3859891515110;Hrana
©AMPINJONI PODRAVKA REZ.200 g;186340;Podravka;0.1150;kg;1.59;13.83;;;02.05.2025;1.59;3850104257841;Hrana
LIZALICE NIMM2 120 g;186347;Nimm 2;0.1200;kg;2.35;19.58;;;02.05.2025;2.35;4014400930054;Hrana
TOFFIFEE 200 g;186349;Toffifee;0.2000;kg;4.49;22.45;;;02.05.2025;4.49;4014400900651;Hrana
PA©TETA ARGETA EXC.GOVEÐA 95 g;186598;Argeta;0.0950;kg;2.59;27.26;;;02.05.2025;2.59;3838471021203;Hrana
KAVA FRANCK JUBILARNA 175 g;186660;Franck;0.1750;kg;;19.94;3.49;4.39;02.05.2025;4.39;3858881085589;Piæa
VINO PZ DINGAÈ 0,75 L;186707;;0.7500;l;18.69;24.92;;;02.05.2025;18.69;3859888108011;Piæa
VINO PZ DINGAÈ PLAVAC 0,75 L;186709;;0.7500;L;6.19;8.25;;;02.05.2025;6.19;3859888108042;Piæa
VINO PZ DINGAÈ PELJE©AC 0,75 L;186710;;0.7500;l;6.19;8.25;;;02.05.2025;6.19;3859888108035;Piæa
VINO PZ DINGAÈ PLAVAC 1 L;186711;;1.0000;l;6.19;6.19;;;02.05.2025;6.19;3859888108066;Piæa
VINO PZ DINGAÈ PELJE©AC 1 L;186712;;1.0000;l;6.19;6.19;;;02.05.2025;6.19;3859888108059;Piæa
VINO PZ DINGAÈ POSTUP 0,75 L;186713;;0.7500;l;14.29;19.05;;;02.05.2025;14.29;3859888108028;Piæa
VINO SKAR.PLAVAC PREM.0,75 L;186715;;0.7500;l;7.79;10.39;;;02.05.2025;7.79;3859888214101;Piæa
VINO PRODAN ROSE CS 0,75L;186720;;0.7500;l;6.58;8.77;;;02.05.2025;6.58;3859890283409;Piæa
ÈAJNA VP 300 g;186749;Podravka;0.3000;kg;5.89;19.63;;;02.05.2025;5.89;3858886466260;Hrana
KULEN VP 300 g;186750;Podravka;0.3000;kg;5.89;19.63;;;02.05.2025;5.89;3858886466383;Hrana
Sir Gouda dim.Zdenka 45% m.m;186765;Zdenka;1.0000;kg;13.99;13.99;;;02.05.2025;13.99;3858888593377;Hrana
Slanina suha bijela;186778;Medven;1.0000;kg;7.99;7.99;;;02.05.2025;7.99;3859893326639;Hrana
MLIJEKO UHT 2,8% M.M SPAR 1 L;186817;SPAR;1.0000;L;0.85;0.85;;;02.05.2025;0.85;3858889112119;Hrana
JUICE CAPPY NARAN. 100% 0,33 L;186862;Cappy;0.3300;l;1.75;5.30;;;02.05.2025;1.75;90492341;Piæa
JUICE CAPPY JABUKA 100% 0,33 L;186863;Cappy;0.3300;l;1.29;3.91;;;02.05.2025;1.29;50112234;Piæa
ZUBNA PASTA COLGATE 100 ml;186890;Colgate;0.1000;L;2.69;26.90;;;02.05.2025;2.39;7891024132074;Kozmetika
STUDENTSKI MIKS NP 200 g;186899;Natur pur;0.2000;kg;3.05;15.25;;;02.05.2025;3.05;9100000047607;Hrana
ÈIPS OD BANANE NATUR PUR 125 g;186900;Natur pur;0.1250;kg;1.19;9.52;;;02.05.2025;1.19;9100000047652;Hrana
HRANA ZA PAPIGE FIFFY 500 g;186950;Fiffy;0.5000;kg;1.59;3.18;;;02.05.2025;1.59;9100000098722;Proizvodi za kuæanstvo
HRANA ZA HRÈKE FIFFY 500 g;186951;Fiffy;0.5000;kg;1.49;2.98;;;02.05.2025;1.49;9100000098326;Proizvodi za kuæanstvo
HRANA ZA ZAMORCE FIFFY 1 kg;186952;Fiffy;1.0000;kg;2.69;2.69;;;02.05.2025;2.69;9100000098807;Proizvodi za kuæanstvo
HR.ZA PATULJ.KUNIÆE FIFFY 1 kg;186953;Fiffy;1.0000;kg;2.69;2.69;;;02.05.2025;2.69;9100000098869;Proizvodi za kuæanstvo
POVRTNI NAMAZ NATUREL 75 g;186977;Naturel;0.0750;kg;1.79;23.87;;;02.05.2025;1.79;3858887246243;Hrana
POVR.NAMAZ NATUREL ©AMP.75 g;186980;Naturel;0.0750;kg;1.79;23.87;;;02.05.2025;1.79;3858887246236;Hrana
POVR.NAMAZ NATUREL PAPR.75 g;186981;Naturel;0.0750;kg;1.79;23.87;;;02.05.2025;1.79;3858887246212;Hrana
D®EM MACKAY´S BOROV.RIBIZ340 g;187025;Mackays;0.3400;kg;5.49;16.15;;;02.05.2025;5.49;0637793002517;Hrana
LIZALICA CANDY CANES 14 g;187064;Candy;0.0140;kg;0.49;35.00;;;02.05.2025;0.49;54083127;Hrana
TP VIOLETA PAMUK 3SL 16/1;187072;Violeta;16.0000;kom;6.59;0.41;;;02.05.2025;6.59;3859892288075;Toaletne potrep¹tine
KAVA FRANCK JUBILARNA 400 g;187286;Franck;0.4000;kg;8.29;20.73;;;02.05.2025;8.29;3858881085596;Piæa
PA©TETA PODR.KOKO©.PIKANT 50 g;187289;Podravka;0.0500;kg;0.79;15.80;;;02.05.2025;0.80;38502361;Hrana
KOBASICA DEBRECINSKA 200 g;187325;Gavrilovic;0.2000;kg;2.39;11.95;;;02.05.2025;2.39;3858881221277;Hrana
SIJENO ZA ®IVOT. FIFFY 700 g;187339;Fiffy;0.7000;kg;2.49;3.56;;;02.05.2025;2.49;9100000099033;Proizvodi za kuæanstvo
PILJEVINA ZA ®IVOT.FIFFY 900 g;187340;Fiffy;0.9000;kg;2.19;2.43;;;02.05.2025;2.19;9100000099064;Proizvodi za kuæanstvo
KREMA ERDAL NEUTRALNA 55 ml;187365;Erdal;0.0550;L;1.95;35.45;;;02.05.2025;1.95;4009175111456;Proizvodi za kuæanstvo
KREMA ERDAL SMEÐA 55 ml;187366;Erdal;0.0550;L;1.95;35.45;;;02.05.2025;1.95;4009175111463;Proizvodi za kuæanstvo
SIR DRAGEC DIMLJENI 450 g;187522;Euro Milk;0.4500;kg;6.99;15.53;;;02.05.2025;6.99;3859889770507;Hrana
OSVJ.ZA WC BREF AKTIV 2X50 g;187528;Bref;0.1000;kg;3.95;39.50;;;02.05.2025;3.95;9000100656832;Sredstva za èi¹æenje
OSVJ.ZA WC BREF AKTIV 2X50 g;187530;Bref;0.1000;kg;3.95;39.50;;;02.05.2025;3.95;9000100656801;Sredstva za èi¹æenje
BOMBONI GUMENI KIKI MEDO 90 g;187532;Kiki;0.0900;kg;;10.56;0.95;1.03;02.05.2025;1.29;3850102216369;Hrana
BOMBONI 505 S CRTOM 100 g;187533;Kra¹;0.1000;kg;1.09;10.90;;;02.05.2025;1.09;3850102216147;Hrana
ÈOKOLADA BANANA BANANKO 30 g;187534;Kra¹;0.0300;kg;0.55;18.33;;;02.05.2025;0.55;3850102127252;Hrana
VINO KRAUTH.ROSE CUVEE 0,75 L;187715;;0.7500;l;11.49;15.32;;;02.05.2025;11.49;3859892481100;Piæa
JAJA SVJ.PERFA SRET RAZ.M 10/1;187741;Perfa;10.0000;kom;2.99;0.30;;;02.05.2025;2.99;3859889055284;Hrana
PAPALINA LEDO 500 g;188031;Ledo;0.5000;kg;2.49;4.98;;;02.05.2025;2.49;3850116887678;Hrana
FILET OSLIÆA PANIR. LEDO 400 g;188033;Ledo;0.4000;kg;5.99;14.98;;;02.05.2025;5.99;3850116881973;Hrana
LIGNJA PAT.KO. I KR.LEDO 400 g;188037;Ledo;0.4000;kg;;19.48;7.79;9.79;02.05.2025;9.79;3850116892313;Hrana
ÈAJNI KOLUTIÆI S BUDGET 1 kg;188226;S-Budget;1.0000;kg;2.59;2.59;;;02.05.2025;2.59;8056149082683;Hrana
KRUH HRSKAVI PREMIUM 200 g;188306;SPAR PREMIUM;0.2000;kg;2.39;11.95;;;02.05.2025;2.37;9100000764610;Hrana
VINO ERDUT.MERLOT VRH.0,75 L;188309;;0.7500;L;10.52;14.03;;;02.05.2025;10.52;3859889193900;Piæa
VINO MADIRAZZA PO©IP 0,75 L;188310;;0.7500;l;15.79;21.05;;;02.05.2025;15.79;3859889833462;Piæa
TUNA DIMLJENA 100 g;188346;Bek Pu¹nica;0.1000;kg;4.99;49.90;;;02.05.2025;4.99;3859892100148;Hrana
REG.ELSEVE ARGININE 200 ml;188348;Elseve;0.2000;L;;16.45;3.29;4.39;02.05.2025;4.39;3600522087533;Kozmetika
©AMP.ELSEVE ARGININE 250 ml;188349;Elseve;0.2500;L;;13.16;3.29;4.39;02.05.2025;4.39;3600522087496;Kozmetika
OSVJ.ZRAKA SPLENDID 3X15 ml;188479;Splendid;1.0000;kom;3.89;3.89;;;02.05.2025;3.89;3830053561619;Sredstva za èi¹æenje
OSVJ.ZRAKA SPLENDID 3X15 ml;188480;Splendid;1.0000;kom;3.89;3.89;;;02.05.2025;3.89;3830053561626;Sredstva za èi¹æenje
OSV.ZRAKA SPLENDID REF.3X15 ml;188481;Splendid;1.0000;kom;3.15;3.15;;;02.05.2025;3.15;3830053561640;Sredstva za èi¹æenje
OSV.ZRAKA SPLENDID REF.3X15 ml;188482;Splendid;1.0000;kom;3.65;3.65;;;02.05.2025;3.65;3830053561633;Sredstva za èi¹æenje
OSV.TEK.ZA WC SPLENDID 3X55 ml;188483;Splendid;0.1650;L;2.19;13.27;;;02.05.2025;2.19;3830053561596;Sredstva za èi¹æenje
OSV.TEK.ZA WC SPLENDID 3X55 ml;188485;Splendid;0.1650;L;2.19;13.27;;;02.05.2025;2.19;3830053561589;Sredstva za èi¹æenje
OSV.TEK.ZA WC SPLENDID 3X55 ml;188486;Splendid;0.1650;L;2.19;13.27;;;02.05.2025;2.19;3830053561602;Sredstva za èi¹æenje
DET.PUR TOTAL APPLE 450 ml;188499;Pur;0.4500;L;;3.31;1.49;1.55;02.05.2025;1.55;90005602;Sredstva za èi¹æenje
PIZZA SALAMA SPAR 320 g;188527;SPAR;0.3200;kg;2.69;8.41;;;02.05.2025;2.69;9100000733845;Hrana
PIZZA SPAR ©UNKA 330 g;188528;SPAR;0.3300;kg;2.69;8.15;;;02.05.2025;2.69;9100000733883;Hrana
NAREZAK GAVRILOVIÆ ©UNKA 150 g;188539;Gavrilovic;0.1500;kg;2.59;17.27;;;02.05.2025;2.59;3858881227927;Hrana
HRANA ZA MAÈKE KITEKAT 1,8 kg;188554;Kitekat;1.8000;kg;9.59;5.33;;;02.05.2025;9.59;5900951137877;Proizvodi za kuæanstvo
HRANA ZA MAÈKE KITEKAT 1,8 kg;188558;Kitekat;1.8000;kg;9.59;5.33;;;02.05.2025;9.59;5900951137884;Proizvodi za kuæanstvo
PATRONE GILLETTE FUS.PROG.4/1;188568;Gillette;4.0000;kom;25.61;6.40;;;02.05.2025;25.61;7702018085514;Kozmetika
WHISKEY GOLDEN ARMS 0,7 L;188599;;0.7000;L;8.69;12.41;;;02.05.2025;8.69;3228825121077;Piæa
CVJETAÈA kom;188648;;1.0000;kom;1.99;1.99;;;02.05.2025;1.99;8430697302095;Hrana
©AMP.SYOSS DRY VOL.LIFT 200ml;188657;Syoss;0.2000;L;6.49;32.45;;;02.05.2025;6.49;9000100695848;Kozmetika
©AMP.SYOSS DRY ANTI GRE.200 ml;188658;Syoss;0.2000;L;4.59;22.95;;4.49;02.05.2025;4.49;9000100695800;Kozmetika
MESNI DORUÈAK GAVRIL.2X150 g;188659;Gavrilovic;0.3000;kg;;9.97;2.99;3.99;02.05.2025;3.99;3859892502744;Hrana
VODA ZA USTA LISTERINE 1 L;188767;Listerine;1.0000;L;7.99;7.99;;;02.05.2025;7.99;3574661731049;Kozmetika
WHISKY JACK DANIELS+ÈA©E 0,7 L;188785;;0.7000;l;28.52;40.74;;;02.05.2025;28.52;5099873045848;Piæa
MLIJEKO UHT 2,8% DUKAT 0,5 L;188791;Dukat;0.5000;L;0.99;1.98;;;02.05.2025;0.99;3850354006817;Hrana
SRED.SANITAR ORIGINAL 750 ml;188866;Sanitar;0.7500;L;2.25;3.00;;;02.05.2025;2.25;3850111501517;Sredstva za èi¹æenje
SR.FROSCH WC GEL LAVAND.750 ml;188869;Frosch;0.7500;L;;2.79;2.09;2.65;02.05.2025;2.65;4009175115966;Sredstva za èi¹æenje
SRED.FROSCH UNIVERZALNO 500 ml;188871;Frosch;0.5000;L;3.19;6.38;;;02.05.2025;3.19;4009175953674;Sredstva za èi¹æenje
ZAÈIN MJ.VEGETA PODRAVKA 200 g;188963;Podravka;0.2000;kg;2.39;11.95;;;02.05.2025;2.39;3850104255274;Hrana
Sir D¾iugas 6 mjes.cca 4,5 kg ;189065;D¾iugas;1.0000;kg;13.99;13.99;;;02.05.2025;13.99;38550005234939;Hrana
KA©ICA BEBIVITA ©LJIVA 190 g;189078;Bebivita;0.1900;kg;1.28;6.74;;;02.05.2025;1.28;9007253102469;Hrana
KA©ICA BEBIVITA BRESKVA 190 g;189080;Bebivita;0.1900;kg;1.28;6.74;;;02.05.2025;1.28;9007253102476;Hrana
BOJA ZA KOSU COLOR SEN.111 1/1;189081;Garnier;1.0000;kom;4.99;4.99;;;02.05.2025;4.99;3600541136137;Kozmetika
BOJA ZA KOSU COLOR SEN.8 1/1;189085;Garnier;1.0000;kom;4.99;4.99;;;02.05.2025;4.99;3600541136090;Kozmetika
BOJA ZA KOSU COLOR SEN.7.0 1/1;189086;Garnier;1.0000;kom;4.99;4.99;;;02.05.2025;4.99;3600541136083;Kozmetika
BOJA ZA KOS.COLOR SEN.6.35 1/1;189089;Garnier;1.0000;kom;4.99;4.99;;;02.05.2025;4.99;3600541136052;Kozmetika
BOJA COLOR SENSATION 6.0;189090;Garnier;1.0000;kom;4.99;4.99;;;02.05.2025;4.99;3600541136045;Kozmetika
BOJA ZA KOSU COLOR SEN.5.0 1/1;189092;Garnier;1.0000;kom;4.99;4.99;;;02.05.2025;4.99;3600541136021;Kozmetika
BOJA ZA KOS.COLOR SEN.4.15 1/1;189094;Garnier;1.0000;kom;4.99;4.99;;;02.05.2025;4.99;3600541136007;Kozmetika
BOJA ZA KOSU COLOR SEN.3.0 1/1;189097;Garnier;1.0000;kom;4.99;4.99;;;02.05.2025;4.99;3600541135970;Kozmetika
BOJA ZA KOSU COLOR SEN.1.0 1/1;189099;Garnier;1.0000;kom;4.99;4.99;;;02.05.2025;4.99;3600541135956;Kozmetika
©PINAT BONDUELLE 400 g;189117;Bonduelle;0.4000;kg;2.59;6.48;;;02.05.2025;2.59;3083681007428;Hrana
RI®A S-BUDGET BASMATI 1 kg;189142;S-Budget;1.0000;kg;3.99;3.99;;;02.05.2025;3.99;9100000804934;Hrana
KAVA MLJEVENA PREMIUM 250 g;189218;SPAR PREMIUM;0.2500;kg;6.99;27.96;;;02.05.2025;5.89;8001300500384;Piæa
SAPUN PALMOLIVE MILK 90 g;189247;Palmolive;0.0900;kg;1.25;13.89;;;02.05.2025;1.25;8693495034258;Kozmetika
SAP.PALMOLIVE CAMMOMILLE 90 g;189249;Palmolive;0.0900;kg;0.72;8.00;;;02.05.2025;0.72;8693495033770;Kozmetika
SAPUN PALMOLIVE ALOE 90 g;189250;Palmolive;0.0900;kg;1.25;13.89;;;02.05.2025;1.25;8693495033985;Kozmetika
ÈIPS PREMIUM RAJ./BOSILJ.100 g;189254;SPAR PREMIUM;0.1000;kg;2.19;21.90;;;02.05.2025;2.19;9100000736020;Hrana
JOG.ÈVRSTI DUKAT 3,2%MM 800 g;189295;Dukat;0.8000;kg;2.15;2.69;;;02.05.2025;2.15;3850354009924;Hrana
BOMBONI MENTOS MINT 38 g;189347;Mentos;0.0380;kg;0.89;23.42;;;02.05.2025;0.89;87108019;Hrana
ZAÈIN ORIGANO NADALINA 12g;189368;Nadalina;0.0120;kg;0.99;82.50;;;02.05.2025;0.99;3858881580251;Hrana
ZAÈ.CIMET NADALINA MLJEV.25 g;189369;Nadalina;0.0250;kg;0.99;39.60;;;02.05.2025;0.99;3858881580305;Hrana
ZAÈIN ÈE©NJAK NADALINA 30 g;189370;Nadalina;0.0300;kg;1.59;53.00;;;02.05.2025;1.59;3858881580275;Hrana
ZAÈIN PER©IN NADALINA 8g;189371;;0.0080;kg;0.99;123.75;;;02.05.2025;0.99;3858881580299;Hrana
ZAÈIN PAPAR CRNI NADALINA 17g;189372;Nadalina;0.0170;kg;1.59;93.53;;;02.05.2025;1.59;3858881580268;Hrana
ZAÈIN BOSILJAK NADALINA 12g;189373;Nadalina;0.0120;kg;.92;76.67;;;02.05.2025;.92;3858881580282;Hrana
MARMELADA PREMIUM LIMUN 350 g;189375;Premium;0.3500;kg;2.99;8.54;;;02.05.2025;2.99;8001300501206;Hrana
MARMEL.PREMIUM MANDARINA 350 g;189376;Premium;0.3500;kg;2.99;8.54;;;02.05.2025;2.99;8001300501213;Hrana
BOMBON MENTOL LEDENI 100 g;189383;Kandit;0.1000;kg;0.85;8.50;;;02.05.2025;0.85;3858881043503;Hrana
NAMAZ SA ©AMPINJONIMA 2X50 g;189487;Vegetariana;0.1000;kg;1.89;18.90;;;02.05.2025;1.89;3859892560294;Hrana
NAMAZ SA TARTUFIMA 2X50 g;189493;Vegetariana;0.1000;kg;3.49;34.90;;;02.05.2025;3.49;3859892560324;Hrana
ÈAJ MAJÈINA DU©ICA FRANCK 30 g;189562;Franck;0.0300;kg;2.49;83.00;;;02.05.2025;2.49;3858881086777;Piæa
ÈAJ KOMORAÈ FRANCK 30 g;189563;Franck;0.0300;kg;2.49;83.00;;;02.05.2025;2.49;3858881086753;Piæa
ÈAJ FRANCK UVIN 30 g OMOT;189565;Franck;0.0300;kg;2.49;83.00;;;02.05.2025;2.49;3850291049786;Piæa
MARAM.VLA®NE BECUTAN 72/1;189688;Becutan;72.0000;kom;1.69;0.02;;;02.05.2025;1.69;5310001910730;Toaletne potrep¹tine
KIKIR.OLJU©T.PR®ENI SLANI RFS;189744;;1.0000;kg;5.89;5.89;;;02.05.2025;5.89;3858889331442;Hrana
KAVA INSTANT S BUDGET 200 g;189752;S-Budget;0.2000;kg;6.89;34.45;;;02.05.2025;6.89;9100000837901;Piæa
MLIJE.UHT 3,8% HDP DUKAT 0,5 L;189756;Dukat;0.5000;L;1.09;2.18;;;02.05.2025;1.09;3850354006831;Hrana
ZAÈIN KOTANY BURRITO 40 g;189814;Kotanyi;0.0400;kg;1.79;44.75;;;02.05.2025;1.69;9001414011546;Hrana
ZAÈ.KOTANY FAJITA KOTANYI 40 g;189816;Kotanyi;0.0400;kg;1.79;44.75;;;02.05.2025;1.69;9001414011539;Hrana
SIR D®IUGAS RIBANI 40%MM 100 g;189845;D¾iugas;0.1000;kg;1.99;19.90;;;02.05.2025;1.99;4770299046152;Hrana
©EÆER LIMUN DOLCELA 10 g;189898;Podravka;0.0100;kg;0.39;39.00;;;02.05.2025;0.39;3850104259340;Hrana
SUNCOKRET SJEMENKE NATU.150 g;189900;Natura;0.1500;kg;0.99;6.60;;;02.05.2025;0.99;3859891427666;Hrana
ÈOKOLADA KINDER 150 g;190040;Kinder;0.1500;kg;;3.27;0.49;0.99;02.05.2025;0.99;4008400202921;Hrana
ZEC KINDER 55 g;190042;Kinder;0.0550;kg;;3.45;0.19;0.49;02.05.2025;0.49;4008400524023;Hrana
MLIJ.UHT ALP.BEZ LAK 1,5%MM 1L;190043;Ljubljanske Mlekarne;1.0000;L;2.19;2.19;;;02.05.2025;2.19;3838800049922;Hrana
VRHNJE KIS.DOM.BRZO&FINO 300 g;190044;Dukat;0.3000;kg;1.89;6.30;;;02.05.2025;1.89;3850354008729;Hrana
VINO PO©IP BADEL 1862 0,75 L;190089;;0.7500;l;10.02;13.36;;;02.05.2025;10.02;3850112170590;Piæa
VINO CUVEE BENKOVAC 0,75 L;190092;;0.7500;l;7.09;9.45;;;02.05.2025;7.09;3850112170675;Piæa
VODKA LUKSUSOVA 1L;190361;Luksusowa;1.0000;l;13.02;13.02;;;02.05.2025;13.02;5900191011456;Piæa
©TAPIÆI ZA RA®NJIÆE 100/1;190396;;100.0000;kom;1.69;0.02;;;02.05.2025;1.69;4008033565202;Proizvodi za kuæanstvo
KEKSI FREE FROM RI®A KAK.250 g;190413;SPAR free from;0.2500;kg;3.59;14.36;;;02.05.2025;3.59;9100000764450;Hrana
JAVOROV SIRUP NATUR PUR 250 ml;190414;Natur pur;0.2500;L;6.99;27.96;;;02.05.2025;6.99;9100000997438;Hrana
PA©TETA ARG.JUN.ORIG.3X95 g;190525;Argeta;0.2850;kg;3.99;14.00;;;02.05.2025;3.19;3838471013185;Hrana
MARGARIN KLASIK ZVIJEZDA 250 g;190836;Zvijezda;0.2500;kg;0.85;3.40;;;02.05.2025;0.85;3856015301901;Hrana
Sir Bayerntaler Zott;190921;Zott;1.0000;kg;15.39;15.39;;;02.05.2025;15.39;4014500143453;Hrana
CIKLA DOORA REZANA 1,6 kg;190932;Doora;0.9000;kg;6.89;7.66;;;02.05.2025;6.89;3858894541010;Hrana
PAPIR ZA PEÈENJE 20 LISTOVA;190945;;1.0000;kom;;2.99;2.99;5.99;02.05.2025;5.99;4823071655810;Proizvodi za kuæanstvo
D®EM PREMIUM EKST.JAGODA 220 g;190948;Premium;0.2200;kg;2.65;12.05;;;02.05.2025;2.65;3858889114687;Hrana
PALENTA INSTANT FRANCK 200 g;190955;Franck;0.2000;kg;0.99;4.95;;;02.05.2025;0.99;3858881086456;Hrana
®IT.LINO PILLOW.TAM.PUNJ 250 g;190960;Podravka;0.2500;kg;3.49;13.96;;;02.05.2025;3.49;3850104258978;Hrana
DOD.JEL.FANT ZAPEÈ.TJEST.40 g;190963;Podravka;0.0400;kg;1.39;34.75;;;02.05.2025;1.39;3850104295126;Hrana
PJENU©AC TORLEY GALA S.0,75 L;190989;Torley Gala;0.7500;l;5.49;7.32;;;02.05.2025;5.49;5998815750607;Piæa
PJENA TAFT VOLUMEN MEGA 200 ml;191034;Taft;0.2000;L;3.99;19.95;;3.99;02.05.2025;3.89;9000100728249;Kozmetika
LAK TAFT VOLUMEN MEGA 250 ml;191035;Taft;0.2500;L;3.55;14.20;;;02.05.2025;2.99;9000100728201;Kozmetika
GEL TAFT HOLD SPEED LOO.150 ml;191036;Taft;0.1500;L;4.39;29.27;;4.39;02.05.2025;4.39;9000101723083;Kozmetika
DEOSPRAY FA SPORT E.B.150 ml;191044;Fa;0.1500;L;3.20;21.33;;;02.05.2025;3.20;9000100736763;Kozmetika
GEL ZA TU©.FA SPORT MU©.250 ml;191057;Fa;0.2500;L;2.75;11.00;;;02.05.2025;2.75;9000100729505;Kozmetika
DEO ROLL ON NIVEA SENS.P.50 ml;191115;Nivea;0.0500;L;4.99;99.80;;;02.05.2025;4.99;42242055;Kozmetika
DEO SPR.NIVEA SENSITIVE 150 ml;191118;Nivea;0.1500;L;4.99;33.27;;;02.05.2025;4.99;4005808734320;Kozmetika
ÈAÈKALICE 200/1 HIGIJENSKE;191214;;200.0000;kom;2.99;0.01;;;02.05.2025;2.99;3858884122229;Proizvodi za kuæanstvo
VATA HIGIJ.BEAUTY KISS 100 g;191221;Beauty Kiss;0.1000;kg;1.09;10.90;;;02.05.2025;1.09;3830053561657;Toaletne potrep¹tine
VINO CUVEE ROUGE ANTUN.0,75 L;191285;;0.7500;l;9.32;12.43;;;02.05.2025;9.32;3859892364175;Piæa
VINO GRA©EVINA ANTUN.0,75 L;191286;;0.7500;l;11.99;15.99;;;02.05.2025;11.99;3859892364083;Piæa
VINO MU©KAT ANTUNOVIÆ 0,75 L;191287;;0.7500;l;13.69;18.25;;;02.05.2025;13.69;3859892364069;Piæa
VINO CUVEE BLANC ANTUNO.0,75 L;191289;;0.7500;l;9.32;12.43;;;02.05.2025;9.32;3859892364168;Piæa
INST.KAVA NES.CLASSIC LIM200 g;191359;Nescafe;0.2000;kg;9.99;49.95;;;02.05.2025;9.99;7891000255025;Piæa
MLIJ.KIS.ZBREGOV 3,2%MM 900 g;191623;Vindija;0.9000;kg;2.39;2.66;;;02.05.2025;2.39;3850108031812;Hrana
JOGURT 2,8%MM ZBREG T-REX 1 kg;191625;Vindija;1.0000;kg;2.29;2.29;;;02.05.2025;2.29;3850108030297;Hrana
Sir Dimek polutvrdi dimljeni;191627;Vindija;1.0000;kg;13.99;13.99;;;02.05.2025;13.99;3850108057751;Hrana
CROISSANT 7 DAY´S FAMILY 185g;191646;7 Day's;0.1850;kg;;8.05;1.49;2.65;02.05.2025;2.65;7622202213984;Hrana
TUNA FILET PREM.DESPAR 200 g;191748;SPAR PREMIUM;0.1400;kg;5.49;39.21;;;02.05.2025;5.49;8001300285106;Hrana
APEROL 0,7 L;191799;Aperol;0.7000;l;18.99;27.13;;;02.05.2025;18.79;8002230000302;Piæa
VINO PRODAN MALVAZIJA 1 L;191813;;1.0000;l;6.12;6.12;;;02.05.2025;6.12;3859890283058;Piæa
RAKIJA PRODAN MEDICA 0,5L;191814;;0.5000;l;10.28;20.56;;;02.05.2025;10.28;3859890283164;Piæa
MLIJEKO KOKOSOVO YOUWOK 400 ml;191884;;0.4000;kg;;4.98;1.99;3.18;02.05.2025;3.18;8717228380242;Hrana
TJEST.DE CECCO TAGLIATELLE500g;191893;De Cecco;0.5000;kg;4.29;8.58;;;02.05.2025;4.29;8001250152039;Hrana
Francuski baguette premium400g;191939;Premium;0.4000;kg;1.19;2.98;;;02.05.2025;1.19;;Hrana
GRICKA.MIX OD SOJE BIO NP 50 g;192005;Natur pur;0.0500;kg;.92;18.40;;;02.05.2025;.92;9100000091730;Hrana
INSTANT KAVA BIO NP 100 g;192008;Spar Natur pur;0.1000;kg;6.25;62.50;;;02.05.2025;6.25;9100000121505;Piæa
PIVO O®UJSKO GREJP 0,5 L P.A;192012;O¾ujsko;0.5000;L;1.25;2.50;;;02.05.2025;1.25;3850131002520;Piæa
PREPEÈENAC GRANETTI 280 g;192034;Barilla;0.2800;kg;2.79;9.96;;;02.05.2025;2.79;8076809527033;Hrana
PREPEÈENAC GRANETTI 280g;192036;;0.2800;kg;2.63;9.39;;;02.05.2025;2.63;8076809527026;Hrana
AJVAR DOORA LJUTI 350 g;192147;Doora;0.3500;kg;2.89;8.26;;;02.05.2025;2.89;3858894541553;Hrana
SIR VOÆNI SVJE®I 6X50 g;192160;Danone;0.3000;kg;2.49;8.30;;;02.05.2025;2.49;4009700035783;Hrana
LIMUNSKA KISEL.S-BUDGET 200 ml;192192;SPAR;0.2000;l;0.59;2.95;;;02.05.2025;.52;9100000698793;Hrana
ROLL ON FA POWER BOOST M.50 ml;192198;Fa;0.0500;L;3.20;64.00;;;02.05.2025;3.20;9000100736817;Kozmetika
TJES.PREMIUM ZELE.REZANC.400 g;192225;Premium;0.4000;kg;3.19;7.98;;;02.05.2025;3.19;3858889113352;Hrana
TJE.PREMIUM CRNI REZANCI 400 g;192227;Premium;0.4000;kg;3.99;9.98;;;02.05.2025;3.99;3858889113369;Hrana
MLIJEKO ÈOKOLAD.DUKAT 1 L HDPE;192404;Dukat;1.0000;L;2.39;2.39;;;02.05.2025;2.39;3850354007661;Hrana
PIVO O®UJSKO GREJP LIM.0,5L;192566;O¾ujsko;0.5000;l;1.55;3.10;;;02.05.2025;1.55;3850131002551;Piæa
LIKER PATRIK BOROVNICA 0,50 L;192567;Patrik;0.5000;l;11.99;23.98;;;02.05.2025;11.99;3859890672722;Piæa
OSVJ.PIÆE YIPPI JABUKA 0,33 L;192569;;0.3300;l;1.39;4.21;;;02.05.2025;1.39;9008700141918;Piæa
OSVJ.PIÆE YIPPY NARANÈA 0,33 L;192570;;0.3300;l;1.39;4.21;;;02.05.2025;1.39;9008700141949;Piæa
SPREJ AUTAN TROPICAL DRY 100ml;192626;Autan;0.1000;L;9.69;96.90;;;02.05.2025;9.69;5000204645354;Kozmetika
GEL POSLIJE UBODA AUTAN 25ml;192628;Autan;1.0000;kom;5.49;5.49;;;02.05.2025;5.49;5000204647006;Kozmetika
ÈOKOLADA ANIDOR TAMNA 70% 85 g;192638;Anidor;0.0850;kg;2.65;31.18;;;02.05.2025;2.65;5941047821645;Hrana
ÈOKOLADA ANIDOR TAM.NARAN.85 g;192641;Anidor;0.0850;kg;2.65;31.18;;;02.05.2025;2.65;5941047821584;Hrana
KREKER CROCO BIG SLANI 200 g;192649;Croco;0.2000;kg;1.89;9.45;;;02.05.2025;1.89;5941194002553;Hrana
KREKER CROCO PIZZA 400 g;192651;Croco;0.4000;kg;3.09;7.73;;;02.05.2025;3.09;5941194000078;Hrana
PECIVO MIJE©ANO CROCO 500 g;192654;Croco;0.5000;kg;3.49;6.98;;;02.05.2025;3.49;5941194000917;Hrana
NAPITAK ALPRO BADEM 1 L;192663;Alpro;1.0000;l;3.79;3.79;;;02.05.2025;2.39;5411188110835;Piæa
SPRAY NIVEA SUN  ZF20 200ml;192689;Nivea;0.2000;L;14.99;74.95;;;02.05.2025;14.99;4005809804510;Kozmetika
SPRAY NIVEA SUN  ZF30 200ml;192693;Nivea;0.2000;L;15.99;79.95;;;02.05.2025;15.99;4006000130651;Kozmetika
RAKIJA OD VOÆA FELSER 1 L;192706;Weingut Schloss Fels;1.0000;l;11.82;11.82;;;02.05.2025;11.82;9100300105007;Piæa
GIN SILVER CROWN 0,7 L;192708;SPAR;0.7000;l;6.52;9.31;;;02.05.2025;6.52;9100300165995;Piæa
BARBOSSA SUPERIOR 0,7 L;192709;Barbossa;0.7000;l;6.82;9.74;;;02.05.2025;6.82;9100300166015;Piæa
KEKS MOTO KAKAO 288 g;192720;Moto;0.2880;kg;2.99;10.38;;;02.05.2025;2.99;3850102522859;Hrana
VRHNJE ZA KUHANJE HDPE 500 g;192751;Dukat;0.5000;kg;3.39;6.78;;;02.05.2025;3.39;3850354008606;Hrana
SRDELA FROZY 1000 g;192759;Frozy;1.0000;kg;2.99;2.99;;;02.05.2025;2.99;3859891927579;Hrana
POVR.ZA FRAN.SAL.S-BUDG.1000 g;192761;S-Budget;1.0000;kg;2.39;2.39;;;02.05.2025;2.39;3858889113260;Hrana
PAPALINA S-BUDGET IQF 1000 g;192764;S-Budget;1.0000;kg;2.99;2.99;;;02.05.2025;2.99;3858889113239;Hrana
FILET ALJ.KOLJE S-BUDGE.1000 g;192765;S-Budget;1.0000;kg;5.49;5.49;;;02.05.2025;5.49;3858889113222;Hrana
VINO CASA DE C.CS RES 0,75 L;192857;;0.7500;l;5.29;7.05;;;02.05.2025;5.29;7804661041234;Piæa
VINO EL CAMPO CAB.SAUVI.0,75 L;192860;;0.7500;l;4.22;5.63;;;02.05.2025;4.22;7804661041241;Piæa
VINO EL CAMPO MERLOT 0,75 L;192863;;0.7500;l;4.22;5.63;;;02.05.2025;4.22;7804661041258;Piæa
BOMB.NIMM2 KARAMELA VOÆNA 90 g;192993;Nimm 2;0.0900;kg;1.25;13.89;;;02.05.2025;1.25;4014400910810;Hrana
BOMBONI GUMENI NIMM2 100 g;192994;Nimm 2;0.1000;kg;1.25;12.50;;;02.05.2025;1.25;4014400907278;Hrana
MASLINE SPAR PREM.VEL.950 g;192997;SPAR PREMIUM;0.6300;kg;5.99;9.51;;;02.05.2025;5.99;8001300235217;Hrana
ÈETKICA ELMEX JUNIOR 1/1;193014;Elmex;1.0000;kom;3.45;3.45;;;02.05.2025;3.45;7610108049950;Toaletne potrep¹tine
PASTA  ELMEX  JUNIOR 75 ml;193016;Elmex;0.0750;L;3.85;51.33;;;02.05.2025;3.85;8718951470583;Kozmetika
PASTA ELMEX KIDS 50 ml;193017;Elmex;0.0500;L;3.15;63.00;;;02.05.2025;3.15;8718951470644;Kozmetika
ZUBNA PASTA ELMEX  75 ml;193018;Elmex;0.0750;L;4.39;58.53;;;02.05.2025;4.39;8718951477575;Kozmetika
PASTA ELMEX  SENSITIVE 75 ml;193020;Elmex;0.0750;L;4.39;58.53;;;02.05.2025;4.39;8718951470613;Kozmetika
PIVO STAROÈE©.SVIJ.LAGER 0,5 L;193222;Staroèesko;0.5000;l;1.19;2.38;;;02.05.2025;1.19;3859892222017;Piæa
SOK JUICY 100% JABUKA 1 L;193252;Juicy;1.0000;l;2.29;2.29;;;02.05.2025;2.19;3858890970210;Piæa
PIK ©UNKA FINA NAR.150 g;193382;Pik;0.1500;kg;3.25;21.67;;;02.05.2025;3.25;3850139250671;Hrana
PIKO PARIZER NAR.200 g;193384;Piko;0.2000;kg;2.69;13.45;;2.19;02.05.2025;2.85;3850139190892;Hrana
DOMAÆA DIMLJENA SLANINA 100 g;193385;Belje;0.1000;kg;2.95;29.50;;;02.05.2025;2.95;3850139616439;Hrana
RO©TILJSKA KOBASICA 460 g;193390;Pik;0.4600;kg;4.99;10.85;;;02.05.2025;4.99;3850139171587;Hrana
TARTUFATA SPAR PREMIUM 100 g;193542;Zigante;0.1000;kg;10.99;109.90;;;02.05.2025;10.99;3858889114663;Hrana
SIR PA©KI SPAR PREMIUM 325 g;193544;Premium;0.3250;kg;18.99;58.43;;;02.05.2025;18.99;3859893066580;Hrana
PIVO HEINEKEN 0,5 L LIM.4PACK;193567;Heineken;2.0000;l;6.07;3.04;;;02.05.2025;6.07;3830001714715;Piæa
©AMP.ELSEVE COLOR VIVE 400 ml;193641;Elseve;0.4000;L;;10.98;4.39;5.89;02.05.2025;5.89;3600522069829;Kozmetika
D®EMFIX SUPER 3:1 25 g;193715;Dr. Oetker;0.0250;kg;1.59;63.60;;;02.05.2025;1.59;5997381370929;Hrana
DEO SPR.BOROTALCO INVIS.150 ml;193722;Borotalco;0.1500;L;3.50;23.33;;;02.05.2025;3.50;8002410041866;Kozmetika
DEO SPR.BOROTALCO ORIGI.150 ml;193723;Borotalco;0.1500;L;3.50;23.33;;;02.05.2025;3.50;8002410040388;Kozmetika
ROLL ON BOROTALCO INV.50 ml;193727;Borotalco;0.0500;L;3.50;70.00;;;02.05.2025;3.50;80844044;Kozmetika
DEO ROLL ON BOROTALCO FR.50 ml;193729;Borotalco;0.0500;L;3.50;70.00;;;02.05.2025;3.50;80453000;Kozmetika
KA©A RIBANA KOLEDA 400 g;193756;Koleda;0.4000;kg;2.25;5.63;;;02.05.2025;2.25;3859888433151;Hrana
REZANCI ©IR.S MRK.KOLEDA 400 g;193758;Koleda;0.4000;kg;2.25;5.63;;;02.05.2025;2.25;3859888433144;Hrana
REZ.KOLED.JU©.S JAJ.I MR.400 g;193760;Koleda;0.4000;kg;2.25;5.63;;;02.05.2025;2.25;3859888433076;Hrana
REZANCI ©IR.S JAJ.KOLEDA 400 g;193761;Koleda;0.4000;kg;2.25;5.63;;;02.05.2025;2.25;3859888433090;Hrana
REZAN.JU©NI S JAJ.KOLEDA 400 g;193762;Koleda;0.4000;kg;2.25;5.63;;;02.05.2025;2.25;3859888433083;Hrana
KRPICE KOLEDA S JAJIMA 400 g;193764;Koleda;0.4000;kg;2.25;5.63;;;02.05.2025;2.25;3859888433502;Hrana
PILEÆA KRILA U PIKANTNOJ 450 g;193779;Vindija;0.4500;kg;4.49;9.98;;;02.05.2025;4.49;3850159150227;Hrana
SIRUTKA MARAKUJA S BUDG.0,5 L;193863;S-Budget;0.5000;L;0.99;1.98;;;02.05.2025;0.99;9100000007670;Hrana
SIRUTKA MANGO S BUDGET 0,5 L;193865;S-Budget;0.5000;L;0.99;1.98;;;02.05.2025;0.99;9100000007656;Hrana
Sir Mozzarella Milram;193871;Milram;1.0000;kg;11.99;11.99;;;02.05.2025;11.99;9860001585330;Hrana
VAFEL HANUTA T2x18 44 g;193969;Ferrero;0.0440;kg;0.99;22.50;;;02.05.2025;0.99;8000500273555;Hrana
NAMAZ NUTELLA LJE©NJAK 15 g;193999;Nutella;0.0150;kg;0.55;36.67;;;02.05.2025;0.49;80751151;Hrana
®IT.LINO PILLOW.BIJ.PUNJ.250 g;194001;Podravka;0.2500;kg;3.49;13.96;;;02.05.2025;3.49;3850104259616;Hrana
®ELIN DOLCELA 75 g;194002;Podravka;0.0750;kg;2.29;30.53;;;02.05.2025;2.29;3850104259333;Hrana
BOMB.RONDO C XXL 61,5 g;194110;Rondo C;0.6150;kg;1.59;2.59;;;02.05.2025;1.59;3850322008331;Hrana
VINO BELJE KV.GRA©EVINA 0,75 L;194133;;0.7500;l;7.05;9.40;;;02.05.2025;7.05;3850257019020;Piæa
PAP.RUÈ.VIOLETA CLEV.C.2/1 ;194136;Violeta;2.0000;kom;1.99;1.00;;;02.05.2025;1.99;3859892288488;Proizvodi za kuæanstvo
VODKA SVAROG 0,7L;194140;;0.7000;l;18.29;26.13;;;02.05.2025;18.29;3850112142795;Piæa
VINO MILIÈIÆ PO©IP 1 L;194141;;1.0000;l;5.88;5.88;;;02.05.2025;5.88;3859888400306;Piæa
DESPAR GRISSINI FRIABILI 250 g;194146;Despar;0.2500;kg;1.49;5.96;;;02.05.2025;1.52;8001300802792;Hrana
KEKSI CHOCOLIX BEZ ©EÆ.200 g;194204;Delicia;0.2000;kg;3.69;18.45;;;02.05.2025;3.69;3859889106177;Hrana
KA©ICA HIPP SPAGH.BOLOG.250 g;194226;Hipp;0.2500;kg;2.66;10.64;;;02.05.2025;2.66;4062300255050;Hrana
VODA MINERALNA KISELJAK 0,5 L;194277;Sarajevski Kiseljak;0.5000;l;.79;1.58;;;02.05.2025;.79;3871059000023;Piæa
©TAPIÆI PRIMA KIKIRIKI 100 g;194283;Prima;0.1000;kg;0.89;8.90;;;02.05.2025;0.89;8600939212295;Hrana
MASLAC PRES.S MORS.SOLI 250 g;194315;President;0.2500;kg;4.35;17.40;;;02.05.2025;4.35;3155250367094;Hrana
BOMBONI VAU VAU 20 g;194318;Cedevita;0.0200;kg;1.39;69.50;;;02.05.2025;1.39;3850322000564;Hrana
BOMBONI PERLY 40 g;194331;Perla;0.0400;kg;0.86;21.50;;;02.05.2025;0.86;3395503218579;Hrana
D®EM SPAR EXTRA ©UM.VOÆE 450 g;194335;SPAR;0.4500;kg;2.79;6.20;;;02.05.2025;2.79;9100000967844;Hrana
KEKS PAPRENJAK ADRIA 150 g;194371;DUPIN;0.1500;kg;3.69;24.60;;;02.05.2025;3.69;3858890260915;Hrana
MLIJEKO ÈOK.DUKAT HDPE  0.5 L;194386;Dukat;0.5000;L;1.69;3.38;;;02.05.2025;1.69;3850354006879;Hrana
JOG.TEKUÆI DUKAT 2,8%M.M.230 g;194388;Dukat;0.2300;kg;0.75;3.26;;;02.05.2025;0.75;3850354009177;Hrana
NAMAZ MLIJEÈNI DUKATELA 250 g;194390;Dukat;0.2500;kg;2.45;9.80;;;02.05.2025;2.45;3850354015031;Hrana
JOGURT DUKATINO GRIC 122 g;194392;Dukat;0.1220;kg;1.39;11.39;;;02.05.2025;1.39;3850354003694;Hrana
LIZ.VOÆ.CHUPA CHUPS 12 g;194435;Chupa Chups;0.0120;kg;0.49;40.83;;;02.05.2025;0.49;84196675;Hrana
PIJESAK ZA MAÈKE MOLLY 10 kg;194526;Molly;10.0000;kg;4.99;0.50;;;02.05.2025;4.99;9100000089904;Proizvodi za kuæanstvo
MJE©AVINA ZA KRUH FR.FROM 1 kg;194529;SPAR free from;1.0000;kg;4.49;4.49;;;02.05.2025;4.49;9100000766782;Hrana
DET.ZA PR.RUBLJA S BUDGET 3 kg;194641;SPAR;3.0000;kg;3.98;1.33;;;02.05.2025;3.98;3858889114762;Sredstva za èi¹æenje
SIR EDAMAC PANIRANI 600 g;194677;Vindija;0.6000;kg;;9.58;5.75;7.19;02.05.2025;7.19;3850159141812;Hrana
MIN.VODA ROEMERQUELLE 0,5 L;194748;Römerquelle;0.5000;l;.93;1.86;;;02.05.2025;.93;90311185;Piæa
MUSLI PLOÈ.S BUDGET 8X25 g;194856;S-Budget;0.2000;kg;2.19;10.95;;;02.05.2025;2.19;9100000779973;Hrana
MUSLI PLOÈ.S BUDGET 8X25 g;194858;S-Budget;0.2000;kg;2.19;10.95;;;02.05.2025;2.19;9100000779935;Hrana
BALZAM NEUTROGENA ULTRA 300 ml;194871;Neutrogena;0.3000;L;8.99;29.97;;;02.05.2025;8.99;3574661610344;Kozmetika
©AMP.H&S APPLE FRESH 400 ml;194895;Head&Shoulders;0.4000;L;;12.48;4.99;6.19;02.05.2025;6.19;5410076659456;Kozmetika
Sir Dinarski;195243;Sirana Gligora;1.0000;kg;29.99;29.99;;;02.05.2025;29.99;3859891864362;Hrana
MUSLI VITALIS PLUS ÈOKO.300 g;195488;Vitalis;0.3000;kg;4.39;14.63;;;02.05.2025;4.39;4000521010256;Hrana
MUSLI VITALIS PLUS VOÆE 300 g;195489;Vitalis;0.3000;kg;4.39;14.63;;;02.05.2025;4.39;4000521010270;Hrana
MUSLI VITAL.PLUS MED BAD 300 g;195490;Vitalis;0.3000;kg;4.39;14.63;;;02.05.2025;4.39;4000521010294;Hrana
GUSTIN DR.OETKER ZA UMAK.150 g;195618;Dr. Oetker;0.1500;kg;2.19;14.60;;;02.05.2025;2.19;5997381358774;Hrana
UMAK SPAR SALSA BARBECUE 330 g;195645;SPAR;0.3300;kg;2.49;7.55;;;02.05.2025;2.49;8710671090256;Hrana
UM.SPAR SALSA SOUR CREAM 300 g;195647;SPAR;0.3000;kg;2.49;8.30;;;02.05.2025;2.49;8710671090270;Hrana
SOK FANTA SHOKATA 2 L PET;195749;Fanta;2.0000;l;2.29;1.15;;;02.05.2025;2.29;5449000291691;Piæa
ZIGANTE MINI KOLEKC.3/1;195924;Zigante;0.0900;kg;16.99;188.78;;;02.05.2025;17.25;3859889179737;Hrana
IND.ORA©ÈIÆI SEEBERGER 200 g;195949;Seeberger;0.2000;kg;5.99;29.95;;;02.05.2025;5.99;4008258107010;Hrana
PUDING VANIL.SA ©LAGOM 4X125 g;195953;Vindija;0.5000;kg;1.99;3.98;;;02.05.2025;2.25;3850108040081;Hrana
PUDING ÈOK.SA ©LAGOM 4X125 g;196061;Vindija;0.5000;kg;1.99;3.98;;;02.05.2025;2.25;3850108040180;Hrana
SIR ZAGORSKI DIM.PREMIUM 225 g;196233;Premium;0.2250;kg;3.49;15.51;;;02.05.2025;3.49;3858889115684;Hrana
©TAP.SURIM.S OKUSOM RAKA 240 g;196366;Moje More;0.2400;kg;1.99;8.29;;;02.05.2025;1.99;3858887470921;Hrana
JUHA IN.FINI MINI RAJÈICA 23 g;196373;Podravka;0.0230;kg;0.89;38.70;;;02.05.2025;0.89;3850104260940;Hrana
KRASTAVCI DOORA DELIK.2350 g;196425;Doora;1.2500;kg;11.39;9.11;;;02.05.2025;11.39;3858894541331;Hrana
FEFERONI DOORA LJUTI 320 g;196428;Doora;0.1600;kg;4.39;27.44;;;02.05.2025;4.39;3858894541485;Hrana
S-BUDGET SVJE®A SALATA 400 g;196497;S-Budget;0.4000;kg;2.19;5.48;;;02.05.2025;2.19;3858889115998;Hrana
Juneæi vrat bez kosti ;196628;;1.0000;kg;12.99;12.99;;;02.05.2025;10.49;3850139401547;Hrana
BOMBONI TIC-TAC ORANGE 18 g;196664;Tic Tac;0.0180;kg;0.85;47.22;;;02.05.2025;0.85;80052333;Hrana
BOMBONI TIC-TAC MINT 18 g;196665;Tic Tac;0.0180;kg;0.85;47.22;;;02.05.2025;0.85;80052043;Hrana
ZAM.MLIJEKO BEBIMIL JUN.500 g;196686;Bebimil;0.5000;kg;8.95;17.90;;;02.05.2025;8.95;9007253000017;Hrana
KAVA BARCAFFE ESPRESSO 250 g;196690;Barcaffe;0.2500;kg;6.49;25.96;;;02.05.2025;6.49;3838975531765;Piæa
POSLAS.MAÈ.WHIS.PIL.SIR 60 g;196707;Whiskas;0.0600;kg;1.89;31.50;;;02.05.2025;1.89;5998749146798;Proizvodi za kuæanstvo
HRANA ZA PSE PEDIG.GOV.100 g;196717;Pedigree;0.1000;kg;.89;8.90;;;02.05.2025;.89;5900951017261;Proizvodi za kuæanstvo
ULJE MASL.EK.DJE.MONINI 250 ml;196718;Monini;0.2500;L;4.49;17.96;;;02.05.2025;4.49;80053811;Hrana
PRALINE I LOVE MILKA 110 g;196761;Milka;0.1100;kg;4.79;43.55;;;02.05.2025;3.69;7622210597380;Hrana
©TAPIÆI ULKER SEZAM 125 g;196762;Ulker;0.1250;kg;1.69;13.52;;;02.05.2025;1.69;8690504011750;Hrana
ÈOK.RUM PLOÈICE MINI 182 g;196763;Kandit;0.1820;kg;3.45;18.96;;;02.05.2025;3.45;3858881044135;Hrana
BOMB.MENTOL LIMUN MEDENI 100 g;196764;Kandit;0.1000;kg;0.85;8.50;;;02.05.2025;0.85;3858881049789;Hrana
LISTOVI ZA SAV.S BUDGET 500 g;196823;S-Budget;0.5000;kg;1.25;2.50;;;02.05.2025;1.25;3858889115745;Hrana
FLIPS CLIPSY HOT DOG 40 g;196831;Marbo;0.0400;kg;0.49;12.25;;;02.05.2025;0.49;8606017373889;Hrana
KOKICE POP CORN NATURA 100 g;196928;Natura;0.1000;kg;0.69;6.90;;;02.05.2025;0.69;3859891427901;Hrana
ZUB.PAS.SENSODYNE WHITEN.75 ml;197354;Sensodyne;0.0750;L;7.49;99.87;;;02.05.2025;4.75;5054563103505;Kozmetika
ZAÈ.KOTANYI CHIL.JALAPENO 24 g;197421;Kotanyi;0.0240;kg;3.99;166.25;;;02.05.2025;3.99;9001414900598;Hrana
©TAPIÆI ULKER SEZAM 40 g;197444;Ulker;0.0450;kg;0.59;13.11;;;02.05.2025;0.59;8690504018087;Hrana
HRENOVKE PILEÆE GALA 200 g;197446;Gavrilovic;0.2000;kg;1.89;9.45;;;02.05.2025;1.89;3858881225954;Hrana
BOMBONI M&M CHOCO 45 g;197449;M&M's;0.0450;kg;1.09;24.22;;;02.05.2025;1.09;5900951140303;Hrana
BOMBONI M&M PEANUT 45 g;197451;M&M's;0.0450;kg;1.09;24.22;;;02.05.2025;1.09;5900951140310;Hrana
ÈOK.MILKA SJECKANI LJE©NJ.80 g;197460;Milka;0.0800;kg;2.09;26.13;;;02.05.2025;1.19;7622210043931;Hrana
ÈOK.MILKA NOISETTE 80 g;197461;Milka;0.0800;kg;2.09;26.13;;;02.05.2025;1.19;7622210043955;Hrana
©AMP.ELSEVE ARG.RESIST 400 ml;197522;Elseve;0.4000;L;;10.98;4.39;5.89;02.05.2025;5.89;3600522242451;Kozmetika
Teleæe hrenovke;197542;Medven;1.0000;kg;13.49;13.49;;;02.05.2025;13.49;3859893850448;Hrana
Èvarci;197547;Medven;1.0000;kg;26.99;26.99;;;02.05.2025;26.99;3859893326479;Hrana
ÈVARCI 300 g;197548;Medven;0.3000;kg;8.99;29.97;;;02.05.2025;8.99;3859892460709;Hrana
BOMBONI MAMBA 106 g;197565;Mamba;0.1060;kg;1.25;11.79;;;02.05.2025;1.25;4014400926279;Hrana
KOBASICA GRANIÈAR.NAREZAK 80 g;197591;Gavrilovic;0.0800;kg;2.35;29.38;;;02.05.2025;2.35;3859892502522;Hrana
SALAMA ROMANA NAREZAK 80 g;197596;Gavrilovic;0.0800;kg;2.59;32.38;;;02.05.2025;2.59;3859892569792;Hrana
SALAMA MEDITERAN.NAREZAK 80 g;197598;Gavrilovic;0.0800;kg;2.35;29.38;;;02.05.2025;2.35;3859892502546;Hrana
ÈOK.JAJE KINDER SURP.LEI 20 g;197695;Kinder;0.0200;kg;1.39;69.50;;;02.05.2025;1.39;54088191;Hrana
MAKARONI S JAJIMA KOLEDA 400 g;197710;Koleda;0.4000;kg;2.25;5.63;;;02.05.2025;2.25;3859888433267;Hrana
©KOLJKI.S JAJIMA KOLEDA 400 g;197711;Koleda;0.4000;kg;2.25;5.63;;;02.05.2025;2.25;3859888433250;Hrana
SVRDLA S JAJIMA KOLEDA 400 g;197712;Koleda;0.4000;kg;2.25;5.63;;;02.05.2025;2.25;3859888433274;Hrana
PU®IÆI S JAJIMA KOLEDA 400 g;197713;Koleda;0.4000;kg;2.25;5.63;;;02.05.2025;2.25;3859888433281;Hrana
VINO IURIS SAUV.+GRA©EV.0,75 L;197763;;0.7500;l;6.02;8.03;;;02.05.2025;6.02;3859891102341;Piæa
VINO IURIS CABER.+MERL.0,75 L;197776;;0.7500;l;6.02;8.03;;;02.05.2025;6.02;3859891102327;Piæa
JUHA PODRAVKA GOVEÐA 52 g;197839;Podravka;0.0520;kg;0.99;19.04;;;02.05.2025;0.99;3850104251924;Hrana
LASAGNE SPAR VEGGIE 400 g;197841;SPAR Veggie;0.4000;kg;2.99;7.48;;;02.05.2025;2.99;9100000739090;Hrana
ZUB.PAS.AQUAFRESH JUNIOR 50 ml;197857;Aquafresh;0.0500;L;2.79;55.80;;;02.05.2025;2.59;5054563204110;Kozmetika
KOST SIPINA ZA PTICE 26 g 2KOM;197889;Vitakraft;0.0260;kg;2.65;101.92;;;02.05.2025;2.65;4008239313171;Proizvodi za kuæanstvo
PAPIR.RUÈNIK S BUDGET 2SL 2/1;197899;S-Budget;2.0000;kom;0.85;0.43;;;02.05.2025;0.85;3858889115707;Proizvodi za kuæanstvo
RI®A ZLATO POLJE ARBORIO 1 kg;197930;Zlato Polje;1.0000;kg;4.99;4.99;;;02.05.2025;4.99;3838700540604;Hrana
ÈOKOLADA CONFETTIN.KANDI 100 g;197967;Kandit;0.1000;kg;1.69;16.90;;;02.05.2025;1.69;3858881046801;Hrana
ÈOKOLADA SJECK.LJE©.KANDI 80 g;197980;Kandit;0.0800;kg;1.69;21.13;;;02.05.2025;1.69;3858881046665;Hrana
ÈOKOLADA NUGASSO KANDI 90 g;197989;Kandit;0.0900;kg;1.69;18.78;;;02.05.2025;1.69;3858881046726;Hrana
ÈOKOLADA MLIJEÈNA KANDI 80 g;197990;Kandit;0.0800;kg;1.03;12.88;;;02.05.2025;1.03;3858881046689;Hrana
ULJE MASLI.EX.DJ.MARINA 0,75 L;197991;Marina;0.7500;L;15.99;21.32;;;02.05.2025;15.99;3859888295025;Hrana
VAZELIN OLIVAL 50 ml;198035;Olival;0.0500;L;3.09;61.80;;;02.05.2025;3.09;3859888345348;Kozmetika
MLIJEKO OLIVAL SMILJE 200 ml;198038;Olival;0.2000;L;5.69;28.45;;;02.05.2025;5.69;3859888345652;Kozmetika
ENERG.NAPITAK SB LIMETA 0,25 L;198060;S-Budget;0.2500;l;.63;2.52;;;02.05.2025;.63;9100000810430;Piæa
ENERG.NAPITAK SB BOROVN.0,25 L;198061;S-Budget;0.2500;l;.63;2.52;;;02.05.2025;.63;9100000810416;Piæa
WC GEL SPLENDI.MOUNTAIN 750 ml;198102;Splendid;0.7500;L;1.39;1.85;;;02.05.2025;1.39;3830053564610;Sredstva za èi¹æenje
WC GEL SPLENDID VIOLET 750 ml;198103;Splendid;0.7500;L;1.39;1.85;;;02.05.2025;1.39;3830053564627;Sredstva za èi¹æenje
OMEK.SPAR SUPER MISTIC ROS.1 L;198104;SPAR;1.0000;L;1.39;1.39;;;02.05.2025;1.39;3831115300061;Sredstva za èi¹æenje
OMEK.SPAR SUPER SPRING HAR.1 L;198105;SPAR;1.0000;L;1.39;1.39;;;02.05.2025;1.39;3831115300078;Sredstva za èi¹æenje
OMEK©.SPAR SUPER SOFT ALM.1 L;198107;SPAR;1.0000;L;1.39;1.39;;;02.05.2025;1.39;3831115300085;Sredstva za èi¹æenje
ZAÈ.MAGGI ©PAG.BOLOGNESE 50 g;198177;Maggi;0.0500;kg;1.69;33.80;;;02.05.2025;1.69;7613287110251;Hrana
ZAÈ.MAGGI PILETINA 4 SIRA 32 g;198196;Maggi;0.3200;kg;1.69;5.28;;;02.05.2025;1.69;7613287119032;Hrana
©unka pureæa exclusive;198524;Perutnina;1.0000;kg;11.99;11.99;;;02.05.2025;10.49;93850220152702;Hrana
NAPITAK VEGGIE SOJA 1 L;198614;SPAR Veggie;1.0000;l;1.69;1.69;;;02.05.2025;1.69;9100000090320;Piæa
VINO CRLJENAK ZIN.DUB.P.0,75 L;198637;;0.7500;L;12.37;16.49;;;02.05.2025;12.37;3859890164289;Piæa
NAM.SPAR VEGGIE RAJÈ/BOS.125 g;198654;SPAR Veggie;0.1250;kg;1.59;12.72;;;02.05.2025;1.59;9100000739984;Hrana
NAM.SPAR VEGGIE GRAH/CHI.125 g;198656;SPAR Veggie;0.1250;kg;1.59;12.72;;;02.05.2025;1.59;9100000740003;Hrana
TOFU NAT.SPAR BIO VEGGIE 250 g;198665;SPAR Veggie;0.2500;kg;1.99;7.96;;;02.05.2025;1.49;9100000760353;Hrana
NAMAZ SPAR VEGGIE HUMUS 125 g;198704;SPAR Veggie;0.1250;kg;1.59;12.72;;;02.05.2025;1.59;9100000739601;Hrana
TOST CLASSIC MLINAR 400 g;198940;Mlinar;0.4000;kg;1.75;4.38;;;02.05.2025;1.75;3858881120419;Hrana
FERRERO COLLECTION T24X4 269 g;198942;Ferrero;0.2690;kg;11.99;44.57;;;02.05.2025;11.99;8000500247167;Hrana
TOST INTEGRALNI MLINAR 400 g;198989;Mlinar;0.4000;kg;1.99;4.98;;;02.05.2025;1.99;3858881120082;Hrana
DEO ROLL ON INVISB.BWC ®.50 ml;199085;Garnier;0.0500;L;4.59;91.80;;;02.05.2025;4.59;3600541448179;Kozmetika
DEO SPR.GARNIER INVIS.®.150 ml;199086;Garnier;0.1500;L;4.59;30.60;;;02.05.2025;4.59;3600541253704;Kozmetika
BRIJAÈ GILLETTE FUS.STYLER 1UP;199089;Gillette;1.0000;kom;27.99;27.99;;27.99;02.05.2025;27.99;7702018273386;Kozmetika
ÈAJ AHMAD ZELENI RINFUZA 100 g;199167;Ahmad;0.1000;kg;3.45;34.50;;;02.05.2025;3.45;0054881008020;Piæa
ÈAJ CEYLON AHMAD RINFUZA 100 g;199168;Ahmad;0.1000;kg;3.45;34.50;;;02.05.2025;3.45;0054881005845;Piæa
ÈAJ EARL GREY AHMAD RIN.100 g;199170;Ahmad;0.1000;kg;3.45;34.50;;;02.05.2025;3.45;0054881008594;Piæa
ÈAJ ZELEN.S JASMIN.AHMAD 100 g;199173;Ahmad;0.1000;kg;3.98;39.80;;;02.05.2025;3.98;0054881009546;Piæa
KAVA ARABESCA MINAS 400 g;199176;Arabesca;0.4000;kg;8.39;20.98;;;02.05.2025;8.39;3858886801917;Piæa
UM.SHAN SHI SWEET CHINA 120 g;199320;Shan shi;0.1200;kg;;13.25;1.59;2.99;02.05.2025;2.99;9002600283297;Hrana
ÈAJ TEEKAN.ZELENI S LIMUN.35 g;199405;Teekanne;0.0350;kg;2.05;58.57;;;02.05.2025;2.05;5901086000555;Piæa
TONIK PURE EVELINE 200 ml;199467;Eveline;0.2000;L;4.09;20.45;;;02.05.2025;4.09;5901964014186;Kozmetika
GEL I PILING EVELI. 3U1 200 ml;199468;Eveline;0.2000;L;4.09;20.45;;;02.05.2025;4.09;5901964014162;Kozmetika
KR.ZA LICE I TIJ.ANTIAL.200 ml;199469;Eveline;0.2000;L;3.59;17.95;;;02.05.2025;3.59;5907609328748;Kozmetika
KR.ZA DEPIL.3U1 EVELINE 125 ml;199470;Eveline;0.1250;L;2.99;23.92;;;02.05.2025;2.99;5901964016555;Kozmetika
Svinj.jetr.pa¹. s dod.tel.jet.;199476;Landhof;1.0000;kg;19.99;19.99;;;02.05.2025;20.17;9002077813751;Hrana
UM.SHAN SHI OD KAMENICA 200 ml;199483;Shan shi;0.2000;l;;12.95;2.59;4.79;02.05.2025;4.79;9120012041813;Hrana
ÈAJ AGRISTAR PLANINSKI 44 g;199620;Agristar;0.0440;kg;1.85;42.05;;;02.05.2025;1.85;3858886504085;Piæa
ZAM.MLIJEKO HIPP2 COMBIO.600 g;199674;Hipp;0.6000;kg;14.69;24.48;;;02.05.2025;14.69;4062300398917;Hrana
ZAM.MLIJEKO HIPP1 COMBIO.600 g;199675;Hipp;0.6000;kg;14.69;24.48;;;02.05.2025;14.69;4062300398900;Hrana
ZAM.MLIJEKO HIPP3 COMB.600 g;199676;Hipp;0.6000;kg;14.69;24.48;;;02.05.2025;14.69;4062300398924;Hrana
KAVA BARCAFFE 175 g;199684;Barcaffe;0.1750;kg;4.29;24.51;;;02.05.2025;4.29;3838471022699;Piæa
TORTELLONI AURELIA 450 g;199692;Aurelia;0.4500;kg;4.69;10.42;;;02.05.2025;4.69;3859890561033;Hrana
ZAMJENA ZA MLIJ.U PRAHU 500 g;199897;;0.5000;kg;3.59;7.18;;;02.05.2025;3.59;3858887472659;Hrana
©AMP.PANTENE AQUALIGHT 400 ml;199951;Pantene;0.4000;L;5.59;13.98;;;02.05.2025;5.59;5410076561223;Kozmetika
©AMP.PANTENE REP&PROT.400 ml;199953;Pantene;0.4000;L;5.59;13.98;;;02.05.2025;5.59;5410076561834;Kozmetika
MASLAC S-BUDGET 250 g;200010;S-Budget;0.2500;kg;2.79;11.16;;;02.05.2025;2.79;9100000973746;Hrana
KREMA SUDOCREM 125 g;200117;Sudocrem;0.1250;kg;9.45;75.60;;;02.05.2025;9.45;3850114243674;Kozmetika
KREMA SUDOCREM 60 g;200119;Sudocrem;0.0600;kg;5.99;99.83;;;02.05.2025;5.99;3850114243421;Kozmetika
KRASTAVCI ZVIJEZDA KLAS.670 g;200149;Zvijezda;0.3300;kg;2.69;8.15;;;02.05.2025;2.69;3856015305732;Hrana
BOMB.GRIOTTE VREÆICA 153 g;200262;Griotte;0.1530;kg;5.39;35.23;;;02.05.2025;4.04;3850102008179;Hrana
BOMB.BAJADERA VREÆICA 150 g;200263;Bajadera;0.1500;kg;6.29;41.93;;;02.05.2025;4.71;3850102007929;Hrana
KREMA BB NIVEA VIS.SVJET.50 ml;200272;Nivea;0.0500;L;11.09;221.80;;;02.05.2025;11.09;4005808745425;Kozmetika
ÈOKOL.SPAR PREMIUM TAMNA 100 g;200296;SPAR PREMIUM;0.1000;kg;2.49;24.90;;;02.05.2025;2.49;9100000770086;Hrana
Pari¹ka kobasica s povræem;200606;Gavrilovic;1.0000;kg;8.99;8.99;;8.79;02.05.2025;8.79;3858881229099;Hrana
ÈOKOLADA STICK ALBENI 47 g;200608;Albeni;0.0470;kg;1.29;27.45;;;02.05.2025;1.29;8690504035749;Hrana
©unka za pizzu;200616;Gavrilovic;1.0000;kg;7.89;7.89;;;02.05.2025;7.89;3858881229112;Hrana
VINO PO©IP STINA 0,75 L;200629;;0.7500;l;24.22;32.29;;;02.05.2025;24.22;3859892605117;Piæa
JOGURT NATUR DUKATOS 150 g;200703;Dukat;0.1500;kg;0.99;6.60;;;02.05.2025;0.99;3850354009726;Hrana
STOLNI S AROM.VANILIJE 250 g ;200704;Zvijezda;0.2500;kg;1.09;4.36;;;02.05.2025;1.09;3856015305534;Hrana
SREBRNI LUK U NALJ.530 g;200769;;0.3000;kg;2.89;9.63;;;02.05.2025;2.89;3859890799238;Hrana
STRUGAÈ TVRDE KO®E TITANIA 1/1;200780;Titania;1.0000;kom;1.99;1.99;;;02.05.2025;1.99;3831016471792;Toaletne potrep¹tine
©KARICE TITANIA 1050/1H 1/1 ;200815;Titania;1.0000;kom;5.19;5.19;;;02.05.2025;5.19;3831016472096;Toaletne potrep¹tine
©KARICE TITANIA 1050/1N 1/1;200816;Titania;1.0000;kom;4.19;4.19;;;02.05.2025;4.19;3831016472102;Toaletne potrep¹tine
VINO KALAZIÆ AUREUS 0,75 L;200914;;0.7500;l;6.82;9.09;;;02.05.2025;6.82;3858886364306;Piæa
ULO.LIBRESSE REGULAR 58/1;200918;Libresse;58.0000;kom;2.65;0.05;;;02.05.2025;1.99;7322540276855;Toaletne potrep¹tine
ULO.DNEV.LIBRESSE NATURAL 58/1;200922;Libresse;58.0000;kom;2.65;0.05;;;02.05.2025;1.99;7322540575453;Toaletne potrep¹tine
BOM.GUM.HARIBO TRE©NJICE 100 g;200984;Haribo;0.1000;kg;1.59;15.90;;;02.05.2025;1.59;9002975309820;Hrana
VINO PRIM.PLAVAC MALI 0,75 L;201108;;0.7500;l;3.92;5.23;;;02.05.2025;3.92;3859889132695;Piæa
KUPKA PALMOLI.BL.ORCHID 500 ml;201186;Palmolive;0.5000;L;4.49;8.98;;;02.05.2025;4.49;8714789733180;Kozmetika
CROISSANT BAULI MARELICA 300g;201201;Bauli;0.3000;kg;3.79;12.63;;;02.05.2025;3.79;8001720446200;Hrana
ÈAJ PODRAVKA NAR.CIM.KLIN.50 g;201273;Podravka;0.0500;kg;2.05;41.00;;;02.05.2025;2.05;3850104263279;Piæa
ÈAJ PODRAVKA MAL.KUP.VAN.50 g;201274;Podravka;0.0500;kg;2.05;41.00;;;02.05.2025;2.05;3850104263262;Piæa
ÈAJ PODRAVKA JABUKA CIMET 50 g;201275;Podravka;0.0500;kg;2.05;41.00;;;02.05.2025;2.05;3850104263064;Piæa
VINO ÈOBANKOVIÆ GRA©EVINA 1 L;201293;;1.0000;L;3.82;3.82;;;02.05.2025;3.82;3859891286010;Piæa
PAP.MARAMICE S BUDGET 100/1;201298;S-Budget;100.0000;kom;0.79;0.01;;;02.05.2025;0.79;3858889115882;Toaletne potrep¹tine
KAPARI LUXEAPERS 100 g;201362;Luxeapers;0.0600;kg;1.85;30.83;;;02.05.2025;1.85;8422243006083;Hrana
Piko parizer;201464;Piko;1.0000;kg;9.19;9.19;;;02.05.2025;9.19;3850139190632;Hrana
MORTADELA NAREZAK 150 g;201465;Pik;0.1500;kg;2.69;17.93;;;02.05.2025;2.69;3850139171044;Hrana
GRA©AK S-BUDGET 1000 g;201493;S-Budget;1.0000;kg;2.39;2.39;;;02.05.2025;2.39;3858889114786;Hrana
PA©TETA ARGETA JUNIOR 45 g;201494;Argeta;0.0450;kg;.93;20.67;;;02.05.2025;.93;38381447;Hrana
ÈOK.S-BUDGET MINIS MILK 400 g;201625;S-Budget;0.4000;kg;4.49;11.23;;;02.05.2025;4.49;9100000690520;Hrana
ÈOK.S-BUDGET MINIS KOKOS 400 g;201626;S-Budget;0.4000;kg;4.49;11.23;;;02.05.2025;4.49;9100000748313;Hrana
ÈOK.S-BUD.MINIS KARAMELA 400 g;201627;S-Budget;0.4000;kg;4.49;11.23;;;02.05.2025;4.49;9100000748290;Hrana
ÈOK.S-BUD.MINIS KIKIRIKI 400 g;201628;S-Budget;0.4000;kg;4.49;11.23;;;02.05.2025;4.49;9100000748276;Hrana
Slavon.mesn.slanina;201827;Ravliæ;1.0000;kg;16.59;16.59;;;02.05.2025;16.59;3859892369149;Hrana
ULJE  BIO NP LANENO 0,25 L;201836;Natur pur;0.2500;L;1.99;7.96;;;02.05.2025;1.99;9100000026916;Hrana
ZAM.MLIJEKO HIPP COMB.2+ 600 g;201979;Hipp;0.6000;kg;12.79;21.32;;;02.05.2025;12.79;4062300447233;Hrana
ZUB.PAS.KALODONT EXT.CL.75 ml;202088;Kalodont;0.0750;L;1.59;21.20;;;02.05.2025;1.59;3850105143006;Kozmetika
COURVOSIER V.S.O.P 0,7 L;202135;Courvoisier;0.7000;l;63.29;90.41;;;02.05.2025;63.29;3049197210776;Piæa
WHISKEY JIM BEAM BURBON 1 L;202136;Jim Beam;1.0000;l;27.18;27.18;;;02.05.2025;27.18;0080686000266;Piæa
OSLIÆ BEZ GLAVE KOGO 1000 g;202332;Kogo;1.0000;kg;6.96;6.96;;;02.05.2025;6.96;3858884993362;Hrana
OSVJ.WC BREF LEMON 3X50 g ;202388;Bref;0.1500;kg;4.95;33.00;;;02.05.2025;4.95;9000100753371;Sredstva za èi¹æenje
OSVJ.WC BREF PINE 3X50 g;202389;Bref;0.1500;kg;4.95;33.00;;;02.05.2025;4.95;9000100753340;Sredstva za èi¹æenje
ZUB.PAS.KALODONT JUNIOR 50 ml;202391;Kalodont;0.0500;L;1.19;23.80;;;02.05.2025;1.19;3850105143167;Kozmetika
LIKER UNDERBERG 0,02L;202456;Underberg;0.0200;L;1.99;99.50;;;02.05.2025;1.99;40341002;Piæa
TP ZEWA DEL.CAR.3SL.CE.AT.20/1;202512;Zewa;20.0000;kom;7.99;0.40;;;02.05.2025;7.99;7322540593204;Toaletne potrep¹tine
INS.KAVA JACOBS CRONAT G.150 g;202702;Jacobs;0.1500;kg;10.49;69.93;;;02.05.2025;8.99;8711000578094;Piæa
KREMA HANSAPLAST 2U1 75 ml;202723;Hansaplast;0.0750;L;7.45;99.33;;;02.05.2025;7.45;4005800021121;Kozmetika
SPR.ZA STOPALA HANSAPL.150 ml;202727;Hansaplast;0.1500;L;4.49;29.93;;;02.05.2025;4.49;4005800041938;Kozmetika
BOMBONI FLOPITO COLA 80 g;202728;Flopito;0.0800;kg;1.29;16.13;;;02.05.2025;1.29;7896321004376;Hrana
GEL ZA BRIJANJE MACH 3 200 ml;202740;Gillette;0.2000;L;3.99;19.95;;3.99;02.05.2025;3.79;7702018290994;Kozmetika
VL.MAR.BECUTAN KAMILICA 20/1;202784;Becutan;20.0000;kom;1.09;0.05;;;02.05.2025;1.09;5310001217648;Toaletne potrep¹tine
Lignja svje¾a 100/200 ;202817;;1.0000;kg;32.99;32.99;;;02.05.2025;32.99;93856024300820;Hrana
Krafna od marelice 65 g;202819;Bäckerei SPAR;0.0650;kg;0.53;8.15;;;02.05.2025;0.53;;Hrana
BRUSCHETTE MARETTI PIZZA 70 g;202826;Maretti;0.0700;kg;;11.29;0.79;0.95;02.05.2025;0.95;3800205871255;Hrana
ABSINTH.GREEN 0,7L;202848;Absente;0.7000;l;26.52;37.89;;;02.05.2025;26.52;8413425005611;Piæa
BOMB.GUMENI INSEKTI VIDAL 11 g;202876;Vidal;0.0110;kg;0.30;27.27;;;02.05.2025;0.30;8413178275156;Hrana
VRHNJE ZA ©LAG 35% Z BR.200 ml;202885;Vindija;0.2000;L;2.19;10.95;;;02.05.2025;2.19;3850108033816;Hrana
P.RUÈ.PALOMA MEGA TISKANI 2/1;202933;Paloma;2.0000;kom;3.18;1.59;;;02.05.2025;3.18;3838952018814;Proizvodi za kuæanstvo
BLAZINICE PRETTY BABY 60/1;202936;Pretty Baby;60.0000;kom;2.25;0.04;;;02.05.2025;2.25;3830053561725;Toaletne potrep¹tine
VINO GATO NEGRO MERLOT 0,75L;202940;;0.7500;l;4.54;6.05;;;02.05.2025;4.54;7804300120603;Piæa
Sir grana padano Ambrosi;202966;Ambrosi;1.0000;kg;25.99;25.99;;;02.05.2025;25.99;3859892115937;Hrana
ZOB.PAH.WURZENER SITNE 500 g;203028;Wurzener;0.5000;kg;1.79;3.58;;;02.05.2025;1.79;4013138008851;Hrana
DEO SPR.REXONA W INV.B&W150 ml;203096;Rexona;0.1500;L;4.79;31.93;;;02.05.2025;2.99;8712561319409;Kozmetika
ZAMJEN.MLIJEKO HIPP12+ 600 g;203152;Hipp;0.6000;kg;12.59;20.98;;;02.05.2025;12.59;4062300355446;Hrana
ZAMJENSKO MLIJEKO HIPP2 600 g;203153;Hipp;0.6000;kg;12.42;20.70;;;02.05.2025;12.42;4062300355422;Hrana
ZAMJENSKO MLIJEKO HIPP3 600 g;203154;Hipp;0.6000;kg;12.59;20.98;;;02.05.2025;12.59;4062300355439;Hrana
©AMPON EVELINE ÈIÈAK 150 ml;203161;Eveline;0.1500;L;3.89;25.93;;;02.05.2025;3.89;5907609344502;Kozmetika
WHISKEY JAMESON 1 L;203531;Jameson;1.0000;L;31.72;31.72;;;02.05.2025;31.72;5011007003227;Piæa
Salam.panon.s papr.;203613;Pik;1.0000;kg;19.99;19.99;;16.99;02.05.2025;22.99;3850139616972;Hrana
VINO PLAVAC EPIDAURUM 0,75 L;203675;;0.7500;l;5.79;7.72;;;02.05.2025;5.79;3859890164340;Piæa
VODA ZA USTA LISTERINE 250 ml;203696;Listerine;0.2500;l;4.99;19.96;;;02.05.2025;4.99;3574660415483;Kozmetika
VODA ZA USTA LISTERINE 500 ml;203697;Listerine;0.5000;l;7.29;14.58;;;02.05.2025;7.29;3574660415506;Kozmetika
Kruh mali bijeli domaæi 350 g;203702;SPAR;0.3500;kg;0.51;1.46;;;02.05.2025;0.51;;Hrana
NAMAZ SPAR VEGGIE HUMUS 210 g;203739;SPAR Veggie;0.2100;kg;2.29;10.90;;;02.05.2025;2.29;9100000747361;Hrana
BOMB.®ELE VEGGIE VOÆNI 200 g;203742;SPAR Veggie;0.2000;kg;1.49;7.45;;;02.05.2025;1.49;9100000743325;Hrana
BIJELA TARTUFATA ZIGANTE 80 g;203841;Zigante;0.0800;kg;11.29;141.13;;;02.05.2025;11.29;3858891982021;Hrana
BIJELA TARTUFATA ZIGANTE 180 g;203842;Zigante;0.1800;kg;24.68;137.11;;;02.05.2025;24.68;3858891982038;Hrana
BOMB.SKITTLES WILD BERRY 38 g;203857;Skittles;0.0380;kg;0.89;23.42;;;02.05.2025;0.89;4009900460187;Hrana
BOMB.SKITTLES FRUITS 38 g;203858;Skittles;0.0380;kg;0.89;23.42;;;02.05.2025;0.89;5000159376655;Hrana
BOMB.SKITTLES CRAZY SOURS 38 g;203859;Skittles;0.0380;kg;0.89;23.42;;;02.05.2025;0.89;5000159376792;Hrana
KEKS SENDVIÈ S BUDGET ÈO.500 g;203893;S-Budget;0.5000;kg;2.09;4.18;;;02.05.2025;2.09;9100000744940;Hrana
WASABI SAITAKU KONCENTRAT 43 g;203946;Saitaku;0.0430;kg;3.49;81.16;;;02.05.2025;4.49;5060194790113;Hrana
RI®A SAITAKU ZA SUSHI 500 g;203950;Saitaku;0.5000;kg;3.49;6.98;;;02.05.2025;5.29;5060194790069;Hrana
SUSHI SAITAKU ÐUMBIR 190 g;203952;Saitaku;0.1900;kg;3.99;21.00;;;02.05.2025;5.99;5060194790731;Hrana
SAITAKU MORSKE ALGE NORI 14 g;203963;Saitaku;0.0140;kg;2.59;185.00;;;02.05.2025;3.45;5060194790052;Hrana
SAITAKU RI®INO VINO 150 ml;203970;Saitaku;0.1500;l;3.99;26.60;;;02.05.2025;5.99;5060194790397;Hrana
SAITAKU BAMBUSOVI ©TAPIÆI 60 g;203974;Saitaku;0.0600;kg;1.89;31.50;;;02.05.2025;2.39;5060194790021;Hrana
SAITAKU RI®IN OCAT 150 ml;203976;Saitaku;0.1500;l;2.29;15.27;;;02.05.2025;3.39;5060194790014;Hrana
SAITAKU BAMBUSOVI ©TAPIÆI 65 g;203978;Saitaku;0.0570;kg;1.29;22.63;;;02.05.2025;1.79;5060194790878;Hrana
MARCIPAN MASA SPAR 200 g;204099;SPAR;0.2000;kg;2.99;14.95;;;02.05.2025;2.99;9100000739342;Hrana
VINO CHATEAU BOIS PERTU.0,75 L;204100;;0.7500;l;8.69;11.59;;;02.05.2025;8.69;3500610049354;Piæa
SENF DIJON MU©TARDA 210 g;204164;Maille;0.2100;kg;3.99;19.00;;;02.05.2025;3.99;3275920118051;Hrana
SENF DIJON ORIGINAL 210 g;204167;Maille;0.2100;kg;3.99;19.00;;;02.05.2025;3.99;3275920117733;Hrana
BOJA ZA KOLAÈE DR OETKER 10 g;204170;Dr. Oetker;0.0100;kg;1.79;179.00;;;02.05.2025;1.79;5907707059520;Hrana
BOJA ZA KOLAÈE DR OETKER 10 g;204173;Dr. Oetker;0.0100;kg;1.79;179.00;;;02.05.2025;1.79;5907707054679;Hrana
BOJA ZA KOLAÈE DR OETKER 10 g;204174;Dr. Oetker;0.0100;kg;1.79;179.00;;;02.05.2025;1.79;5907707054693;Hrana
BOJA ZA KOLAÈE DR OETKER 10 g;204175;Dr. Oetker;0.0100;kg;1.79;179.00;;;02.05.2025;1.79;5907707059544;Hrana
PRE.ZA TORTE SVIJETLI FIX 50 g;204180;Dr. Oetker;0.0500;kg;1.19;23.80;;;02.05.2025;1.19;5997381352130;Hrana
PRELJ.ZA TORTE FIX CRVENI 50 g;204181;Dr. Oetker;0.0500;kg;1.19;23.80;;;02.05.2025;1.19;5997381352147;Hrana
®ITARICE ENCIAN SPORTINA 375 g;204192;Encian;0.3750;kg;3.49;9.31;;;02.05.2025;3.49;5907731602068;Hrana
BOMBONI M&M CHOCO 200 g;204202;M&M's;0.2000;kg;4.49;22.45;;;02.05.2025;4.49;5900951141638;Hrana
BOMBONI M&M PEANUT 200 g;204203;M&M's;0.2000;kg;4.49;22.45;;;02.05.2025;4.49;5900951317910;Hrana
ÈOKOLADA NESTLE LION 42 g;204204;Lion;0.0420;kg;1.39;33.10;;;02.05.2025;1.39;7613287757029;Hrana
ZUB.PAS.KALODONT S.M.XXL125 ml;204327;Kalodont;0.1250;L;2.19;17.52;;;02.05.2025;2.19;3850105145161;Kozmetika
ZUB.PAS.KALODONT UL.XXL 125 ml;204328;Kalodont;0.1250;L;2.19;17.52;;;02.05.2025;2.19;3850105145536;Kozmetika
SKU©A DEL.FIL.BILJ.ULJE 125 g ;204454;Delamaris;0.0810;kg;3.39;41.85;;;02.05.2025;3.39;3838929567444;Hrana
SKU©A IZOLA BRAND POVRÆE 125 g;204459;Delamaris;0.0510;kg;2.79;54.71;;;02.05.2025;2.79;3838929567802;Hrana
SKU©A WEEKEND POVRÆE 125 g;204461;Delamaris;0.0500;kg;2.79;55.80;;;02.05.2025;2.79;3838929567727;Hrana
KREMA DNEVNA REVITALIFT 50 ml;204568;LOREAL;0.0500;L;19.99;399.80;;;02.05.2025;19.99;3600523550661;Kozmetika
ÈAJ AHMAD KAMILICA LIMUN 30 g;204645;Ahmad;0.0300;kg;2.65;88.33;;;02.05.2025;2.65;0054881000062;Piæa
ÈAJ AHMAD MENTA LIMUN 40 g;204646;Ahmad;0.0400;kg;2.65;66.25;;;02.05.2025;2.65;0054881000024;Piæa
ÈAJ AHMAD ©UMSKO VOÆE 40 g;204647;Ahmad;0.0400;kg;3.05;76.25;;;02.05.2025;3.05;0054881000055;Piæa
ÈAJ AHMAD ©IPAK I VI©NJA 40 g;204648;Ahmad;0.0400;kg;3.11;77.75;;;02.05.2025;3.11;0054881000031;Piæa
PUDING CHOCO LOCO 4X125 g;204665;Vindija;0.5000;kg;;3.38;1.69;1.85;02.05.2025;1.85;3850108040500;Hrana
CVIJET SOLI ADRIATIQ 250 g;204751;;0.2500;kg;13.99;55.96;;;02.05.2025;13.99;3859888595637;Hrana
CVIJET SOLI ADRIATIQ 125 g;204752;;0.1250;kg;8.39;67.12;;;02.05.2025;8.39;3859888595620;Hrana
SRE.FROSCH S OCTOM 300 ml ;204887;Frosch;0.3000;L;;8.63;2.59;3.25;02.05.2025;3.25;4001499966415;Sredstva za èi¹æenje
DET.FROSCH ZA SUÐE BABY 500 ml;204888;Frosch;0.5000;L;;4.90;2.45;3.09;02.05.2025;3.09;4009175942081;Sredstva za èi¹æenje
SRED.FROSCH LAVANDA 500 ml;204889;Frosch;0.5000;L;3.19;6.38;;;02.05.2025;3.19;9001531914935;Sredstva za èi¹æenje
Losos dim.norv.narez.;204892;;1.0000;kg;49.99;49.99;;;02.05.2025;49.99;4010871500161;Hrana
GEL ULJ.ZA TU©.JOJ.OIL 250 ml;204913;Afrodita;0.2500;L;2.95;11.80;;;02.05.2025;2.95;3831070650126;Kozmetika
©AM.LOOK EXPERT ZA MA.K.900 ml;204917;Hair Expert;0.9000;l;3.49;3.88;;;02.05.2025;3.49;5908241708097;Kozmetika
©AM.LOOK EXPERT PRO.B/S.900 ml;204918;Hair Expert;0.9000;l;3.49;3.88;;;02.05.2025;3.49;5908241707915;Kozmetika
BAL.ZA KOSU LOOK EXPERT 900 ml;204919;Hair Expert;0.9000;L;3.29;3.66;;;02.05.2025;3.29;5908241707908;Kozmetika
DEO SP.BOROTALCO S.WHI.150 ml;204922;Borotalco;0.1500;L;3.50;23.33;;;02.05.2025;3.50;8002410042214;Kozmetika
DEO SP.OLD SPICE WOLFTH.150 ml;204925;Old Spice;0.1500;L;;20.53;3.08;3.85;02.05.2025;3.85;4015600306595;Kozmetika
OSVJ.WC SPLENDID LAV.75 ml;205059;Splendid;0.0750;L;3.09;41.20;;;02.05.2025;3.15;3831115301471;Sredstva za èi¹æenje
OSVJ.WC SPLENDID MARINE 75 ml;205061;Splendid;0.0750;L;3.09;41.20;;;02.05.2025;3.09;3831115301488;Sredstva za èi¹æenje
PIVO KARLOVAÈKO 6X0,33 L LIM.;205117;Karlovacko;1.9800;l;5.87;2.96;;;02.05.2025;5.87;3850103902605;Piæa
ZAÈIN DUCROS CURCUMA 37 g;205183;Ducros;0.0370;kg;3.59;97.03;;;02.05.2025;3.59;3166296555338;Hrana
SIR SVJE®.ZAGREBA.MAXI 750 g;205459;Dukat;0.7500;kg;5.29;7.05;;;02.05.2025;5.29;3850355003679;Hrana
MAR.NAMAZ MARGARI 25%B.M.250 g;205463;Margarita;0.2500;kg;0.99;3.96;;;02.05.2025;0.99;3858883221077;Hrana
NAP.S BUDGET MINI MIGNO.3x70 g;205507;S-Budget;0.2100;kg;2.69;12.81;;;02.05.2025;2.69;9100000748801;Hrana
VAFLI S BUDGET S KREMO.10x25 g;205508;S-Budget;0.2500;kg;2.59;10.36;;;02.05.2025;2.59;9100000748788;Hrana
CROIS.DESPAR KAKAO 300 g;205550;Despar;0.3000;kg;1.98;6.60;;;02.05.2025;1.98;8001300803140;Hrana
SALVETE MINNIE 20/1,33x33cm;205553;Disney;20.0000;kom;3.31;0.17;;;02.05.2025;3.31;5201184938324;Proizvodi za kuæanstvo
®ITARICE LINO CRUNCH DUO 225 g;205565;Podravka;0.2250;kg;3.29;14.62;;;02.05.2025;3.29;3850104263149;Hrana
®ITARICE LINO CRUNCH 500 g;205566;Podravka;0.5000;kg;4.79;9.58;;;02.05.2025;4.79;3850104263521;Hrana
®ITARICE LINO CRUNCH DUO 500 g;205567;Podravka;0.5000;kg;4.79;9.58;;;02.05.2025;4.79;3850104263514;Hrana
T.PAP.VIOLETA B.S&S 3SL 10/1;205589;Violeta;10.0000;kom;;0.28;2.79;2.89;02.05.2025;2.89;3859892288600;Toaletne potrep¹tine
pecivo kajzerica 60 g;205595;;0.0600;kg;0.17;2.83;;;02.05.2025;0.17;;Hrana
PIVO PITT.MARZEN 5% LIM. 0,5 L;205632;Pittinger;0.5000;l;.89;1.78;;;02.05.2025;.88;9100000037776;Piæa
DEO STICK OLD SPICE WOLF.50 ml;205690;Old Spice;0.0500;L;;61.60;3.08;3.85;02.05.2025;3.85;8700216162173;Kozmetika
SIR MASCARPONE S BUDGET 500 g;205717;S-Budget;0.5000;kg;4.79;9.58;;;02.05.2025;4.79;9100000778976;Hrana
VODKA TAIGA 0,7 L 37,5%;205720;Weingut Schloss Fels;0.7000;l;8.32;11.89;;;02.05.2025;8.32;9100300159000;Piæa
D®EM DIDA BO®A EK.SMOKVA 700 g;205733;Dida Boza;0.7000;kg;5.69;8.13;;;02.05.2025;5.69;3859891515769;Hrana
D®EM DIDA BO®A EK.SMOKVA 700 g;205734;Dida Boza;0.7000;kg;5.69;8.13;;;02.05.2025;5.69;3859891515745;Hrana
MLIJ.NAP.KAVA S BUD.3,6%MM 1 L;205743;S-Budget;1.0000;L;1.69;1.69;;;02.05.2025;1.69;9100000742533;Piæa
SIR TOPLJENI S BUDGET 400 g;205765;S-Budget;0.4000;kg;4.49;11.23;;;02.05.2025;4.49;9100000864266;Hrana
SIR SVJE®I SPAR 20%MM 250 g;205767;SPAR;0.2500;kg;1.29;5.16;;;02.05.2025;1.29;9100000021553;Hrana
SIR SVJE®I SPAR 0%MM 250 g;205768;SPAR;0.2500;kg;1.29;5.16;;;02.05.2025;1.29;9100000021508;Hrana
SIR U LIST.TOAST S BUDG.250 g;205770;S-Budget;0.2500;kg;2.69;10.76;;;02.05.2025;2.69;9100000759395;Hrana
MASLAC SPAR 250 g;205771;SPAR;0.2500;kg;2.99;11.96;;;02.05.2025;2.99;9100000021102;Hrana
UKRASNI CVJETIÆI DR.OETKER 3 g;205866;Dr. Oetker;0.0030;kg;2.79;930.00;;;02.05.2025;2.79;5907707054839;Hrana
ÈAJ UROSAN DARVITALIS 50g;205876;Darvitalis;0.0500;kg;3.99;79.80;;;02.05.2025;3.99;3858890831573;Piæa
ÈAJ VITAVIT DARVITA. 50 g;205881;Darvitalis;0.0500;kg;3.99;79.80;;;02.05.2025;3.99;3859888245921;Piæa
ÈAJ PROBAVISAN DARVITALIS 50 g;205884;Darvitalis;0.0500;kg;3.99;79.80;;;02.05.2025;3.99;3858890831481;Piæa
HRANA ZA PSE SCOTTY GOV.415 g;205934;Scotty;0.4150;kg;0.99;2.39;;;02.05.2025;0.99;5999033896184;Proizvodi za kuæanstvo
HRANA ZA PSE SCOTTY PUR.415 g;205935;Scotty;0.4150;kg;0.99;2.39;;;02.05.2025;0.99;5999033896191;Proizvodi za kuæanstvo
HRANA ZA MAÈKE S-B GOVED.415 g;205954;S-Budget;0.4150;kg;0.79;1.90;;;02.05.2025;0.79;5999033897068;Proizvodi za kuæanstvo
HRANA ZA MAÈKE S-B RIBA 415 g;205955;S-Budget;0.4150;kg;0.79;1.90;;;02.05.2025;0.79;5999033897082;Proizvodi za kuæanstvo
HRANA ZA MAÈKE S-B PERAD 415 g;205957;S-Budget;0.4150;kg;0.79;1.90;;;02.05.2025;0.79;5999033897075;Proizvodi za kuæanstvo
HRANA ZA PSE S-B GOVED.1240 g;205959;S-Budget;1.2400;kg;1.59;1.28;;;02.05.2025;1.59;5999033897051;Proizvodi za kuæanstvo
HRANA ZA PSE S-B PERAD 1240 g;205960;S-Budget;1.2400;kg;1.59;1.28;;;02.05.2025;1.59;5999033897037;Proizvodi za kuæanstvo
HRANA ZA PSE S-B TELET.1240 g;205963;S-Budget;1.2400;kg;1.59;1.28;;;02.05.2025;1.59;5999033897044;Proizvodi za kuæanstvo
SOMERSBY JABUKA LIMENKA 0,5 L;205965;Somersby;0.5000;L;1.78;3.56;;;02.05.2025;1.78;3858887584055;Piæa
UM.ORIGINAL SWEET CHILLI 500 g;205969;Blue Dragon;0.5000;kg;;8.78;4.39;6.39;02.05.2025;6.39;5010338220730;Hrana
PRONTO VI©ENAMJENSKI 500 ml;205970;Pronto;0.5000;l;4.65;9.30;;;02.05.2025;4.65;5000204218398;Sredstva za èi¹æenje
UMAK KORMA PATAK´S 350 g;205973;Pataks;0.3500;kg;;11.40;3.99;5.79;02.05.2025;5.79;5011308303453;Hrana
©TAPIÆI PRIMA SLANI 40 g;206007;Prima;0.0400;kg;0.42;10.50;;;02.05.2025;0.42;8600939212257;Hrana
DEO SPR.GARNIER SPORT M.150 ml;206012;Garnier;0.1500;L;4.59;30.60;;;02.05.2025;4.59;3600541306912;Kozmetika
DEO ROLL ON SPORT M.50 ml;206013;Garnier;0.0500;L;4.59;91.80;;;02.05.2025;4.59;3600541254220;Kozmetika
UM.SALS.CHE.DIP LA FIEST.300 g;206053;Casa Fiesta;0.3000;kg;4.19;13.97;;;02.05.2025;4.19;5412514935177;Hrana
KEKS MILKA CHOCO MINIS 150 g;206082;Milka;0.1500;kg;2.59;17.27;;;02.05.2025;2.59;7622300441715;Hrana
MASLAC SPAR FREE FROM 250 g;206126;SPAR free from;0.2500;kg;2.99;11.96;;;02.05.2025;2.99;9100000773292;Hrana
JOGURT JAGODA DUKATOS 150 g;206171;Dukat;0.1500;kg;0.99;6.60;;;02.05.2025;0.99;3850354009788;Hrana
JOG.BADEM/PISTAC.DUKATOS 150 g;206172;Dukat;0.1500;kg;0.99;6.60;;;02.05.2025;0.99;3850354009764;Hrana
JUICE KIDS JABUKA 100% 0,2 L;206208;Juicy;0.2000;l;0.79;3.95;;;02.05.2025;0.85;3858890976571;Piæa
JUICE KIDS GUSTI 100% 0,2 L;206209;Juicy;0.2000;l;0.79;3.95;;;02.05.2025;0.85;3858890976663;Piæa
VINO COTE DU RHONE 0,75 L;206222;;0.7000;l;5.89;8.41;;;02.05.2025;5.89;3250670001716;Piæa
BALZAM NEUTROGENA 300 ml;206247;Neutrogena;0.3000;L;8.99;29.97;;;02.05.2025;8.99;3574660514643;Kozmetika
©TRUDLA OD SIRA S BUDGET 600 g;206252;S-Budget;0.6000;kg;2.99;4.98;;;02.05.2025;2.99;9100000734835;Hrana
©TRUDLA OD JABUKA SB 600 g;206253;S-Budget;0.6000;kg;2.99;4.98;;;02.05.2025;2.99;9100000734811;Hrana
TJ.KL.MARIÆ LAZANJ.IST.250 g;206259;Klara M;0.2500;kg;2.59;10.36;;;02.05.2025;2.59;3859888499942;Hrana
TJ.KL.MARIÆ LAZANJ.ISTAR.250 g;206261;Klara M;0.2500;kg;2.59;10.36;;;02.05.2025;2.59;3859888499867;Hrana
TJ.KL.MARIÆ REZANCI JUHA 250 g;206262;Klara M;0.2500;kg;2.59;10.36;;;02.05.2025;2.59;3859888499898;Hrana
TJ.KL.MARIÆ LAZANJ.©PARU.250 g;206263;Klara M;0.2500;kg;2.59;10.36;;;02.05.2025;2.59;3859888499881;Hrana
TJ.KL.MARIÆ LAZANJE ISTA.250 g;206264;Klara M;0.2500;kg;2.59;10.36;;;02.05.2025;2.59;3859888499843;Hrana
JOG.ACTIVIA PRIRODNI 4X125 g;206270;Danone;0.5000;kg;1.89;3.78;;;02.05.2025;1.89;5997536115177;Hrana
JUHA-KOC.KOKO©.S-BUDGET 110 g;206273;S-Budget;0.1100;kg;0.69;6.27;;;02.05.2025;0.69;3830046456793;Hrana
JUHA-KOCKA POVR.S-BUDGET 110 g;206276;S-Budget;0.1100;kg;0.69;6.27;;;02.05.2025;0.69;3830046456779;Hrana
JUHA-KOC.GOVEÐA S-BUDGET 110 g;206279;S-Budget;0.1100;kg;0.69;6.27;;;02.05.2025;0.69;3830046456786;Hrana
KREKER CROCO SIR 400 g;206322;Croco;0.4000;kg;3.09;7.73;;;02.05.2025;3.09;5941194000085;Hrana
SIRNI NAMAZ CLASSIC 70 g;206343;Z Bregov;0.0700;kg;0.79;11.29;;;02.05.2025;0.79;3850108059205;Hrana
MLI.POS.SUNÈ.AMBRE SOL.400 ml;206364;LOREAL;0.4000;L;12.99;32.48;;;02.05.2025;12.99;3600540305381;Kozmetika
PUREÆI ÆEVAPÈIÆI 532 g;206514;Vindon;0.5320;kg;5.79;10.88;;;02.05.2025;5.79;3850339419090;Hrana
ÈAJ AHMAD CRNI S VANIL. 40 g;206530;Ahmad;0.0400;kg;3.69;92.25;;;02.05.2025;3.69;0054881007115;Piæa
ÈAJ AHMAD DARJEELING 40 g;206532;Ahmad;0.0400;kg;3.69;92.25;;;02.05.2025;3.69;0054881005593;Piæa
TJESTENINA DESPAR CANELO.250 g;206622;Despar;0.2500;kg;2.12;8.48;;;02.05.2025;2.12;8001300415251;Hrana
TJES.LAZANJ.ZELE.DESPAR  500 g;206624;Despar;0.5000;kg;3.19;6.38;;;02.05.2025;3.19;8001300415268;Hrana
GIOTTO FERRERO 38,7 g;206659;Ferrero;0.0387;kg;1.69;43.67;;;02.05.2025;1.69;4008400121925;Hrana
PIVO HEINEKEN 0,4 L P.A.;206668;Heineken;0.4000;l;1.25;3.13;;;02.05.2025;1.25;5998818171249;Piæa
MAÈJA HRANA FRISK.PIL.1,5 kg;206774;Friskies;1.5000;kg;7.16;4.77;;;02.05.2025;7.16;7613033923586;Proizvodi za kuæanstvo
MAÈJA HRANA FRI.GOV.JET.1,5 kg;206775;Friskies;1.5000;kg;7.16;4.77;;;02.05.2025;7.16;7613033923005;Proizvodi za kuæanstvo
TABLETE RAID ZA EL.AP.10/1;206863;Raid;10.0000;kom;2.55;0.26;;;02.05.2025;2.55;5000204713442;Proizvodi za kuæanstvo
EL.APAR.RAID S TEKUÆ.21ml;206865;Raid;1.0000;kom;9.39;9.39;;;02.05.2025;8.99;5000204816778;Proizvodi za kuæanstvo
JOG.VOÆ.DESPAR LIMUN 2X125 g;206926;Despar;0.2500;kg;0.99;3.96;;;02.05.2025;1.06;8001300660095;Hrana
SIR EMMENTALER DESPAR 250 g;206930;Despar;0.2500;kg;3.49;13.96;;;02.05.2025;3.49;8001300683056;Hrana
Artièoka kom;206981;;1.0000;kom;1.29;1.29;;;02.05.2025;1.29;372;Hrana
SKU©A EVA FIL MAS.ULJE 115 g;207019;Eva;0.0810;kg;3.29;40.62;;;02.05.2025;3.29;3850104249907;Hrana
ÈOKOLADA TWIX  50 g;207133;Twix;0.0500;kg;1.09;21.80;;;02.05.2025;1.09;5900951313592;Hrana
ÈOKOLADA SNICKERS 50 g;207138;Snickers;0.0500;kg;1.09;21.80;;;02.05.2025;1.09;5900951311505;Hrana
Inæ.marin.sa paprièic.;207268;;1.0000;kg;37.90;37.90;;;02.05.2025;37.90;3859891895656;Hrana
Inæuni marinirani;207270;;1.0000;kg;37.90;37.90;;;02.05.2025;37.90;3859891895410;Hrana
UMAK HP BBQ ORIGINAL 465 g;207331;HP;0.4650;kg;3.99;8.58;;;02.05.2025;3.99;5000111047371;Hrana
TP ZEWA BRESKVA 3SL.CE.AT.20/1;207417;Zewa;20.0000;kom;7.99;0.40;;;02.05.2025;7.99;7322540556117;Toaletne potrep¹tine
AJVAR BAKINA TAJNA BLAGI 300 g;207433;Bakina Tajna;0.3000;kg;5.49;18.30;;;02.05.2025;5.49;8606102785030;Hrana
AJVAR BAKINA TAJNA LJUTI 300 g;207434;Bakina Tajna;0.3000;kg;5.49;18.30;;;02.05.2025;5.49;8606102785535;Hrana
RAJÈICA CAMPARI 400 g;207440;;0.4000;kg;2.79;6.98;;;02.05.2025;2.79;3859890369134;Hrana
MORTADELA S MASLIN.NAR.150 g;207527;Pik;0.1500;kg;2.69;17.93;;;02.05.2025;2.69;3850139171099;Hrana
KOB.VRBOVEÈKA NAREZAK 100 g;207535;Pik;0.1000;kg;2.85;28.50;;;02.05.2025;2.85;3850139010466;Hrana
©EÆER U KOCKI DESPAR 1 kg;207555;Despar;1.0000;kg;2.39;2.39;;;02.05.2025;2.38;8001300701125;Hrana
ULJE MASL.EX.DJE. NP BIO 0,5 L;207564;SPAR Natur*pur;0.5000;L;9.99;19.98;;;02.05.2025;9.99;9100000026633;Hrana
HRANA ZA MAÈKE S-BUDGET 2 kg;207577;S-Budget;2.0000;kg;4.09;2.05;;;02.05.2025;4.09;3831115301938;Proizvodi za kuæanstvo
HRANA ZA PSE SCOT.PER.POV.3 kg;207583;Scotty;3.0000;kg;5.99;2.00;;;02.05.2025;5.99;3831115302089;Proizvodi za kuæanstvo
HRANA ZA PSE S-BUD.PER.10 kg;207584;S-Budget;10.0000;kg;9.99;1.00;;;02.05.2025;8.99;3831115302669;Proizvodi za kuæanstvo
HRANA ZA PSE SCOTTY JANJ.10 kg;207585;Scotty;10.0000;kg;14.59;1.46;;;02.05.2025;14.59;3831115302072;Proizvodi za kuæanstvo
SIR SVJE®I POSNI NP BIO 250 g;207661;Spar Natur pur;0.2500;kg;1.59;6.36;;;02.05.2025;1.59;9100000021478;Hrana
MAJONEZA THOMY STAKLO  611 g;207682;Thomy;0.6110;kg;5.19;8.49;;;02.05.2025;5.19;8607100571137;Hrana
KEKS PLAZMA ORIGINAL 150 g;207736;Bambi;0.1500;kg;1.99;13.27;;;02.05.2025;1.99;8600043000016;Hrana
KEKS PLAZMA 300 g;207738;Plazma;0.3000;kg;2.99;9.97;;;02.05.2025;2.99;8600043000023;Hrana
VODA GAZIRANA CETINA 0,5 L;207748;Cetina;0.5000;l;.68;1.36;;;02.05.2025;.68;3859890129516;Piæa
ÈOKO.ZA KUH.DESSERT CHEF 300 g;207750;Kandit;0.3000;kg;3.99;13.30;;3.59;02.05.2025;3.59;3858881048997;Hrana
BOJA SYOSS OLEO SM.KAVA 4-18 ;207756;Syoss;1.0000;kom;6.79;6.79;;;02.05.2025;6.49;9000100815000;Kozmetika
BOJA SYOSS OLEO ZL.SME.4-60;207757;Syoss;1.0000;kom;6.79;6.79;;;02.05.2025;6.49;9000100814911;Kozmetika
BOJA SYOSS OLEO SL.SME 5-86 ;207758;Syoss;1.0000;kom;6.79;6.79;;;02.05.2025;6.49;9000100814829;Kozmetika
BOJA SYOSS OLEO 5-92 SVIJ.CRV.;207759;Syoss;1.0000;kom;6.79;6.79;;;02.05.2025;6.49;9000100814737;Kozmetika
BOJA SYOSS OLEO TAMNPL.6-10;207761;Syoss;1.0000;kom;6.79;6.79;;;02.05.2025;6.49;9000100814645;Kozmetika
BOJA SYOSS OLEO T.BAKR.6-76;207762;Syoss;1.0000;kom;6.79;6.79;;;02.05.2025;6.49;9000100814553;Kozmetika
BOJA SYOSS OLEO PR.PLAVA 7-10;207763;Syoss;1.0000;kom;6.79;6.79;;;02.05.2025;6.49;9000100814461;Kozmetika
BOJA SYOSS OLEO SV.PLA. 9-10 ;207764;Syoss;1.0000;kom;6.79;6.79;;;02.05.2025;6.49;9000100814379;Kozmetika
ULJE SUNCOKRET.S-BUDGET 2 L;207796;S-Budget;2.0000;L;2.95;1.48;;;02.05.2025;2.95;3856021219382;Hrana
ULJE SUNCOKRET.S-BUDGET 1 L;207797;S-BUDGET;1.0000;L;1.49;1.49;;;02.05.2025;1.49;3856021219368;Hrana
Kruh domaæi kalup 700 g;207802;Bäckerei SPAR;0.7000;kg;1.09;1.56;;0.99;02.05.2025;1.47;;Hrana
BOJA PALETTE DELUXE 760;207859;Palette;1.0000;kom;;4.99;4.99;5.99;02.05.2025;5.99;3838824256603;Kozmetika
REG.GLISS REP.EXPRESS 200 ml;207881;Gliss Kur;0.2000;L;5.59;27.95;;;02.05.2025;5.59;4015000941334;Kozmetika
DES.KINDER CHOCO FRESH 5X21 g;207936;Kinder;0.1050;kg;2.69;25.62;;;02.05.2025;2.69;8000500309469;Hrana
DES.ML.VINDIN.LJE©/ÈOK.4X60 g ;207937;Vindija;0.2400;kg;1.59;6.63;;;02.05.2025;1.75;3850108040609;Hrana
LOS.NAKON BRIJ.ORIGINAL 100 ml;207962;Nivea;0.1000;L;;55.90;5.59;7.49;02.05.2025;7.49;4005808753475;Kozmetika
SPU®VA ERGO MAX 1/1;208120;;1.0000;kom;1.29;1.29;;;02.05.2025;1.29;3858882684019;Proizvodi za kuæanstvo
SPU®VA ERGO MAX GOLD 1/1;208122;;1.0000;kom;1.59;1.59;;;02.05.2025;1.59;3858882684026;Proizvodi za kuæanstvo
PRA©AK ZA TEPIH VANISH 650 g;208128;Vanish;0.6500;kg;13.29;20.45;;;02.05.2025;13.29;5997321745343;Sredstva za èi¹æenje
SRED.PRONTO ALOE VERA 500 ml;208132;Pronto;0.5000;L;5.75;11.50;;;02.05.2025;5.75;5000204238242;Sredstva za èi¹æenje
PAP.RUÈNIK OLALA LIMUN 3SL 2/1;208148;Olala;2.0000;kom;3.95;1.98;;;02.05.2025;3.95;3859892232719;Proizvodi za kuæanstvo
ÈAJNI KOLUTIÆI TEA TIME 700 g;208268;Koestlin;0.7000;kg;3.79;5.41;;;02.05.2025;3.79;3856014111976;Hrana
MARS X-TRA PRUTIÆ 60 g;208272;Mars;0.0600;kg;1.89;31.50;;;02.05.2025;1.89;5000159460866;Hrana
SNICKERS X-TRA PRUTIÆ 66 g;208273;Snickers;0.0660;kg;1.89;28.64;;;02.05.2025;1.89;5000159460880;Hrana
©AMP.FRUCTIS GOODBYE 250 ml;208353;Garnier;0.2500;L;3.39;13.56;;;02.05.2025;3.39;3600541309081;Kozmetika
REG.FRUCTIS GOODBYE 200 ml;208355;Garnier;0.2000;L;3.29;16.45;;;02.05.2025;3.29;3600541309128;Kozmetika
ÈOKOLADA MILKY PLUS KANDI 90 g;208385;Kandit;0.0900;kg;1.59;17.67;;;02.05.2025;1.59;3858881047693;Hrana
KREKER TUC SIR 100 g;208394;TUC;0.1000;kg;0.99;9.90;;0.79;02.05.2025;0.79;5998711388928;Hrana
KREKER TUC PAPRIKA 100 g;208395;TUC;0.1000;kg;0.99;9.90;;0.79;02.05.2025;0.79;5410041435900;Hrana
KREKER TUC SLANINA 100 g;208396;TUC;0.1000;kg;0.99;9.90;;0.79;02.05.2025;0.79;7622300570293;Hrana
KREKER TUC ORIGINAL 100 g;208397;TUC;0.1000;kg;0.99;9.90;;0.79;02.05.2025;0.79;5410041435702;Hrana
NJOKI S-BUDGET 500 g;208440;S-Budget;0.5000;kg;1.49;2.98;;;02.05.2025;1.49;3858889116308;Hrana
NJOKI S-BUDGET SVJE®I 1000 g;208442;S-Budget;1.0000;kg;;2.19;2.19;2.79;02.05.2025;2.79;3858889116315;Hrana
TOAL.PAP.LOVELY KAMILICA 10/1;208468;Lovely;10.0000;kom;2.99;0.30;;;02.05.2025;2.99;9100000774718;Toaletne potrep¹tine
TOAL.PAP.LOVELY LILA 10/1;208470;Lovely;10.0000;kom;2.99;0.30;;;02.05.2025;2.99;9100000774732;Toaletne potrep¹tine
©AMP.ZA DJECU BECUTAN 400 ml;208476;Becutan;0.4000;L;4.99;12.48;;;02.05.2025;4.99;5310001223403;Kozmetika
©AM.I KUPKA 2U1 BECUTAN 400 ml;208478;Becutan;0.4000;L;4.89;12.23;;;02.05.2025;4.89;5310001223311;Kozmetika
©UNKA PIK DELIKATES 150 g;208552;Pik;0.1500;kg;2.89;19.27;;;02.05.2025;2.89;3850139171723;Hrana
CROISSANT OLZ S MASLACEM 250 g;208627;Ölz;0.2500;kg;4.39;17.56;;;02.05.2025;4.39;9005300004841;Hrana
D®EM VI©NJA PODRAVKA 20 g;208644;Podravka;0.0200;kg;0.29;14.50;;;02.05.2025;0.29;3850104264542;Hrana
D®EM MIJE©ANO VOÆE PODRAV.20 g;208646;Podravka;0.0200;kg;0.29;14.50;;;02.05.2025;0.29;3850104264405;Hrana
D®EM MARELICA PODRAVKA 20 g;208649;Podravka;0.0200;kg;0.29;14.50;;;02.05.2025;0.29;3850104264498;Hrana
KREMA ZA KOLAÈE VANILIJA 135 g;208669;Podravka;0.1350;kg;1.99;14.74;;;02.05.2025;1.99;3850104263637;Hrana
KREMA PUDING ÈOK.DOLCELA 150 g;208671;Podravka;0.1500;kg;1.99;13.27;;;02.05.2025;1.99;3850104263644;Hrana
KOL.MUFFINS LAVA DOLCELA 350 g;208672;Podravka;0.3500;kg;3.99;11.40;;;02.05.2025;3.99;3850104264108;Hrana
ÈOKOL.DOR TAMNA STEVIJA 80 g;208691;Dorina;0.0800;kg;2.99;37.38;;;02.05.2025;2.99;3850102128440;Hrana
ÈOK.DORINA MLIJ.STEVIJA 80 g;208695;Dorina;0.0800;kg;2.99;37.38;;;02.05.2025;2.99;3850102128433;Hrana
P©ENIÈNI GRIZ ZA BEBE 250 g;208700;Zlato Polje;0.2500;kg;0.99;3.96;;;02.05.2025;0.99;3838700075106;Hrana
INS.REZ.INDOMIE MI GOREN 5x80g;208704;Indomie;0.4000;kg;2.49;6.23;;;02.05.2025;2.65;5285000390589;Hrana
INST.JUHA INDOMIE POVRÆE 5x75g;208707;Indomie;0.3750;kg;2.49;6.64;;;02.05.2025;3.05;0089686170269;Hrana
INST.JUHA INDOMIE S.PILE.5x75g;208711;Indomie;0.3750;kg;2.09;5.57;;;02.05.2025;2.09;0089686170054;Hrana
INST.JUHA INDOMIE GOVED. 5x70g;208714;Indomie;0.3500;kg;2.09;5.97;;;02.05.2025;2.09;8606108584132;Hrana
INST.JUHA INDOMIE S.PILET.75 g;208719;Indomie;0.0750;kg;0.66;8.80;;;02.05.2025;0.66;0089686170047;Hrana
INST.JUHA INDOMIE POVRÆE 75 g;208720;Indomie;0.0750;kg;0.66;8.80;;;02.05.2025;0.66;0089686170313;Hrana
NAPITAK ALPRO BADEM 250 ml;208993;Alpro;0.2500;l;1.49;5.96;;;02.05.2025;1.49;5411188122586;Piæa
INST.JUHA INDOMIE GOVEDIN.70 g;209029;Indomie;0.0700;kg;0.66;9.43;;;02.05.2025;0.66;8606108584125;Hrana
SPIRALA ZA RIBANJE INOX 2+1 ;209228;;3.0000;kom;3.89;1.30;;;02.05.2025;3.89;4023103210370;Proizvodi za kuæanstvo
FIT BURGER VEGETERIANA 140 g;209388;Vegetariana;0.1400;kg;2.49;17.79;;;02.05.2025;2.49;3859892560171;Hrana
FIT HRENOVKE VEGETERIANA 160 g;209391;Vegetariana;0.1600;kg;3.49;21.81;;;02.05.2025;3.49;3859892560089;Hrana
NARE.BEZ MESA VEGETERIA.300 g;209401;Vegetariana;0.3000;kg;4.99;16.63;;;02.05.2025;4.99;3859892560034;Hrana
SIR KREM VIVIS 200 g;209545;Vivis;0.2000;kg;2.19;10.95;;;02.05.2025;2.19;3850108058482;Hrana
SIR KREM VIVIS 50 g;209547;Vivis;0.0500;kg;0.69;13.80;;;02.05.2025;0.69;3850108058468;Hrana
SIR KREM VIVIS 20 g;209548;Vivis;0.0200;kg;0.39;19.50;;;02.05.2025;0.39;3850108058444;Hrana
JAJA SPAR M RAZRED 10/1;209551;SPAR;10.0000;kom;2.99;0.30;;;02.05.2025;2.99;3858889116360;Hrana
DIVLJI LOSOS SPAR VITAL 250 g;209564;SPAR Vital;0.2500;kg;5.99;23.96;;;02.05.2025;5.99;9100000002798;Hrana
KIKIR.FRAN.NUT.SUH.SPICY 125 g;209594;Nutline;0.1250;kg;1.84;14.72;;;02.05.2025;1.49;3856021302299;Hrana
ÈOKOLADNE KAPLJICE SPAR 100 g;209615;SPAR;0.1000;kg;2.79;27.90;;;02.05.2025;2.79;9100000771076;Hrana
©TAP.PRIMA S KIKIRIKIJEM 230 g;209705;Prima;0.2300;kg;1.74;7.57;;;02.05.2025;1.74;8600939212448;Hrana
ÈOK.S-BUDGET LJE©NJAK 100 g;209766;S-Budget;0.1000;kg;0.99;9.90;;;02.05.2025;0.99;9100000082264;Hrana
KOKICE SPAR MASLAC 100 g;209770;SPAR;0.1000;kg;0.49;4.90;;;02.05.2025;0.49;9100000754727;Hrana
MAST NEVEN ENCIAN 100 ml;209775;Encian;0.1000;L;4.09;40.90;;;02.05.2025;4.09;3858890100143;Kozmetika
BALZAM KONJSKI OLIVAL 250 ml;209777;Olival;0.2500;L;3.35;13.40;;;02.05.2025;3.35;3859892751043;Kozmetika
VENOGEL OLIVAL 250 ml;209779;Olival;0.2500;L;3.35;13.40;;;02.05.2025;3.35;3859892751074;Kozmetika
GEL REUMO OLIVAL 250 ml;209783;Olival;0.2500;L;4.9;19.60;;;02.05.2025;4.9;3859892751067;Kozmetika
SPLENDID UNIV.SRED.NATURE 1 L;209784;Splendid;1.0000;L;1.79;1.79;;;02.05.2025;1.79;9100000947419;Sredstva za èi¹æenje
SPLENDID SRE.ZA ÈI© KUH.750 ml;209787;Splendid;0.7500;l;2.52;3.36;;;02.05.2025;2.52;9100000727141;Sredstva za èi¹æenje
KAVA LATT.MACCHIATO SB 250 ml ;209815;S-Budget;0.2500;L;1.09;4.36;;;02.05.2025;1.09;9100000760797;Piæa
BRA©.GLATKO T-550S-BUDGET 5 kg;209820;S-Budget;5.0000;kg;3.69;0.74;;;02.05.2025;3.69;3858889116469;Hrana
BRA©.O©TRO T-400 S-BUDGET 5 kg;209821;S-Budget;5.0000;kg;3.90;0.78;;;02.05.2025;3.90;3858889116476;Hrana
PREZERVATIV DUREX MUTUAL 3/1;209942;Durex;3.0000;kom;;1.70;5.09;6.39;02.05.2025;6.39;5052197017298;Toaletne potrep¹tine
PREZERVATIV DUREX CLASSIC 12/1;209943;Durex;12.0000;kom;;0.76;9.09;11.49;02.05.2025;11.49;5010232964624;Toaletne potrep¹tine
MAS.GEL DUREX YLANG 2U1 200 ml;209946;Durex;0.2000;L;;47.95;9.59;11.99;02.05.2025;11.99;5038483957387;Toaletne potrep¹tine
PREZERVATIV DUREX EX.SAFE 12/1;209947;Durex;12.0000;kom;;0.76;9.09;11.49;02.05.2025;11.49;5010232964600;Toaletne potrep¹tine
PREZERVATIV DUREX MUTUAL 10/1;209948;Durex;10.0000;kom;;1.34;13.39;16.79;02.05.2025;16.79;5052197017328;Toaletne potrep¹tine
PREZERVATIV DUREX FEEL 12/1;209949;Durex;12.0000;kom;;0.96;11.49;14.45;02.05.2025;14.45;5010232963016;Toaletne potrep¹tine
PILEÆA PRSA NAREZAK 100 g;209950;Perutnina;0.1000;kg;1.79;17.90;;;02.05.2025;1.79;3838977022155;Hrana
PRSA PILEÆA DIM.NAREZAK 100 g;209951;Perutnina;0.1000;kg;2.19;21.90;;;02.05.2025;2.19;3838977022162;Hrana
ODMA©ÈIVAÈ KH7 750 ml;209982;Rox;0.7500;L;4.45;5.93;;;02.05.2025;4.45;8420822115065;Sredstva za èi¹æenje
ODMA©ÈIVAÈ MEGLIO 750 ml;209984;Meglio;0.7500;l;3.71;4.95;;;02.05.2025;3.71;8003650026828;Sredstva za èi¹æenje
©EÆER KRISTAL S-BUDGET 1 kg;210014;S-Budget;1.0000;kg;0.99;0.99;;;02.05.2025;0.99;9100000018676;Hrana
®ELIRNI ©EÆER WIENER 1 kg;210018;Wiener;1.0000;kg;3.49;3.49;;;02.05.2025;3.44;9012501000190;Hrana
SIRUP YO BAZGA 0,7 L;210022;;0.7000;l;4.52;6.46;;;02.05.2025;4.52;9001400004835;Piæa
SMOOTHIE NAR/MANGO SPAR 250 g;210190;SPAR enjoy;0.2500;kg;1.39;5.56;;;02.05.2025;1.39;9100000758435;Piæa
SMOOTHIE VI©/BANANA SPAR 250 g;210191;SPAR enjoy;0.2500;kg;1.39;5.56;;;02.05.2025;1.39;9100000758459;Piæa
SMOOTHIE JAB/KRU©KA SPAR 250 g;210193;SPAR enjoy;0.2500;kg;1.39;5.56;;;02.05.2025;1.39;9100000758473;Piæa
SRED.AJAX STAKLO PINK 750 ml;210275;Ajax;0.7500;L;1.99;2.65;;;02.05.2025;1.99;8718951048669;Sredstva za èi¹æenje
ZUB.PAS.PARODONTAX FRESH 75 ml;210292;Parodontax;0.0750;L;5.99;79.87;;;02.05.2025;5.59;5054563215208;Kozmetika
BIO LIMUN NATUR PUR 500 g;210490;SPAR Natur*pur;0.5000;kg;1.29;2.58;;;02.05.2025;1.29;8032140114813;Hrana
BIO TIKVICE NATUR PUR 500 g;210496;SPAR Natur*pur;0.5000;kg;1.49;2.98;;;02.05.2025;1.49;8435320673221;Hrana
BIO LUK ®UTI NATUR PUR 1 kg;210499;SPAR Natur*pur;1.0000;kg;2.59;2.59;;;02.05.2025;2.59;3831115307152;Hrana
BIO MRKVA NATUR PUR 500 g;210500;SPAR Natur*pur;0.5000;kg;1.19;2.38;;;02.05.2025;1.29;9100000016207;Hrana
D®EMFIX SPAR 1:1 3X20 g;210526;SPAR;0.0600;kg;1.39;23.17;;;02.05.2025;1.39;9100000777498;Hrana
KUKURUZNI GRIZ S-BUDGET 1 kg;210536;S-Budget;1.0000;kg;0.99;0.99;;;02.05.2025;0.99;9100000040646;Hrana
KONC.RAJÈICE S-BUDGET 200 g;210537;S-Budget;0.2000;kg;1.19;5.95;;;02.05.2025;1.19;9100000900643;Hrana
MASLAC OD KIKIRIKI.SPAR 350 g;210543;SPAR;0.3500;kg;2.79;7.97;;;02.05.2025;2.79;8710671203939;Hrana
ZAÈIN TIMIJAN SPAR BOÈICA 20 g;210545;SPAR;0.0200;kg;1.39;69.50;;;02.05.2025;1.39;9100000979557;Hrana
ZAÈIN RU®MARIN SPAR 25 g;210546;SPAR;0.0250;kg;1.39;55.60;;;02.05.2025;1.39;9100000979533;Hrana
ZAÈIN BIJELI PAPAR SPAR 50 g;210548;SPAR;0.0500;kg;1.39;27.80;;;02.05.2025;1.39;9100000979519;Hrana
ZAÈIN CRNI PAPAR SPAR 50 g;210549;SPAR;0.0500;kg;1.39;27.80;;;02.05.2025;1.39;9100000979496;Hrana
ZAÈIN MA®URAN SPAR BOÈICA 10 g;210550;SPAR;0.0100;kg;1.39;139.00;;;02.05.2025;1.39;9100000979397;Hrana
ZAÈ.CRVE.SLATKA PAP.SPAR 50 g;210551;SPAR;0.0500;kg;1.39;27.80;;;02.05.2025;1.39;9100000979458;Hrana
ZAÈIN KIM SPAR BOÈICA  50 g;210552;SPAR;0.0500;kg;1.39;27.80;;;02.05.2025;1.39;9100000979373;Hrana
ZAÈIN CAYENNE PAPAR SPAR 30 g;210553;SPAR;0.0300;kg;1.39;46.33;;;02.05.2025;1.39;9100000979236;Hrana
ZAÈ.CRVE.PAPRI.LJUTA SPAR 50 g;210554;SPAR;0.0500;kg;1.32;26.40;;;02.05.2025;1.32;9100000741307;Hrana
ZAÈIN ORIGANO SPAR BOÈICA 12 g;210555;SPAR;0.0120;kg;1.39;115.83;;;02.05.2025;1.39;9100000979434;Hrana
ZAÈIN BIJELI LUK SPAR 70 g;210556;SPAR;0.0700;kg;1.39;19.86;;;02.05.2025;1.39;9100000979335;Hrana
ZAÈIN CURRY SPAR BOÈICA 45 g;210561;SPAR;0.0450;kg;1.39;30.89;;;02.05.2025;1.39;9100000979274;Hrana
ZAÈIN ©ARENI PAPAR SPAR 40 g;210563;SPAR;0.0400;kg;1.69;42.25;;;02.05.2025;1.69;9100000979212;Hrana
®IT.LINO PILLOWS TAMNO P.500 g;210593;Podravka;0.5000;kg;4.99;9.98;;;02.05.2025;4.99;3850104263538;Hrana
Pr¹ut ;210612;Pisinium;1.0000;kg;29.99;29.99;;;02.05.2025;29.99;3858884938080;Hrana
®ITNA KA©ICA ÈOKOL.PLUS 400 g;210613;Èokolino;0.4000;kg;4.99;12.48;;;02.05.2025;4.99;3850104263460;Hrana
®ITNA KA©ICA ÈOKOL.FIT 400  g;210614;Èokolino;0.4000;kg;4.99;12.48;;;02.05.2025;4.99;3850104263682;Hrana
FERRERO COLLECTION 172 g;210621;Ferrero;0.1720;kg;7.89;45.87;;;02.05.2025;7.89;8000500247150;Hrana
®VAKE ORBIT BUBBLEMINT 14 g;210624;Wrigley;0.0140;kg;.99;70.71;;;02.05.2025;.99;42247371;Hrana
Zamjena za slani sir Akadia;210631;Akadia;1.0000;kg;4.99;4.99;;;02.05.2025;4.99;5701638123509;Hrana
DENTASTIX PEDIGREE 270 g;210641;Pedigree;0.2700;kg;4.19;15.52;;;02.05.2025;3.35;5998749109113;Proizvodi za kuæanstvo
MARMEL.MACKAY´S NARANÈA 340 g;210642;Mackays;0.3400;kg;4.99;14.68;;;02.05.2025;4.99;0637793002500;Hrana
D®EM MACKAY´S ÐUMBIR 340 g;210643;Mackays;0.3400;kg;6.49;19.09;;;02.05.2025;6.49;0637793001039;Hrana
D®EM MACKAY´S NAR.LIMUN 340 g;210645;Mackays;0.3400;kg;4.99;14.68;;;02.05.2025;4.99;0637793000940;Hrana
BIO LISTOVI ©PINATA 300 g;210699;Spar Natur pur;0.3000;kg;1.99;6.63;;;02.05.2025;1.99;9100000066189;Hrana
BIO BABY MRKVA NATUR PUR 300 g;210703;Spar Natur pur;0.3000;kg;1.99;6.63;;;02.05.2025;1.99;9100000030852;Hrana
RI®IN PAPIR BLUE DRAGON 134 g;210758;Blue Dragon;0.1340;kg;;26.04;3.49;4.99;02.05.2025;4.99;5010338015817;Hrana
SUSHI ÐUMBIR BLUE DRAGON 145 g;210766;Blue Dragon;0.1450;kg;;27.52;3.99;5.79;02.05.2025;5.79;5010338302900;Hrana
OCAT JABUÈNI BIO ENCIAN 700 ml;210767;Encian;0.7000;L;4.99;7.13;;;02.05.2025;4.99;3858890100204;Hrana
ZUB.PAS.SENSODYNE COMPL.75 ml;210772;Sensodyne;0.0750;L;7.49;99.87;;;02.05.2025;5.59;5054563242877;Kozmetika
SOL PA©KA MORSKA SITNA 450 g;210798;;0.4500;kg;1.49;3.31;;;02.05.2025;1.45;3859888155831;Hrana
RI®OTO SCOTTI SA TARTUF.210 g;210810;Scotti;0.2100;kg;2.59;12.33;;;02.05.2025;3.19;8001860257131;Hrana
RI®OTO SCOTTI PLODO.MORA 210 g;210812;Scotti;0.2100;kg;2.59;12.33;;;02.05.2025;3.19;8001860257803;Hrana
RI®OTO SCOTTI GLJIVE 210 g;210813;Scotti;0.2100;kg;2.59;12.33;;;02.05.2025;3.19;8001860257827;Hrana
©unka prem.karlovaè.;210852;Ppk;1.0000;kg;11.49;11.49;;;02.05.2025;11.49;3858881610965;Hrana
HRANA ZA MAÈ.MOLLY JANJ.100 g;210867;Molly;0.1000;kg;0.59;5.90;;;02.05.2025;0.59;9100000098500;Proizvodi za kuæanstvo
HRANA ZA MAÈ.MOLLY GOV.100 g;210868;Molly;0.1000;kg;0.59;5.90;;;02.05.2025;0.59;9100000098456;Proizvodi za kuæanstvo
POSL.MAÈKE MOLLY PERAD 10X5 g;210880;Molly;0.0500;kg;1.69;33.80;;;02.05.2025;1.69;9100000768755;Proizvodi za kuæanstvo
HRANA ZA PSE SCOTTY PER.300 g;210883;Scotty;0.3000;kg;1.29;4.30;;;02.05.2025;1.29;9100000098005;Proizvodi za kuæanstvo
PLOÈICE SCOTTY SNACK 280 g;210893;Scotty;0.2800;kg;1.69;6.04;;;02.05.2025;1.69;9100000738659;Proizvodi za kuæanstvo
POSL.ZA PSE SCOTTY 2X100 g;210895;Scotty;0.2000;kg;1.59;7.95;;;02.05.2025;1.59;9100000768779;Proizvodi za kuæanstvo
Salama zimska;210903;Podravka;1.0000;kg;19.99;19.99;;;02.05.2025;19.99;3856020236694;Hrana
ÈOKOLADA MILKA OREO 100 g;210944;Milka;0.1000;kg;2.49;24.90;;;02.05.2025;2.49;7622210194046;Hrana
SALAMA KANT REZANA 100 g;210974;Sorger;0.1000;kg;2.89;28.90;;;02.05.2025;4.25;9002055104598;Hrana
KOBASICE SALANETTIS BLAGI 80 g;210978;Sorger;0.0800;kg;2.69;33.63;;;02.05.2025;3.58;9002055108817;Hrana
BIO HRENOVKE 240 g;211015;Natur pur;0.2400;kg;4.19;17.46;;;02.05.2025;4.19;9100200100942;Hrana
BIO OKRUGLI.ZA JUHU SPAR 175 g;211040;Spar Natur pur;0.1750;kg;1.99;11.37;;;02.05.2025;1.99;9100000044385;Hrana
MUS.PLOÈ.KOKOS BIO NP 6X25 g;211047;Spar Natur pur;0.1500;kg;1.32;8.80;;;02.05.2025;1.32;9100000746739;Hrana
BULGUR NATUR PUR 500 g;211048;Spar Natur pur;0.5000;kg;1.99;3.98;;;02.05.2025;1.99;9100000038162;Hrana
CAPPUCCINO NATUR PUR BIO 200 g;211054;Spar Natur pur;0.2000;kg;5.09;25.45;;;02.05.2025;5.09;9100000769202;Piæa
KETCHUP NATUR PUR 550 g;211056;Spar Natur pur;0.5500;kg;3.69;6.71;;;02.05.2025;3.69;9100000772004;Hrana
BRUSNICA NATUR PUR 400 g;211057;Spar Natur pur;0.4000;kg;3.29;8.23;;;02.05.2025;3.29;9100000736730;Hrana
CHILI LJUTI BIRDSEYE KOTA.24 g;211119;Kotanyi;0.0240;kg;3.99;166.25;;;02.05.2025;3.99;9001414700280;Hrana
LED.ÈAJ SPAR.BRESKVA 0,5 L;211195;SPAR;0.5000;l;.69;1.38;;;02.05.2025;.69;9100000779898;Piæa
MLIJEKO UHT MEGGLE 1,5%M.M 1 L;211234;Meggle;1.0000;L;1.79;1.79;;;02.05.2025;1.79;3870085010006;Hrana
MRV.ZA POSIPANJE ©ARENE 175 g;211280;SPAR;0.1750;kg;1.59;9.09;;;02.05.2025;1.59;9100000780771;Hrana
MRVICE ZA POSI.ÈOKOLADNE 175 g;211283;SPAR;0.1750;kg;2.79;15.94;;;02.05.2025;2.79;9100000780757;Hrana
ZAÈIN KIM S-BUDGET 140 g;211301;S-Budget;0.1400;kg;1.19;8.50;;;02.05.2025;1.06;9100000747804;Hrana
ZAÈ.PEÈENA PILETIN.S-BUD.210 g;211303;S-Budget;0.2100;kg;1.19;5.67;;;02.05.2025;1.06;9100000747880;Hrana
ZAÈ.SLATKA PAPRIKA S-BUD.140 g;211304;S-Budget;0.1400;kg;1.39;9.93;;;02.05.2025;1.39;9100000747866;Hrana
ZAÈ.©ARE.PAPAR S-BUD.ZRNO 70 g;211305;S-Budget;0.0700;kg;1.79;25.57;;;02.05.2025;1.79;9100000747781;Hrana
ZAÈ.CRNI PAP.S-BUD.ZRNO 100 g;211309;S-Budget;0.1000;kg;1.79;17.90;;;02.05.2025;1.79;9100000747842;Hrana
ZAÈ.CRN.PAPAR S-BUD.MLJE.100 g;211310;S-Budget;0.1000;kg;1.79;17.90;;;02.05.2025;1.79;9100000747828;Hrana
TJESTENINA SPAR SPAETZLE 200 g;211311;SPAR;0.2000;kg;1.39;6.95;;;02.05.2025;1.39;9100000777009;Hrana
PUREÆA PRSA  750 g;211339;AiA;0.7500;kg;6.99;9.32;;5.99;02.05.2025;7.99;8008110003067;Hrana
KVASAC DOLCELA SUHI 7 g;211342;Dolcela;0.0070;kg;0.55;78.57;;;02.05.2025;0.55;3850104266003;Hrana
KVASAC DOLCELA SUHI 450 g;211343;Dolcela;0.4500;kg;4.99;11.09;;;02.05.2025;4.99;3850104266027;Hrana
©AMP.RECEPT ZA MAS.KOSU 400 ml;211349;Recept;0.4000;L;4.69;11.73;;;02.05.2025;4.69;3838980522147;Kozmetika
©AMP.RECEPT PR.OPADANJA 400 ml;211350;Recept;0.4000;L;4.69;11.73;;;02.05.2025;4.69;3838980522130;Kozmetika
©AM.RECEPT INTE&BALANCE 400 ml;211351;Recept;0.4000;L;4.69;11.73;;;02.05.2025;4.69;3838980522109;Kozmetika
TP OLALA KAMILICA 3SL.10/1;211359;Olala;10.0000;kom;2.99;0.30;;;02.05.2025;2.99;3859892232801;Toaletne potrep¹tine
ÈOK.KINDER FERRERO 150 g;211379;Kinder;0.1500;kg;2.59;17.27;;;02.05.2025;2.59;8000500141601;Hrana
HRANA ZA PSE FRIS.ACT.2,4 kg;211381;Friskies;2.4000;kg;8.99;3.75;;;02.05.2025;8.99;7613034232229;Proizvodi za kuæanstvo
HRANA ZA PSE FRISK.BAL.2,4 kg;211383;Friskies;2.4000;kg;8.99;3.75;;;02.05.2025;8.99;7613034232168;Proizvodi za kuæanstvo
D®EM ©IPAK PODRAVKA 20 g;211574;Podravka;0.0200;kg;0.29;14.50;;;02.05.2025;0.29;3850104264443;Hrana
PUDING N.PUR VANIL.BURB.3X31 g;211643;Spar Natur pur;0.0930;kg;2.99;32.15;;;02.05.2025;2.99;9100000450698;Hrana
PUDING N.PUR ÈOKOLADA 3X50 g;211644;Spar Natur pur;0.1500;kg;2.99;19.93;;;02.05.2025;2.99;9100000450667;Hrana
©AMP.RECEPT PR.PERUTI I 400 ml;211660;Recept;0.4000;L;4.69;11.73;;;02.05.2025;4.69;3838980522123;Kozmetika
SIR MLADI MEKI KOZJI cca 400 g;211667;Gabriel;1.0000;kg;22.99;22.99;;;02.05.2025;22.99;3859892501211;Hrana
SIR KOZJI POLUTVRDI cca 400 g;211672;Gabriel;1.0000;kg;28.99;28.99;;;02.05.2025;28.99;3859892502911;Hrana
SIR KOZJI SLANI ZRELI 200 g;211676;;0.2000;kg;5.29;26.45;;;02.05.2025;5.29;3859892805067;Hrana
JUHA KOCKA NAT.PUR POVRT.66 g;211735;Spar Natur pur;0.0660;kg;1.49;22.58;;;02.05.2025;1.49;9100000050881;Hrana
PAP.RUÈ.VIOLETA XXL 2SL.2/1;211736;Violeta;2.0000;kom;;1.25;2.49;2.55;02.05.2025;2.55;3859892288624;Proizvodi za kuæanstvo
VL.MAR.BABY VIOLETA SENS.56/1;211737;Violeta;56.0000;kom;1.84;0.03;;;02.05.2025;1.84;3870128006690;Toaletne potrep¹tine
UMAK NAT.PUR ARRABBIATA 350 g;211740;Spar Natur pur;0.3500;kg;2.99;8.54;;;02.05.2025;2.99;9100000737416;Hrana
NAPITAK ALPRO ZOB 1 L;211741;Alpro;1.0000;L;3.79;3.79;;;02.05.2025;2.39;5411188115366;Piæa
TJES.OD RI®.BRA©N.GO-TAN 250 g;211744;;0.2500;kg;;11.96;2.99;4.99;02.05.2025;4.99;8710605092011;Hrana
UM.MAR.TORIYAKI GO-TAN 240 ml;211745;;0.2400;l;;9.54;2.29;4.79;02.05.2025;4.79;8710605027013;Hrana
UM.SLATKO-KISELI GO-TAN 240 ml;211748;;0.2400;L;;9.54;2.29;4.79;02.05.2025;4.79;8710605027006;Hrana
UMAK SOJA-SEZAM GO-TAN 240 ml;211749;;0.2400;L;;9.54;2.29;4.79;02.05.2025;4.79;8710605027020;Hrana
KOKOSOVO MLIJEKO GO TAN 250 ml;211751;;0.2500;L;;7.96;1.99;3.99;02.05.2025;3.99;8710605096170;Hrana
TJES.OD P©EN.BRA©.GO TAN 250 g;211758;;0.2500;kg;3.19;12.76;;;02.05.2025;3.99;8710605091984;Hrana
PASTA SAMBA.OELEK GO TAN 100 g;211759;;0.1000;kg;;17.90;1.79;3.49;02.05.2025;3.49;8710605010237;Hrana
TOAST INTEGRALNI KLARA 500 g;211814;Klara;0.5000;kg;2.45;4.90;;;02.05.2025;2.45;3856016900578;Hrana
LIZ.CHUPA CHUPS JAGODA 14 g;211849;Chupa Chups;0.0140;kg;0.89;63.57;;;02.05.2025;0.89;8410031920970;Hrana
ÈOK.LION WHITE 42 g;211864;Nestle;0.0420;kg;1.39;33.10;;;02.05.2025;1.39;7613031006267;Hrana
KAVA ILLY ESPR.MACINATO 250 g;211868;Illy;0.2500;kg;10.29;41.16;;;02.05.2025;10.29;8003753900469;Piæa
KAVA ILLY ESPRESSO MOKA 250 g;211883;Illy;0.2500;kg;9.99;39.96;;;02.05.2025;10.29;3859894245038;Piæa
BOJA PALETTE DELUXE 562;211893;Palette;1.0000;kom;;4.99;4.99;5.99;02.05.2025;5.99;9000100823555;Kozmetika
©unka Schwarzwald;211894;Hermann;1.0000;kg;20.99;20.99;;;02.05.2025;22.40;94003419702250;Hrana
KUPKA DOVE ALMOND CREAM 500 ml;211915;Dove;0.5000;L;5.49;10.98;;;02.05.2025;5.49;8711700927673;Kozmetika
INSTANT KAVA SPAR 2U1 140 g;211975;SPAR;0.1400;kg;1.69;12.07;;;02.05.2025;1.69;9100000756288;Piæa
INSTANT KAVA SPAR 3U1 180 g;211976;SPAR;0.1800;kg;1.69;9.39;;;02.05.2025;1.69;9100000756301;Piæa
KRASTAVCI S-BUDGET 6-9 2350 g;211979;S-Budget;1.2000;kg;5.79;4.83;;;02.05.2025;5.79;3858889116759;Hrana
FEFERONI S-BUDGET BLAGI 600 g;211980;S-Budget;0.2800;kg;3.09;11.04;;;02.05.2025;3.09;3858889116742;Hrana
ÈOK.DORINA SJECKANI LJE©N.80 g;212131;Dorina;0.0800;kg;1.89;23.63;;;02.05.2025;1.89;3850102501526;Hrana
BIO KIWI NATUR PUR 500 g;212188;SPAR Natur*pur;0.5000;kg;2.09;4.18;;;02.05.2025;2.09;3831115306957;Hrana
COCKTAIL TAIGA ICE 0,275 L;212190;Weingut Schloss Fels;0.2750;l;1.72;6.25;;;02.05.2025;1.72;9100000710402;Piæa
SR.ZA ODÈ.ODVODA SPLENDID 1 L;212308;Splendid;1.0000;L;1.98;1.98;;;02.05.2025;1.98;9100000986159;Sredstva za èi¹æenje
KREKERI FREE FROM SIR 80 g;212314;SPAR free from;0.0800;kg;2.09;26.13;;;02.05.2025;2.09;9100000773025;Hrana
KREKERI FF RU®.LUK MINI 125 g;212315;SPAR free from;0.1250;kg;2.39;19.12;;;02.05.2025;2.39;9100000773001;Hrana
©EÆ.S PRIR.ARO.LIM.KOTANY 50 g;212316;Kotanyi;0.0500;kg;1.09;21.80;;;02.05.2025;.92;9001414711804;Hrana
©EÆER S CIMETOM KOTANY 50 g;212317;Kotanyi;0.0500;kg;1.09;21.80;;;02.05.2025;.92;9001414211830;Hrana
©EÆ.S PRIR.ARO.NAR.KOTANY 50 g;212324;Kotanyi;0.0500;kg;1.09;21.80;;;02.05.2025;.92;9001414711811;Hrana
Sir meki u salamuri Salakis;212474;Dukat;1.0000;kg;7.35;7.35;;;02.05.2025;7.35;3850355006335;Hrana
BROKULA 500 g ;212511;;0.5000;kg;1.49;2.98;;;02.05.2025;1.49;8053904250097;Hrana
KREMA NEUTROGENA ZA RUKE 50ml;212691;Neutrogena;0.0500;L;4.49;89.80;;;02.05.2025;4.49;3574660066227;Kozmetika
KREMA NEUTROGENA ZA RUKE 50 ml;212692;Neutrogena;0.0500;L;4.49;89.80;;;02.05.2025;4.49;3574660258264;Kozmetika
KREKER CROCO SLANI 400 g;212723;Croco;0.4000;kg;3.09;7.73;;;02.05.2025;3.09;5941194000061;Hrana
MLIJEKO UHT 1% Z BREGOV 1 L;212820;Z Bregov;1.0000;L;1.49;1.49;;;02.05.2025;1.49;3850108020892;Hrana
ÈOKOLAD.TUTTI FRUTTI KAND.80 g;212821;Kandit;0.0800;kg;1.69;21.13;;;02.05.2025;1.69;3858881046610;Hrana
Sir Te¾aèki;212830;Sirana Gligora;1.0000;kg;18.99;18.99;;;02.05.2025;18.99;3859891864454;Hrana
VINO MERLOT VR.FESTIGIA 0,75 L;212837;;0.7500;l;13.3;17.73;;;02.05.2025;13.3;3858881191945;Piæa
VINO FRANK.ROSE ILOK 0,75 L;212842;;0.7500;l;7.19;9.59;;;02.05.2025;7.19;3859892149239;Piæa
VINO ILOK KAPISTRAN CRNI 1 L;212844;;1.0000;l;6.35;6.35;;;02.05.2025;6.35;3859892149253;Piæa
VINO LAGUNA TERRA ROSA 0,75 L;212847;;0.7500;l;9.52;12.69;;;02.05.2025;9.52;3858881194151;Piæa
DJEÈJI KEKS BEBIVITA 180 g;212907;Bebivita;0.1800;kg;2.39;13.28;;;02.05.2025;2.39;4018852033943;Hrana
ZAPEÈENI GRAH PREB.PODR.400 g;212911;Podravka;0.4000;kg;2.75;6.88;;;02.05.2025;2.75;3858886465997;Hrana
®ITAR.ÈOK.JAST.SPAR PREM.375 g;212966;Premium;0.3750;kg;4.39;11.71;;;02.05.2025;4.37;9100000740348;Hrana
BIO ÈE©NJAK NATUR PUR 250 g;213010;SPAR Natur*pur;0.2500;kg;2.69;10.76;;;02.05.2025;2.69;3831115308210;Hrana
KESTENI SPAR VITAL 250 g;213015;SPAR Vital;0.2500;kg;3.99;15.96;;;02.05.2025;3.99;9100000787145;Hrana
SENF ESTRAGON PODRAVKA  200 g;213029;;0.2000;kg;1.99;9.95;;;02.05.2025;1.99;3850104268069;Hrana
PJEN.DESERT MUNCHMALLOW 210 g;213089;Munchmallow;0.2100;kg;2.39;11.38;;;02.05.2025;1.79;8600114001980;Hrana
Èvarci Ravliæ;213097;Ravliæ;1.0000;kg;22.99;22.99;;;02.05.2025;22.99;3859892369576;Hrana
JOG.NP SPAR MALINA 3,6% 200 g;213107;Spar Natur pur;0.2000;kg;0.99;4.95;;;02.05.2025;0.99;9100000024554;Hrana
Pec.ciabatt. rust. s maslinama;213121;Bäckerei SPAR;1.0000;kg;3.58;3.58;;;02.05.2025;3.58;;Hrana
Pec.ciabatta rustica;213124;Bäckerei SPAR;1.0000;kg;2.91;2.91;;;02.05.2025;2.91;;Hrana
BJELILO DR.BECKMANN 2X40 g;213129;Dr. Beckmann;0.0800;kg;3.39;42.38;;;02.05.2025;3.39;4008455437217;Sredstva za èi¹æenje
D®EM DOORA ©IPAK 420 g;213136;Doora;0.4200;kg;3.19;7.60;;;02.05.2025;3.19;3858894540808;Hrana
D®EM DOORA MARELICA 420 g;213137;Doora;0.4200;kg;2.99;7.12;;;02.05.2025;2.99;3858894540945;Hrana
VINO SAROTTO BAROLO 0.75 L;213143;Exclusive bei SPAR;0.7500;l;16.68;22.24;;;02.05.2025;16.68;8028752000378;Piæa
DEKO.MIX ZVJEZDICE DR OET.10 g;213261;Dr. Oetker;0.0100;kg;0.69;69.00;;;02.05.2025;0.69;5907707057076;Hrana
DEK.SREB.PERL.SOFT DR OET.10 g;213263;Dr. Oetker;0.0100;kg;0.69;69.00;;;02.05.2025;0.69;5907707057373;Hrana
DEK.MIX PERL.SOFT DR OETK.10 g;213265;Dr. Oetker;0.0100;kg;0.69;69.00;;;02.05.2025;0.69;5907707055164;Hrana
ÈOKO.NEST.ZA KUH.NOIR 205 g   ;213498;Nestle;0.2050;kg;5.49;26.78;;;02.05.2025;4.49;7613035159860;Hrana
NAREAK S PAPRIK.VEGETER.300 g;213502;Vegetariana;0.3000;kg;5.29;17.63;;;02.05.2025;5.29;3859892560140;Hrana
VRH.ZA KAVU SPAR 10% 20X10 g;213529;SPAR;0.2000;kg;0.99;4.95;;;02.05.2025;0.99;9100000781471;Hrana
KIKIRIKI ZIGI TERIYAKI 70 g;213541;ZIGI;0.0700;kg;0.89;12.71;;;02.05.2025;0.89;3800200450431;Hrana
KIKIRIKI ZIGI ÈILI 70 g;213543;ZIGI;0.0700;kg;0.99;14.14;;;02.05.2025;0.99;3800200450448;Hrana
PROSSECCO MARTINI 0,75 L;213558;;0.7500;l;17.09;22.79;;;02.05.2025;17.02;8000570552505;Piæa
SIR RIBANI MEGGLE 40 g;213579;Meggle;0.0400;kg;0.79;19.75;;0.79;02.05.2025;1.59;3870085050026;Hrana
KREMA REVITALIFT NOÆ 50 ml;213600;LOREAL;0.0500;L;19.99;399.80;;;02.05.2025;19.99;3600523550708;Kozmetika
RAKIJA MIODULA GIFT BOX 0,5 L;213686;;0.5000;l;25.22;50.44;;;02.05.2025;25.22;5907522603069;Piæa
KEKS DOMAÆICA TAMNA 275 g;213693;Domaèica;0.2750;kg;3.19;11.60;;;02.05.2025;2.49;3850102501779;Hrana
KAVA LAVAZZA CREM&AROMA 1kg;213733;Lavazza;1.0000;kg;27.99;27.99;;;02.05.2025;27.99;8000070025400;Piæa
VINO JP CHENET MAGNUM 1,5 L;213814;;1.5000;L;10.79;7.19;;;02.05.2025;10.79;3263289993112;Piæa
CAPPUCCINO FRANCK IRISH 200 g;213840;Franck;0.2000;kg;3.29;16.45;;;02.05.2025;3.29;3858881085961;Piæa
ULJE BUÈINO ÈK MLINOVI  0,5 L;213841;Cakovecki Mlinovi;0.5000;L;11.99;23.98;;;02.05.2025;11.94;3858884170688;Hrana
MELEM MEN STICK 4,5g;213852;Melem;1.0000;kom;3.89;3.89;;;02.05.2025;3.79;3856007904134;Kozmetika
KA©ICA HIPP SPAGH.POVR.250 g;213920;Hipp;0.2500;kg;2.09;8.36;;;02.05.2025;2.08;4062300261846;Hrana
BIO PA©TETA 100 g;214013;Natur pur;0.1000;kg;1.59;15.90;;;02.05.2025;1.59;9100000003009;Hrana
VREÆE ZA SMEÆE HD 40L 20/1;214045;;20.0000;kom;1.34;0.07;;;02.05.2025;1.34;3859891367382;Proizvodi za kuæanstvo
VREÆE ZA SMEÆE LD 150L 10/1;214055;;10.0000;kom;3.19;0.32;;;02.05.2025;3.19;3859891367771;Proizvodi za kuæanstvo
PILEÆI ODRESCI OD FILEA 400 g;214164;Cekin;0.4000;kg;6.29;15.73;;;02.05.2025;6.29;3850159113383;Hrana
ULJE LANENO BIO ENCIAN 250 ml;214174;Encian;0.2500;L;4.19;16.76;;;02.05.2025;4.19;3858890100280;Hrana
BIO NARANÈA NATUR PUR 1 kg;214275;SPAR Natur*pur;1.0000;kg;1.89;1.89;;;02.05.2025;1.99;8032140102810;Hrana
SOL VITAL SMANJE.UDI.NAT.200 g;214327;SPAR Vital;0.2000;kg;1.79;8.95;;;02.05.2025;1.79;9100000779751;Hrana
LIKER BADEL PELINK.ORANGE 1 L;214406;;1.0000;l;16.02;16.02;;;02.05.2025;16.02;3850112110930;Piæa
KREMA ZA RUKE S LAVANDOM 75 ml;214476;Olival;0.0750;L;2.29;30.53;;;02.05.2025;2.29;3859892751197;Kozmetika
SIR S TARTUFIMA GLIGORA 125 g;214505;Sirana Gligora;0.1250;kg;6.29;50.32;;;02.05.2025;6.29;3858891770178;Hrana
Pr¹ut dalmatinski Vo¹tane;214620;Vostane;1.0000;kg;34.99;34.99;;;02.05.2025;34.99;3858889491948;Hrana
Orada LL 330-500 g;214703;;1.0000;kg;13.19;13.19;;;02.05.2025;13.19;3858890591545;Hrana
ULJE SUNCOKRETOVO TENA 1 L;214806;Tena;1.0000;L;;1.39;1.39;1.59;02.05.2025;1.59;3850171710010;Hrana
TUNA EVA KOMAD.BI.ULJE 160 g ;214936;Eva;0.1120;kg;2.29;20.45;;;02.05.2025;2.29;3850104267031;Hrana
BIO AVOKADO NP 300 g;215030;SPAR Natur*pur;0.3000;kg;2.89;9.63;;;02.05.2025;3.19;3831115308227;Hrana
Bio banana ;215120;SPAR Natur*pur;1.0000;kg;1.79;1.79;;;02.05.2025;1.79;3830036310906;Hrana
VINO PP ORAH. R.RIZLING 0,75 L;215151;;0.7500;l;5.52;7.36;;;02.05.2025;5.52;3859888114074;Piæa
KREKER TUC LUK 100 g;215186;TUC;0.1000;kg;0.99;9.90;;0.79;02.05.2025;0.79;5998711388935;Hrana
PHYSALIS kom;215210;;1.0000;kom;1.99;1.99;;;02.05.2025;1.99;3859891295074;Hrana
©unka pre¹ana delikates;215219;Dimmes;1.0000;kg;12.99;12.99;;12.99;02.05.2025;12.99;3859892362362;Hrana
KETCHUP DEVELEY 450 g;215232;Mc Donald's;0.4500;kg;4.19;9.31;;;02.05.2025;4.19;4006824991278;Hrana
VINO ZLATAN CUVEE  CRNI 0,75 L;215292;;0.7500;l;7.99;10.65;;;02.05.2025;7.99;3859888437302;Piæa
VINO ZLATAN BABIÆ  0,75 L;215293;;0.7500;l;9.02;12.03;;;02.05.2025;9.02;3859888437319;Piæa
VINO ZLATAN PLAVAC ©IB.0,75 L;215294;;0.7500;l;8.52;11.36;;;02.05.2025;8.52;3859888437357;Piæa
SIR MLADI OTOÈKI OVÈJI 200 g;215472;Pivka;0.2000;kg;3.59;17.95;;;02.05.2025;3.59;8006768000315;Hrana
MAHUNA ZELENA S-BUDGET 1 kg;215487;S-Budget;1.0000;kg;2.49;2.49;;;02.05.2025;2.49;3858889117008;Hrana
NJOKI S-BUDGET 1000 g;215488;S-Budget;1.0000;kg;2.79;2.79;;;02.05.2025;2.79;3858889117022;Hrana
CARSKA MJE©AV.S-BUDGET 1 kg;215489;S-Budget;1.0000;kg;2.79;2.79;;;02.05.2025;2.79;3858889116988;Hrana
HRENOVKE PILEÆE 200 g;215529;Gavrilovic;0.2000;kg;1.75;8.75;;;02.05.2025;1.75;3858881225930;Hrana
OBLATNE S-BUDGET 200 g;215581;S-Budget;0.2000;kg;0.69;3.45;;;02.05.2025;0.69;3858889117084;Hrana
PA©TETA GAVRILOVIÆ JETR.150 g;215601;Gavrilovic;0.1500;kg;2.54;16.93;;;02.05.2025;2.54;3858881226562;Hrana
PA©TETA GAVRILOVIÆ ÈAJNA 150 g;215603;Gavrilovic;0.1500;kg;2.54;16.93;;;02.05.2025;2.54;3858881226579;Hrana
FILET INÆUNA ARBA 160 g;215986;Klarom;0.1000;kg;9.49;94.90;;;02.05.2025;9.49;3859891895175;Hrana
FILET INÆUNA SLANI ARBA 75 g;215987;Klarom;0.0450;kg;4.49;99.78;;;02.05.2025;4.49;3859891895045;Hrana
INÆUNI MAR.U SUNC.ULJ.ARB.75 g;215988;Klarom;0.0450;kg;3.39;75.33;;;02.05.2025;3.39;3859891895069;Hrana
FILET INÆUNA ARBA 100 g;215989;Klarom;0.0550;kg;5.69;103.45;;;02.05.2025;5.69;3859891895564;Hrana
INÆUNI MAR.U SUN.ULJ.ARB.160 g;215990;Klarom;0.1000;kg;6.29;62.90;;;02.05.2025;6.29;3859891895106;Hrana
©UNKA SCHWARZWALD 100 g;216006;Hermann;0.1000;kg;2.19;21.90;;;02.05.2025;2.19;4003419002500;Hrana
ODREZAK PANI.RIBLJI LEDO 400 g;216066;Ledo;0.4000;kg;4.49;11.23;;;02.05.2025;4.49;3850116995724;Hrana
MASLAC MEGGLE PREMIUM 200 g;216146;Meggle;0.2000;kg;3.19;15.95;;;02.05.2025;3.19;4034900004925;Hrana
UNIVERZ.SMJESA SCHAR BG.500 g;216149;Schar;0.5000;kg;;4.18;2.09;2.89;02.05.2025;2.89;8008698010358;Hrana
BOMBONI ICE 250 g;216175;Evropa;0.2500;kg;1.99;7.96;;;02.05.2025;1.99;5310002460616;Hrana
SPU®VA GLITZI POWER INOX 2/1;216342;;2.0000;kom;5.29;2.65;;;02.05.2025;5.29;4023103172036;Proizvodi za kuæanstvo
DES.CREME BRULEE PREM.2x100 g;216351;SPAR PREMIUM;0.2000;kg;1.99;9.95;;;02.05.2025;1.99;9100000781099;Hrana
Sir Cheddar crv.cca.3 kg 50%mm;216353;;1.0000;kg;13.99;13.99;;;02.05.2025;14.19;5701638448954;Hrana
VINO DINGAÈ TRAMON.6B 0,75 L;216461;;0.7500;l;23.99;31.99;;;02.05.2025;23.99;3859892748159;Piæa
VINO MADIRAZZA PELJE©AC 0,75 L;216462;;0.7500;l;10.99;14.65;;;02.05.2025;10.99;3859889833240;Piæa
KAVA INSTANT GOLD S BUDG.200 g;216497;S-Budget;0.2000;kg;7.19;35.95;;;02.05.2025;7.19;3858889116438;Piæa
KAVA INSTANT GOLD S BUDG.100 g;216498;S-Budget;0.1000;kg;4.39;43.90;;;02.05.2025;4.39;3858889116681;Piæa
MLIJEKO ALPSKO UHT 1,5%M.M.1 L;216520;Alpsko;1.0000;L;1.59;1.59;;;02.05.2025;1.59;3838800024967;Hrana
NARANÈA S BUDGET 2 kg;216577;S-BUDGET;2.0000;kg;2.98;1.49;;;02.05.2025;2.68;8437022068152;Hrana
KVASAC SUHI S-BUDGET 6X7 g;216599;S-Budget;0.0420;kg;.79;18.81;;;02.05.2025;.79;3858889117206;Hrana
VERMOUTH VOLTOLINI BIANCO 1 L;216603;Exclusive bei SPAR;1.0000;l;5.38;5.38;;;02.05.2025;5.38;9100000778211;Piæa
NAPITAK ALPRO BADEM B©.1 L ;216605;Alpro;1.0000;L;3.79;3.79;;;02.05.2025;2.39;5411188112709;Piæa
NAPITAK ALPRO RI®A ORIGIN.1 L;216606;Alpro;1.0000;L;3.79;3.79;;;02.05.2025;2.39;5411188112549;Piæa
TIJES.ZA LAZANJE VOLTAN 250 g;216631;Voltan;0.2500;kg;1.59;6.36;;;02.05.2025;1.59;8006515005051;Hrana
TJEST.TAGLIATELLE VOLTAN 250 g;216632;Voltan;0.2500;kg;1.39;5.56;;;02.05.2025;1.39;8006515004061;Hrana
ÈAJ PODRAVKA LIM.-LIMETA 50 g;216655;Podravka;0.0500;kg;1.85;37.00;;;02.05.2025;2.05;3850104267062;Piæa
BIO PAPRIKA NATUR PUR 400 g;216707;SPAR Natur*pur;0.4000;kg;2.49;6.23;;;02.05.2025;2.59;8435320671036;Hrana
POSLAST.ZA MAÈKE VITAKRA.18 g;216733;Vitakraft;0.0180;kg;0.89;49.44;;;02.05.2025;0.89;4008239598967;Proizvodi za kuæanstvo
POSLAS.ZA MAÈKE VITA.MINI 18 g;216734;Vitakraft;0.0180;kg;.99;55.00;;;02.05.2025;1;4008239182005;Proizvodi za kuæanstvo
POSL.ZA PSE VITAK.PILET.80 g;216736;Vitakraft;0.0800;kg;3.49;43.63;;;02.05.2025;3.49;4008239585813;Proizvodi za kuæanstvo
POSLAS.ZA PSE VITAK.ZEC 80 g;216741;Vitakraft;0.0800;kg;3.49;43.63;;;02.05.2025;3.49;4008239585769;Proizvodi za kuæanstvo
ÈAJ AGRISTAR SLJEZOV 50 g;216768;Agristar;0.0500;kg;2.59;51.80;;;02.05.2025;2.59;3858886500216;Piæa
ÈOK. JAJE SPAR MYSTERY  20 g;216780;SPAR;0.0200;kg;0.99;49.50;;;02.05.2025;0.99;54083417;Hrana
©TAPIÆI SLANI SALTAS 45 g;216784;Saltas;0.0450;kg;0.45;10.00;;;02.05.2025;0.36;3856014112881;Hrana
KR.NIVEA Q10 ENER.DNEVNA 50 ml;216807;Nivea;0.0500;L;17.29;345.80;;;02.05.2025;17.29;9005800227320;Kozmetika
KEKS BREAK.MUESLI I MED 160 g;216812;Breakfast;0.1600;kg;1.49;9.31;;1.49;02.05.2025;1.75;3856014113574;Hrana
KEKS BREAK.MUESLI I ÈOKO 160 g;216814;Breakfast;0.1600;kg;1.49;9.31;;1.49;02.05.2025;1.75;3856014113543;Hrana
KEKS BREAK.MUESLI I VOÆE 160 g;216815;Breakfast;0.1600;kg;1.49;9.31;;1.49;02.05.2025;1.75;3856014113512;Hrana
JOG.FANTASIA ÈOK.KUGLICE 100 g;216819;Danone;0.1000;kg;0.99;9.90;;;02.05.2025;0.99;8595002100862;Hrana
ULO©.ALWAYS ULTRA DUO 12/1;216834;Always;12.0000;kom;2.99;0.25;;;02.05.2025;2.99;4015400612469;Toaletne potrep¹tine
PROSECCO EXTRA DRY 0.75 L;216838;Exclusive bei SPAR;0.7500;l;5.34;7.12;;;02.05.2025;5.34;8006870018307;Piæa
VINO PRIMITIVO SALENTO 0,75 L;216841;Exclusive bei SPAR;0.7500;l;5.34;7.12;;;02.05.2025;5.34;8006870010165;Piæa
VINO SYRAH TERRE SICILI.0,75 L;216843;Exclusive bei SPAR;0.7500;l;5.34;7.12;;;02.05.2025;5.34;8006870010240;Piæa
VINO COLLI BERICI CAB.0,75L;216845;Exclusive bei SPAR;0.7500;l;2.95;3.93;;;02.05.2025;2.95;8006870030743;Piæa
DEO SPRAY GARNIER ®.BWC 150 ml;216897;Garnier;0.1500;L;4.59;30.60;;;02.05.2025;4.59;3600541402287;Kozmetika
MICELAR. VODICA GARNIER 400 ml;216907;Garnier;0.4000;L;6.79;16.98;;;02.05.2025;6.79;3600541382619;Kozmetika
©TAPIÆI SPAR KRUMPIR 125 g;216936;SPAR;0.1250;kg;1.19;9.52;;;02.05.2025;1.19;9100000087238;Hrana
ÈOK.SPAR PREM.TAMNA 72% 100 g;216943;SPAR PREMIUM;0.1000;kg;2.49;24.90;;;02.05.2025;2.49;9100000745275;Hrana
©AMPON PALMOLIVE APPLE 350 ml;216944;Palmolive;0.3500;L;3.89;11.11;;;02.05.2025;3.89;8714789880488;Kozmetika
©AMPON PALMOLIVE PROTIV 350 ml;216964;Palmolive;0.3500;L;3.89;11.11;;;02.05.2025;3.89;8718951576919;Kozmetika
KRUH FREE FROM-MIX  500 g;216967;SPAR free from;0.5000;kg;3.79;7.58;;;02.05.2025;3.79;9100000131719;Hrana
PR©UT ANDRO NAREZAK 100 g;217061;Andro;0.1000;kg;3.44;34.40;;;02.05.2025;3.44;3859892331412;Hrana
PATRONA ZA GRIJAÈ ÈUPKO 100 ml;217087;Cupko;0.1000;L;2.78;27.80;;;02.05.2025;2.78;3859888495548;Kozmetika
KREKER SPAR SLANI 100 g;217130;SPAR;0.1000;kg;0.69;6.90;;;02.05.2025;0.69;8710671205179;Hrana
MASLAC OD KIKIRIKI.SPAR 350 g;217234;SPAR;0.3500;kg;2.79;7.97;;;02.05.2025;2.79;8710671203953;Hrana
KELJ PUPÈAR 350 g;217240;;0.3500;kg;1.69;4.83;;;02.05.2025;1.99;4251856351174;Hrana
SIR SVJE®I FREE FROM 250 g;217241;SPAR free from;0.2500;kg;1.29;5.16;;;02.05.2025;1.29;9100000768250;Hrana
SIR MOZZARELLA FREE FROM 125 g;217245;SPAR free from;0.1250;kg;1.79;14.32;;;02.05.2025;1.79;9100000782973;Hrana
SOLNA KISELINA 18% 1 L;217248;Iskra;1.0000;L;2.12;2.12;;;02.05.2025;2.12;3850145271028;Sredstva za èi¹æenje
SREDSTVO DOMINOL PLASTIK 1 L;217249;Dominol;1.0000;L;7.70;7.70;;;02.05.2025;7.70;3850145462006;Sredstva za èi¹æenje
SPR.ZA NAMJE©TAJ DESPAR 300 ml;217262;Despar;0.3000;L;1.99;6.63;;;02.05.2025;1.99;8001300898092;Sredstva za èi¹æenje
UMAK BESCIAMELLA DESPAR 200 ml;217281;Despar;0.2000;L;0.99;4.95;;;02.05.2025;0.99;8001300632238;Hrana
KAVA FRANCK 100% ARABICA 250 g;217316;Franck;0.2500;kg;7.19;28.76;;;02.05.2025;7.19;3858881087224;Piæa
PJENA GILLETTE SENS.200+100 ml;217338;Gillette;0.3000;L;;6.63;1.99;2.09;02.05.2025;1.99;7702018617234;Kozmetika
KAKAO SUCHARD BENSDORP 500 g;217368;Bensdorp;0.5000;kg;9.99;19.98;;;02.05.2025;9.99;4002309015279;Hrana
KAKAO SUCHARD BENSDORP 125 g;217369;Bensdorp;0.1250;kg;3.59;28.72;;;02.05.2025;3.59;4002309015217;Hrana
Pec.s buèin.ko¹t.120 g;217407;Klara;0.1200;kg;0.79;6.58;;;02.05.2025;0.79;3858881322158;Hrana
ROLL ON GARNIER FRE.FLOR.50 ml;217413;Garnier;0.0500;L;4.59;91.80;;;02.05.2025;4.59;3600542119948;Kozmetika
©TAPIÆI SLANI SALTAS 220 g;217449;Saltas;0.2200;kg;1.75;7.95;;;02.05.2025;1.34;3856014112850;Hrana
ÈOKOL.FREE FROM JAGODA 100 g;217458;SPAR free from;0.1000;kg;3.79;37.90;;;02.05.2025;3.79;9100000734699;Hrana
PREPELIÈJA JAJA 12/1;217459;;12.0000;kom;2.29;0.19;;;02.05.2025;2.29;3857500009104;Hrana
ÈOKOL.FREE FROM LJE©NJAK 100 g;217460;SPAR free from;0.1000;kg;3.79;37.90;;;02.05.2025;3.79;9100000734675;Hrana
ÈOKOL.FREE FROM MLIJEÈNA 100 g;217461;SPAR free from;0.1000;kg;3.99;39.90;;;02.05.2025;3.99;9100000734651;Hrana
DEO SP.GARNIER FRE.FLOR.150 ml;217471;Garnier;0.1500;L;4.59;30.60;;;02.05.2025;4.59;3600542119825;Kozmetika
POSLASTICA ZA PSE FRISK.42 g;217479;Friskies;0.0420;kg;0.79;18.81;;;02.05.2025;0.79;4000487223349;Proizvodi za kuæanstvo
©AMP.SCHAUMA MEN SPORT 400 ml;217483;Schauma;0.4000;L;2.99;7.48;;2.79;02.05.2025;2.79;9000100860246;Kozmetika
©AM.SCHAUMA FRESH IT UP 400 ml;217492;Schauma;0.4000;L;2.99;7.48;;2.79;02.05.2025;2.79;3838824293813;Kozmetika
GEL TAFT POWER INVISIB.150 ml;217495;Taft;0.1500;L;4.39;29.27;;4.39;02.05.2025;4.39;9000100876452;Kozmetika
Juneæa leða bez kosti;217501;;1.0000;kg;18.19;18.19;;;02.05.2025;18.19;3859893068621;Hrana
PIV.VELEBITSKO S.0,5 L BOC.P.A;217537;Velebitsko;0.5000;L;1.55;3.10;;;02.05.2025;1.55;3859889094023;Piæa
PIV.VELEBITSKO T.0,5 L BOC.P.A;217539;Velebitsko;0.5000;L;1.55;3.10;;;02.05.2025;1.55;3859889094047;Piæa
MIN.VODA ROEMERQUELLE 1,5 L;217634;Römerquelle;1.5000;l;.98;0.65;;;02.05.2025;.98;9031100003128;Piæa
TERIYAKI UMAK YAMASA 300 ml;217704;;0.3000;L;;19.97;5.99;8.59;02.05.2025;8.59;4903001028058;Hrana
JAPAN.SOJA UMAK YAMASA 150 ml;217706;;0.1500;L;;26.60;3.99;6.19;02.05.2025;6.19;4903001011128;Hrana
MEKSIÈKI UMAK OD RAJÈICE 315 g;217709;;0.2150;kg;3.09;14.37;;;02.05.2025;3.09;5412514999933;Hrana
JAPAN.SOJA UMAK YAMASA 500 ml;217710;;0.5000;L;;6.38;3.19;5.04;02.05.2025;5.04;4903001017724;Hrana
JAPAN.SOJA UMAK YAMASA 150 ml;217711;;0.1500;L;;20.60;3.09;4.51;02.05.2025;4.51;4903001017106;Hrana
VINJAK NAPOLEON DE FRAN. 0,7 L;217712;;0.7000;l;7.22;10.31;;;02.05.2025;7.22;3263280110792;Piæa
PJENU©. BLANC FOUSSY ICE0,75 L;217713;;0.7500;L;5.92;7.89;;;02.05.2025;5.92;3500610084676;Piæa
MIJE©ANI NAMAZ ALPINESSE 250 g;217751;Meggle;0.2500;kg;3.99;15.96;;;02.05.2025;3.99;4034900008190;Hrana
MIJE©.NAM.SLANI ALPINESS.250 g;217752;Meggle;0.2500;kg;3.99;15.96;;;02.05.2025;3.99;4034900008206;Hrana
UM.TERIYAKI BLUE DRAGON 120 g;217762;;0.1200;kg;;12.42;1.49;2.19;02.05.2025;2.19;5010338200077;Hrana
APERITIV ESTIVO 0,7 L;217792;Exclusive bei SPAR;0.7000;l;6.02;8.60;;;02.05.2025;6.02;9100000698984;Piæa
Bio Brancin 300-600g;217918;;1.0000;kg;11.49;11.49;;;02.05.2025;11.49;3859892725761;Hrana
ÈOKOLADA DORINA MLIJEÈNA 250 g;217927;Dorina;0.2500;kg;3.49;13.96;;3.49;02.05.2025;4.49;3850102502189;Hrana
ÈOKOLADA DORINA NOISETTE 220 g;217928;Dorina;0.2200;kg;3.49;15.86;;3.49;02.05.2025;4.49;3850102501984;Hrana
©AMP.PALMOLIVE SVI TIP.350 ml;217980;Palmolive;0.3500;L;3.89;11.11;;;02.05.2025;3.89;8718951577008;Kozmetika
©AMP.PALMOLIVE CITRUS 350 ml;217981;Palmolive;0.3500;L;3.89;11.11;;;02.05.2025;3.89;8714789880464;Kozmetika
KAJMAK PRESIDENT 250 g;218005;President;0.2500;kg;3.99;15.96;;;02.05.2025;3.99;8606002110895;Hrana
SIRNI NAMAZ NATUR FF 150 g;218041;SPAR free from;0.1500;kg;1.49;9.93;;;02.05.2025;1.49;9100000783031;Hrana
SIRNI NAMAZ ZAÈ.BILJE FF 150 g;218054;SPAR free from;0.1500;kg;1.49;9.93;;;02.05.2025;1.49;9100000783055;Hrana
©AMPON PALMOLIVE SHINE 350 ml;218079;Palmolive;0.3500;L;3.89;11.11;;;02.05.2025;3.89;8718951576971;Kozmetika
©AMP.PALMOLIVE OLIVE 350 ml;218080;Palmolive;0.3500;L;3.89;11.11;;;02.05.2025;3.89;8718951577039;Kozmetika
TORTA SACHER S-BUDGET 500 g;218100;S-Budget;0.5000;kg;6.99;13.98;;;02.05.2025;6.99;9100000803067;Hrana
SIR D®IUGAS SNACK 100 g;218138;D¾iugas;0.1000;kg;2.19;21.90;;;02.05.2025;2.19;4770299390576;Hrana
ÈETK.ZUB.SOFT MULTICARE 3/1;218144;Sensodyne;2.0000;kom;7.99;4.00;;;02.05.2025;6.39;5054563030993;Kozmetika
TEMELJAC PODRAV.KOKO©JI 112 g;218155;;0.1120;kg;2.59;23.13;;;02.05.2025;2.59;3850104266669;Hrana
TEMELJAC PODRAVKA GOVEÐI 112 g;218156;;0.1120;kg;2.59;23.13;;;02.05.2025;2.59;3850104266676;Hrana
TEMELJAC PODRAV.POVRTNI 112 g;218158;;0.1120;kg;2.59;23.13;;;02.05.2025;2.59;3850104266652;Hrana
PAPAR ©ARENI ©AFRAM 40 g;218160;;0.0400;kg;3.49;87.25;;;02.05.2025;3.44;3859892109110;Hrana
CIMET MLJEVENI ©AFRAM 50 g;218163;;0.0500;kg;1.59;31.80;;;02.05.2025;1.59;3859892109141;Hrana
TUCANA PAPRIKA ©AFRAM 35 g;218168;;0.0350;kg;1.59;45.43;;;02.05.2025;1.59;3859892109233;Hrana
ZAÈIN CURRY ©AFRAM 40 g;218171;;0.0400;kg;1.72;43.00;;;02.05.2025;1.72;3859892109189;Hrana
ÈE©NJAK U GRANUL.©AFRAM 70 g;218174;;0.0700;kg;2.65;37.86;;;02.05.2025;2.65;3859892109257;Hrana
KURKUMA ©AFRAM 50 g;218175;;0.0500;kg;1.79;35.80;;;02.05.2025;1.72;3859892109196;Hrana
KARLOVAÈKO PIVO 0,0% PA.0,5 L;218375;Karlovacko;0.5000;L;1.25;2.50;;;02.05.2025;1.25;3850103901196;Piæa
DEO SPR.OLD SPICE BEARG.150ml;218382;Old Spice;0.1500;L;;20.53;3.08;3.85;02.05.2025;3.85;4015600860332;Kozmetika
DEO STICK OLD SPICE BEAR.50 ml;218397;Old Spice;0.0500;L;;61.60;3.08;3.85;02.05.2025;3.85;8700216884662;Kozmetika
BRIT.WILKINSON SENS.3 3+1;218453;Wilkinson;3.0000;kom;4.39;1.46;;4.39;02.05.2025;5.39;4027800710409;Kozmetika
BRIT.WILKINSON BEAUTY 3+1;218454;Wilkinson;3.0000;kom;5.19;1.73;;;02.05.2025;5.19;4027800318308;Kozmetika
PR©UT REZANI DALMATIKO 80 g;218466;Vostane;0.0800;kg;2.99;37.38;;;02.05.2025;2.99;3858889493331;Hrana
BIO RAJÈICA CHERRY NP 250 g;218487;SPAR Natur*pur;0.2500;kg;1.19;4.76;;1.04;02.05.2025;1.39;8435320662065;Hrana
BIO RAJÈICA NATUR PUR 500 g;218489;SPAR Natur*pur;0.5000;kg;1.99;3.98;;;02.05.2025;2.29;8435320664052;Hrana
NAMAZ SIR.EMMENTALER RUP.175 g;218573;Rupp;0.1750;kg;2.49;14.23;;;02.05.2025;2.49;90133572;Hrana
NAMAZ SIR.GOUDA RUPP 175 g;218577;Rupp;0.1750;kg;2.49;14.23;;;02.05.2025;2.49;90133602;Hrana
MOZZARELLA LIGHT VITAL 125 g;218585;Despar;0.1250;kg;1.49;11.92;;;02.05.2025;1.49;9100000719849;Hrana
BLAZINICE LOLA 120/1;218651;Lola;120.0000;kom;2.69;0.02;;;02.05.2025;2.69;3858881101036;Toaletne potrep¹tine
GEL ZA BRIJANJE SPAR 200 ml;218686;SPAR;0.2000;L;2.49;12.45;;;02.05.2025;2.52;8710671204691;Kozmetika
CRNILO SIPE 2x4 g;218699;;0.0080;kg;0.89;111.25;;;02.05.2025;0.89;8424596260013;Hrana
OSV.BREF B.AKTIV EUCALYP.50 g;218700;Bref;0.0500;kg;3.69;73.80;;;02.05.2025;3.69;9000100889315;Sredstva za èi¹æenje
PJENA ZA BRIJANJE SPAR 250 ml;218703;SPAR;0.2500;L;1.85;7.40;;;02.05.2025;1.85;8710671200457;Kozmetika
GULA© JUHA S-BUDGET 400 g;218716;S-Budget;0.4000;kg;2.19;5.48;;;02.05.2025;2.19;9100000050157;Hrana
GEL ALOE VERA OLIVAL  250 ml;218748;Olival;0.2500;L;4.90;19.60;;;02.05.2025;4.90;3859892751319;Kozmetika
GEL VRA®.KAND®A OLIVAL 250 ml;218750;Olival;0.2500;L;3.35;13.40;;;02.05.2025;3.35;3859892751296;Kozmetika
RAJÈICA HARMONY 500 g;218786;;0.5000;kg;2.79;5.58;;;02.05.2025;2.79;3859890369059;Hrana
PA©TETA ARGETA ÈAJNA 95 g;218833;Argeta;0.0950;kg;1.39;14.63;;;02.05.2025;1.39;3838471024365;Hrana
©TAPIÆI SALTAS KIKIRIKI 40 g;218837;Saltas;0.0400;kg;0.52;13.00;;;02.05.2025;0.44;3856014114359;Hrana
BOMBONI M&M PEANUT 90 g;218851;M&M's;0.0900;kg;2.19;24.33;;;02.05.2025;2.19;5900951247897;Hrana
BOMBONI M&M CHOCO 90 g;218853;M&M's;0.0900;kg;2.19;24.33;;;02.05.2025;2.19;5900951247972;Hrana
LIKER DANA BOROVNIÈEVEC 0,7L;218952;;0.7000;l;9.02;12.89;;;02.05.2025;9.02;3830000160155;Piæa
GAZIRANO PIÆE SPAR COLA 0,5 L;219008;SPAR;0.5000;l;.95;1.90;;;02.05.2025;.92;9100000118253;Piæa
GAZ.PIÆE SPAR ORANGE 0,5 L;219010;SPAR;0.5000;l;.88;1.76;;;02.05.2025;.88;9100000117751;Piæa
GAZIRANO PIÆE SPAR LEMON 0,5 L;219013;SPAR;0.5000;l;.69;1.38;;;02.05.2025;.88;9100000117706;Piæa
FARBA PALETTE ICC TAM.ÈOK.W2;219035;Palette;1.0000;kom;;3.49;3.49;4.25;02.05.2025;4.25;9000100883085;Kozmetika
BOJA PALETTE ICC TAMNPL.N5;219036;Palette;1.0000;kom;;3.49;3.49;4.25;02.05.2025;4.25;3838824159577;Kozmetika
©AMP.PALMOLIVE BEAUTY 350 ml;219042;Palmolive;0.3500;L;3.89;11.11;;;02.05.2025;3.89;8714789880525;Kozmetika
SRE.ZA UKL.KAMENCA KH 7 750 ml;219045;KH 7;0.7500;L;4.95;6.60;;;02.05.2025;4.95;8420822116543;Sredstva za èi¹æenje
ODSTRANJ.MRLJA KH-7 750 ml;219047;KH 7;0.7500;L;5.45;7.27;;;02.05.2025;5.45;8420822115799;Sredstva za èi¹æenje
BIO JABUKA NATUR PUR 700 g;219079;SPAR Natur*pur;0.7000;kg;1.89;2.70;;;02.05.2025;1.89;3858889118685;Hrana
PIVO PAN RADLER LIMUN 2L;219099;Pan;2.0000;l;3.72;1.86;;;02.05.2025;3.72;3858887581726;Piæa
MAJONEZA ÈILI ZVIJEZDA 400 g;219276;Zvijezda;0.4000;kg;4.49;11.23;;;02.05.2025;4.49;3856015307873;Hrana
BOJA ZA KOSU SYOSS OLEO 6-80;219324;Syoss;1.0000;kom;6.79;6.79;;;02.05.2025;6.49;9000100840897;Kozmetika
®IT.NESTLE ÈOKO.LOPTICE 625 g;219347;Nestle;0.6250;kg;6.29;10.06;;;02.05.2025;6.29;5900020021311;Hrana
JOGURT NATUR DUKATOS 450 g;219539;Dukat;0.4500;kg;2.59;5.76;;;02.05.2025;2.59;3850354010784;Hrana
PIVO BLACK RADLER 0,5 L LIM;219546;Osjecko;0.5000;l;1.52;3.04;;;02.05.2025;1.52;3858895010010;Piæa
ODSTRANJ.MRLJA VANISH 200 ml;219547;Vanish;0.2000;L;7.99;39.95;;;02.05.2025;7.99;5997321745633;Sredstva za èi¹æenje
BOJA ZA KOSU PALETTE PNC 765;219564;Palette;1.0000;kom;;3.29;3.29;3.89;02.05.2025;3.89;9000100886383;Kozmetika
PATRONE WILKINSON QUA.SEN.4/1;219565;Wilkinson;4.0000;kom;9.79;2.45;;9.79;02.05.2025;13.99;4027800509805;Kozmetika
BRIJAÈ WILKINSON QUAT.+1PATRO.;219566;Quattro;1.0000;kom;5.49;5.49;;5.45;02.05.2025;7.79;4027800205707;Kozmetika
BRITVICE WILKINSON EXT.3 1/1;219567;Wilkinson;1.0000;kom;0.99;0.99;;0.97;02.05.2025;1.39;4027800704224;Kozmetika
VREÆICA PEZ LICENCE 85 g;219584;Pez;0.0850;kg;3.69;43.41;;;02.05.2025;3.69;9044400822320;Hrana
BOMBONI BEBETO SPAGHETTI 80 g;219587;Bebeto;0.0800;kg;0.99;12.38;;;02.05.2025;0.99;8690146679615;Hrana
JOG. GRÈ.TIP NATUR VILIK.150 g;219627;Z Bregov;0.1500;kg;0.99;6.60;;;02.05.2025;0.99;3850108030242;Hrana
OSVJ.PROSTORA DESPAR 300 ml;219631;Despar;0.3000;L;1.69;5.63;;;02.05.2025;1.69;8001300911463;Sredstva za èi¹æenje
CROISSANT 7 DAY´S KAKAO 240g;219679;7 Day's;0.2400;kg;3.99;16.63;;;02.05.2025;3.99;7622202049385;Hrana
SLAD.MINI QUATTR.CHOCOM.900 ml;219745;Ledo;0.9000;l;4.99;5.54;;;02.05.2025;4.99;3850116036298;Hrana
ULJE BUÈINO EKO HLADNIÆ 250 ml;219777;Hladniæ;0.2500;L;8.49;33.96;;;02.05.2025;8.49;3859888867031;Hrana
ULJE BUÈINO SALAT.HLADN.250 ml;219778;Hladniæ;0.2500;L;2.99;11.96;;;02.05.2025;2.99;3859888867154;Hrana
ULJE BUÈINO HLADNIÆ 500 ml;219779;Hladniæ;0.5000;L;10.99;21.98;;;02.05.2025;10.99;3859888867055;Hrana
KINDER BUENO MINI 108 g;219781;Kinder;0.1080;kg;3.39;31.39;;;02.05.2025;3.39;8000500180709;Hrana
INS.KAVA JACOBS CRE.GOLD 200 g;219783;Jacobs;0.2000;kg;14.99;74.95;;;02.05.2025;12.99;8711000521106;Piæa
INS.KAVA JACOBS CRE.GOLD 100 g;219784;Jacobs;0.1000;kg;8.89;88.90;;;02.05.2025;7.69;8711000521137;Piæa
VL.MAR.VIOLETA BADEM 5X56/1;219794;Violeta;280.0000;kom;6.95;0.02;;;02.05.2025;6.95;3870128009462;Toaletne potrep¹tine
KREMA ZA DEPILAC.DESPAR 150 ml;219895;Despar;0.1500;L;2.12;14.13;;;02.05.2025;2.12;8001300900634;Kozmetika
KLOPKA RAID ZA MRAVE 1/1;219912;Raid;1.0000;kom;4.19;4.19;;;02.05.2025;4.19;5000204746013;Proizvodi za kuæanstvo
SIR MOZZA.MINI DI BUFALA 120 g;219947;SPAR PREMIUM;0.1200;kg;2.59;21.58;;;02.05.2025;2.59;9100000835600;Hrana
BRILJANTIN SUBRINA 150 ml;219981;Subrina;0.1500;L;3.69;24.60;;;02.05.2025;3.69;3838980606175;Kozmetika
Kruh meðim.domaæi 400 g;220003;Bäckerei SPAR;0.4000;kg;;2.48;0.99;1.19;02.05.2025;1.19;;Hrana
KRUH PROTEINSKI 250 g;220084;Encian;0.2500;kg;3.30;13.20;;;02.05.2025;3.30;4000446011376;Hrana
VINO KOLARIÆ SILVANAC ZEL.1 L;220136;;1.0000;l;4.99;4.99;;;02.05.2025;4.99;3859889817189;Piæa
RAJÈICA PASIRANA MUTTI 400 g;220179;;0.4000;kg;1.99;4.98;;;02.05.2025;1.99;8005110630408;Hrana
RAFFAELLO PIATTA 260 g;220182;Rafaello;0.2600;kg;6.19;23.81;;;02.05.2025;6.19;4008400180724;Hrana
ÈOKOL.KINDER BUENO WHITE 117 g;220183;Kinder;0.1170;kg;3.19;27.26;;;02.05.2025;3.19;8000500121436;Hrana
JOGURT GRÈKI TIP GALOS 150 g;220184;Euro Milk;0.1500;kg;0.79;5.27;;;02.05.2025;0.69;3859889770132;Hrana
LINO BABY KEKS 140 g;220195;Lino;0.1400;kg;1.79;12.79;;;02.05.2025;1.79;3850104269219;Hrana
NAPITAK ALPRO LJE©NJAK 1 L;220196;Alpro;1.0000;L;;2.59;2.59;3.99;02.05.2025;3.99;5411188110842;Piæa
NAPITAK ALPRO KOKOS 1 L;220199;Alpro;1.0000;L;3.79;3.79;;;02.05.2025;2.39;5411188116592;Piæa
PA©TETA OD TUNE AQ 95 g;220224;Adriatic Queen;0.0950;kg;2.39;25.16;;;02.05.2025;2.39;3850160208016;Hrana
HRANA ZA PSE PED.JUN.4X100 g;220231;Pedigree;0.4000;kg;2.99;7.48;;;02.05.2025;2.99;5900951319617;Proizvodi za kuæanstvo
KAVA BARCAFFE SELECTION 200 g;220353;Barcaffe;0.2000;kg;6.09;30.45;;;02.05.2025;6.09;3838471021104;Piæa
JOG.CRN.RIBI/CIM.DUKATOS 150 g;220469;Dukat;0.1500;kg;0.99;6.60;;;02.05.2025;0.99;3850354010920;Hrana
JOGURT NARAN/CIM DUKATOS 150 g;220472;Dukat;0.1500;kg;0.99;6.60;;;02.05.2025;0.99;3850354010883;Hrana
MOZZARELLINE DESPAR 125 g;220503;Despar;0.1250;kg;1.69;13.52;;;02.05.2025;1.69;9100000735238;Hrana
KREMA AGE SPECIALIST +45 50 ml;220523;LOREAL;0.0500;L;9.39;187.80;;;02.05.2025;9.39;3600522550129;Kozmetika
KREMA AGE SPECIALIST +55 50 ml;220524;LOREAL;0.0500;L;9.39;187.80;;;02.05.2025;9.39;3600522550204;Kozmetika
PA©TETA LUBIN KOMARÈA AQ 95 g;220525;Adriatic Queen;0.0950;kg;2.14;22.53;;;02.05.2025;2.14;3850160207019;Hrana
LAK ZA KOSU SYOSS 300 ml;220714;Syoss;0.3000;L;;15.30;4.59;4.95;02.05.2025;4.95;9000100854733;Kozmetika
GRO®ÐE BIJELO 500 g;220716;;0.5000;kg;1.49;2.98;;1.49;02.05.2025;2.39;8717906000257;Hrana
TIRAMISU DESPAR 2X90 g ;220744;Despar;0.1800;kg;1.99;11.06;;;02.05.2025;1.99;9100000690919;Hrana
PAPRIKA S-BUDGET REZANA 670 g;220771;S-Budget;0.3500;kg;2.49;7.11;;;02.05.2025;2.49;3858889118173;Hrana
EN.NAP.MONSTER ENERGY 0,5 L;220786;Monster;0.5000;l;1.95;3.90;;;02.05.2025;1.95;5060166695279;Piæa
MARAM.VLA®NE BECUTAN 4X72;220885;Becutan;288.0000;kom;6.79;0.02;;;02.05.2025;6.79;5310001224103;Toaletne potrep¹tine
TJES.MARODI REZANCI USKI 400 g;220958;;0.4000;kg;2.91;7.28;;;02.05.2025;2.91;3859888666016;Hrana
TJES.MARODI REZAN.©IROKI 400 g;220960;;0.4000;kg;2.59;6.48;;;02.05.2025;2.59;3859888666023;Hrana
TJ.MAR.REZ.USKI PREMIUM 400 g;220964;;0.4000;kg;2.59;6.48;;;02.05.2025;2.59;3859888666009;Hrana
TJES.MAROD.REZANCI VALOV.400 g;220968;;0.4000;kg;2.59;6.48;;;02.05.2025;2.59;3859888666221;Hrana
TJES.MAROD.KRPICE VELIKE 400 g;220974;;0.4000;kg;2.91;7.28;;;02.05.2025;2.91;3859888666283;Hrana
TJE.MARODI RIBANA KA©ICA 400 g;220977;;0.4000;kg;2.91;7.28;;;02.05.2025;2.91;3859888666092;Hrana
TJES.MARODI USKI REZANCI 400 g;220979;;0.4000;kg;2.99;7.48;;;02.05.2025;2.99;3859888666214;Hrana
TJE.MARODI RIBANA KA©ICA 400 g;220980;;0.4000;kg;2.99;7.48;;;02.05.2025;2.99;3859888666238;Hrana
VINO BELJE CAB.SAUV.0,75 L;221006;;0.7500;l;8.29;11.05;;;02.05.2025;8.29;3850257020484;Piæa
VINO BELJE MERLOT 1 L;221007;;1.0000;l;7.05;7.05;;;02.05.2025;7.05;3850257020309;Piæa
®IT.NESTLE FITNESS CHOCO.375 g;221032;Nestle;0.3750;kg;;10.64;3.99;4.69;02.05.2025;4.69;7613034608598;Hrana
®IT.NESTLE FITNESS FRUIT.375 g;221033;Nestle;0.3750;kg;;10.64;3.99;4.69;02.05.2025;4.69;7613034608628;Hrana
PA©T.ÈAJNA U OVITKU 100 g;221048;Gavrilovic;0.1000;kg;1.09;10.90;;;02.05.2025;1.09;3858890203172;Hrana
KOBASICA TIROLSKA NAREZ. 125 g;221052;Gavrilovic;0.1250;kg;1.95;15.60;;;02.05.2025;1.95;3858890203219;Hrana
©UNKA PUR.STANCIJA NAREZ.100 g;221053;Gavrilovic;0.1000;kg;1.99;19.90;;;02.05.2025;1.99;3858890203295;Hrana
©UNKA U OVITKU NAREZAK 100 g;221056;Gavrilovic;0.1000;kg;2.09;20.90;;;02.05.2025;2.09;3858890203110;Hrana
TRAKE LJEPLJIVE S BUDGET 1/1;221087;S-Budget;1.0000;kom;2.65;2.65;;;02.05.2025;2.65;9100000799711;Proizvodi za kuæanstvo
TRAKE SKLOPIVE S BUDGET 1/1;221088;S-Budget;1.0000;kom;2.49;2.49;;;02.05.2025;2.52;9100000799698;Proizvodi za kuæanstvo
MLIJ.DESERT NES.KEKS 4X100 g;221245;Nestle;0.4000;kg;3.19;7.98;;;02.05.2025;3.19;7613034515643;Hrana
ÈAJ PODRAVKA UROSAL 30 g;221252;Podravka;0.0300;kg;1.26;42.00;;;02.05.2025;1.26;3850104268007;Piæa
©TAPIÆI SALTAS KIKIRIKI 160 g ;221255;Saltas;0.1600;kg;1.59;9.94;;;02.05.2025;1.34;3856014114205;Hrana
KOMPOT DESPAR MARELICA 410 g;221291;Despar;0.2350;kg;2.29;9.74;;;02.05.2025;2.29;8001300291008;Hrana
KOMPOT DESPAR ANANAS KOL.565 g;221294;Despar;0.3400;kg;2.99;8.79;;;02.05.2025;2.99;8001300291022;Hrana
LEÆA PODRAVKA 400 g;221346;Podravka;0.2400;kg;1.79;7.46;;;02.05.2025;1.79;3850104272356;Hrana
SLANUTAK PODRAVKA LIM. 400 g;221347;Podravka;0.2400;kg;1.49;6.21;;;02.05.2025;1.49;3850104272349;Hrana
PUCKETAV PRAH KIDS PUC PUC 5 g;221348;Cedevita;0.0050;kg;0.39;78.00;;;02.05.2025;0.39;3850322009444;Hrana
PUCKETAV PRAH KIDS PUC PUC 5 g;221349;Cedevita;0.0050;kg;0.39;78.00;;;02.05.2025;0.39;3850322009468;Hrana
BOMBONI ©UMI FRU FRU 74 g;221501;Sumi;0.0740;kg;1.69;22.84;;;02.05.2025;1.69;3838700040548;Hrana
BRESKVA 500 g;221550;;0.5000;kg;2.29;4.58;;;02.05.2025;1.29;8437010013089;Hrana
VINO KOLARIÆ GRA©EVINA 0,75 L;221625;;0.7500;l;7.79;10.39;;;02.05.2025;7.79;3859889817141;Piæa
FLIPS TIP TOP CUBICS KETC.50 g;221628;Tip Top;0.0500;kg;1.09;21.80;;;02.05.2025;1.09;3856021303708;Hrana
KARAMELA WERTHERS 80 g;221657;Werthers Original;0.0800;kg;1.25;15.63;;;02.05.2025;1.25;4014400918106;Hrana
ESPRESSSO VENDI ANAMARIA 1 kg;221662;Anamarija;1.0000;kg;21.99;21.99;;;02.05.2025;21.99;3858881771581;Piæa
PA©TETA PODRAVKA  PIKANT 95 g;221672;Podravka;0.0950;kg;1.29;13.58;;;02.05.2025;1.29;3858886469261;Hrana
MAJONEZA 50% MASTI SPAR 480 g;221673;SPAR;0.4800;kg;2.49;5.19;;;02.05.2025;2.49;9100000028903;Hrana
TORTILJA FLOUR 30CM 18/1;221680;Azteca;1.0000;kom;7.96;7.96;;;02.05.2025;7.96;8437000906261;Hrana
SOK COCA COLA 0,33 L;221706;Coca-Cola;0.3300;L;1.08;3.27;;;02.05.2025;1.08;5449000214911;Piæa
ARONIJA SMRZNUTA 450 g;221749;Euroalfa;0.4500;kg;2.49;5.53;;;02.05.2025;2.49;3858887473984;Hrana
KORNETI 10/1 BELPROM ;221839;;1.0000;kom;0.89;0.89;;;02.05.2025;0.89;3859892892999;Hrana
PUDING VANILI./©LAG SPAR 175 g;221903;Dukat;0.1750;kg;0.45;2.57;;;02.05.2025;0.45;3856021223396;Hrana
SLANINA DOMAÆA DIMLJENA;221960;Dimmes;1.0000;kg;13.99;13.99;;;02.05.2025;13.99;3859892362379;Hrana
DESERT MONTE SNACK ZOTT 29 g;222010;Zott;0.0290;kg;0.55;18.97;;;02.05.2025;0.55;40338545;Hrana
ÈAJNI KOLUT. KAKAO KRA© 800 g;222012;Kra¹;0.8000;kg;3.89;4.86;;;02.05.2025;2.99;3850102012398;Hrana
MAR.LOVELY BALZAM 4SL 80/1 ;222014;Lovely;80.0000;kom;1.49;0.02;;;02.05.2025;1.49;9100000786001;Toaletne potrep¹tine
MILERAM 21%MM EURO-MILK 200 g;222069;Euro Milk;0.2000;kg;1.15;5.75;;;02.05.2025;1.15;3859889770323;Hrana
PIVO LOWENBRAU 0,5 L LIM;222151;Löwenbräu;0.5000;l;1.02;2.04;;;02.05.2025;1.02;3850131004715;Piæa
SMOOTHIE MANGO/MARA+VODA 330 g;222153;SPAR enjoy;0.3300;kg;1.39;4.21;;;02.05.2025;1.39;9100000758510;Piæa
VINO MADIRAZZA M-DINGAÈ 0,75 L;222158;;0.7500;l;13.99;18.65;;;02.05.2025;13.89;3859889833530;Piæa
SIRNI NAMAZ DESPAR 200 g;222253;Despar;0.2000;kg;1.79;8.95;;;02.05.2025;1.79;8001300651468;Hrana
SIR MOZZAR.SLICE DESPAR 150 g ;222254;Despar;0.1500;kg;1.99;13.27;;;02.05.2025;1.99;8001300651420;Hrana
SIR FETA GRÈKA DESPAR 200 g;222286;Despar;0.2000;kg;3.79;18.95;;;02.05.2025;3.79;8001300652922;Hrana
Kobasica s paprom;222308;Krainer;1.0000;kg;19.49;19.49;;;02.05.2025;19.49;9004286490402;Hrana
Tlaèenica seljaèka;222312;Krainer;1.0000;kg;11.99;11.99;;;02.05.2025;11.99;9004286420195;Hrana
KOBASICA RO©TI.SA SIROM 360 g;222317;Krainer;0.3600;kg;4.29;11.92;;4.29;02.05.2025;4.89;9004286413463;Hrana
SOK ZA DORUÈAK HOHES C 1 L;222319;Hohes C;1.0000;l;3.02;3.02;;;02.05.2025;3.02;4045145828504;Piæa
SOK CRVENI MULTIVIT.HOHE C 1 L;222322;Hohes C;1.0000;l;3.29;3.29;;;02.05.2025;3.29;4045145828009;Piæa
MAÈJA HRANA KIT.GOV.POV.300 g ;222378;Kitekat;0.3000;kg;2.09;6.97;;;02.05.2025;2.09;5900951248474;Proizvodi za kuæanstvo
HRANA ZA MAÈ.KIT.PIL.PO. 300 g;222379;Kitekat;0.3000;kg;2.09;6.97;;;02.05.2025;2.09;5900951248481;Proizvodi za kuæanstvo
ÈOKOLADA DORINA KEKS 220 g;222397;Dorina;0.2200;kg;3.49;15.86;;3.49;02.05.2025;4.49;3850102516285;Hrana
MASLINE AGROSEV.CRNE BK.935 g ;222401;Agrosevilla;0.4550;kg;6.49;14.26;;;02.05.2025;6.49;8410522004097;Hrana
VINO ENJINGI GRA©.NAV.È.0,75 L;222447;;0.7500;L;8.38;11.17;;;02.05.2025;8.38;3859892375027;Piæa
LIZALICA ®VAKA ÈUNGA LUN. 15 g;222461;Cunga Lunga;0.0150;kg;0.49;32.67;;;02.05.2025;0.49;53101884;Hrana
LIZ.ÈUNGA LUNGA FACE2 8 g;222462;Cunga Lunga;0.0080;kg;0.39;48.75;;;02.05.2025;0.39;5310089005380;Hrana
NAPOLITANKE VOÆNE KOCKE 180 g;222764;Koestlin;0.1800;kg;1.69;9.39;;;02.05.2025;1.69;3856014114410;Hrana
NAPOL.VOÆNE KOCKE KOESTL.740 g;222777;Koestlin;0.7400;kg;4.69;6.34;;;02.05.2025;3.89;3856014114946;Hrana
NAPOLITANKE ÈOK.KOESTLIN 740 g;222780;Koestlin;0.7400;kg;4.69;6.34;;;02.05.2025;3.89;3856014115004;Hrana
NAPOL.VOÆNE KOCKE KOESTL.370 g;222790;Koestlin;0.3700;kg;2.79;7.54;;;02.05.2025;2.79;3856014114595;Hrana
WHISKEY JACK D. HONEY 0,7 L;222791;;0.7000;l;25.39;36.27;;;02.05.2025;25.02;5099873001370;Piæa
VINO CRNO 2 L KG PET;222792;;2.0000;L;3.39;1.70;;;02.05.2025;3.39;3859891270064;Piæa
VINO  BIJELO 2 L KG PET;222793;;2.0000;L;3.39;1.70;;;02.05.2025;3.39;3859891270026;Piæa
SRDELE SPAR BILJNO ULJE 105 g;222810;SPAR;0.1050;kg;1.09;10.38;;;02.05.2025;1.09;3831115304106;Hrana
SRDELE SPAR BILJ.ULJE LI.105 g;222814;SPAR;0.1050;kg;1.29;12.29;;;02.05.2025;1.29;3831115304113;Hrana
SRDELE S POVRÆEM SPAR 105 g;222818;SPAR;0.1050;kg;1.29;12.29;;;02.05.2025;1.29;3831115304120;Hrana
ÈAJ SPAR ©UMSKO VOÆE 20/1 60 g;222829;SPAR;0.0600;kg;1.69;28.17;;;02.05.2025;1.69;9100100122822;Piæa
JUHA KREM BUND.PODRAVKA 72 g;222856;Podravka;0.0720;kg;1.59;22.08;;;02.05.2025;1.59;3850104271533;Hrana
®ITARICE FR.FROM LJE©.KR.300 g;222994;SPAR free from;0.3000;kom;;10.63;3.19;4.29;02.05.2025;4.29;9100000698847;Hrana
CEDEVITA NARANÈA 19 g;223066;Cedevita;0.0190;kg;0.59;31.05;;;02.05.2025;0.59;3850322013748;Piæa
CEDEVITA LIMUN 19 g;223070;Cedevita;0.0190;kg;.59;31.05;;;02.05.2025;.59;3850322013762;Piæa
CEDEVITA GREJP 19g;223072;Cedevita;0.0190;kg;.52;27.37;;;02.05.2025;.52;3850322016282;Piæa
CEDEVITA LIMETA 19 g;223073;Cedevita;0.0190;kg;.59;31.05;;;02.05.2025;.59;3850322009192;Piæa
CEDEVITA BAZGA I LIMUN 19 g;223075;Cedevita;0.0190;kg;.59;31.05;;;02.05.2025;.59;3850322009406;Piæa
®ITARICE NESTLE LION 400 g;223101;Nestle;0.4000;kg;4.59;11.48;;;02.05.2025;4.39;5900020019530;Hrana
ABRAZIVNO SRE.CIF LEMON 500 ml;223112;Cif;0.5000;L;2.25;4.50;;;02.05.2025;2.25;8712561552776;Sredstva za èi¹æenje
ABRAZIVNO SRE.CIF WHITE 500 ml;223116;Cif;0.5000;L;2.29;4.58;;;02.05.2025;2.29;8712561552905;Sredstva za èi¹æenje
ÈAJ BEBIVITA VOÆNI 200 g;223119;Bebivita;0.2000;kg;3.69;18.45;;;02.05.2025;3.71;9007253102971;Piæa
ÈAJ BEBIVITA OD KOMORAÈA 200 g;223125;Bebivita;0.2000;kg;3.69;18.45;;;02.05.2025;3.71;9007253102988;Piæa
MRKVA S BUDGET 1 kg;223145;S-BUDGET;1.0000;kg;1.49;1.49;;;02.05.2025;1.49;3858889117916;Hrana
KEKS MILKA CAKE&CHOC 175 g;223148;Milka;0.1750;kg;3.39;19.37;;;02.05.2025;3.39;7622210295965;Hrana
INSTANT KAVA JACOBS 3U1 152 g;223152;Jacobs;0.1520;kg;4.49;29.54;;;02.05.2025;3.99;8711000532935;Piæa
DELKO S PAPRIKOM 250 g;223268;Cekin;0.2500;kg;2.19;8.76;;;02.05.2025;2.19;3850159122088;Hrana
©UNKA PUREÆA DELUXE 100 g;223272;Vindon;0.1000;kg;2.59;25.90;;;02.05.2025;2.59;3850159128813;Hrana
PILEÆA PRSA 100 g;223276;Cekin;0.1000;kg;2.19;21.90;;;02.05.2025;2.19;3850159123306;Hrana
DIMCEK CEKIN 100 g;223285;Cekin;0.1000;kg;2.19;21.90;;;02.05.2025;2.19;3850159123337;Hrana
TUNA RIO MARE NATURALE 160 g;223300;Rio Mare;0.1200;kg;3.89;32.42;;;02.05.2025;3.89;8004030595033;Hrana
TUNA RIO MARE HOT 3X80 g;223302;Rio Mare;0.1560;kg;5.89;37.76;;;02.05.2025;5.89;8004030177000;Hrana
TUNA RIO MARE SUNC.ULJE 160 g;223303;Rio Mare;0.1200;kg;3.89;32.42;;;02.05.2025;3.89;8004030595002;Hrana
PRAL.LINDT LINDOR JAGODA 200 g;223318;Lindt;0.2000;kg;6.98;34.90;;;02.05.2025;6.98;8003340097619;Hrana
KAP. DG ESPRESSO CORTA.100,8 g;223325;DOLCE GUSTO;0.1008;kg;5.29;52.48;;5.29;02.05.2025;6.49;7613032827014;Piæa
KIK.SPAR BEZ ULJA I SOLI 200 g;223331;SPAR;0.2000;kg;1.45;7.25;;;02.05.2025;1.45;3830032303919;Hrana
SV.MARINIRANI KARE BK;223469;;1.0000;kg;9.49;9.49;;;02.05.2025;9.49;3850139437072;Hrana
HRANA ZA PSE FRIS.PILET.500 g;223512;Friskies;0.5000;kg;2.29;4.58;;;02.05.2025;2.29;7613031397006;Proizvodi za kuæanstvo
POSL.ZA PSE FRIS.FUNTAS.175 g;223513;Purina;0.1750;kg;3.19;18.23;;;02.05.2025;3.19;7613033444814;Proizvodi za kuæanstvo
POSL.ZA PSE FRIS.BEG.STR.120 g;223514;Purina;0.1200;kg;1.99;16.58;;;02.05.2025;1.99;7613033445149;Proizvodi za kuæanstvo
POVRÆE ZA JUHU S BUDGET 500 g;223520;S-BUDGET;0.5000;kg;1.29;2.58;;;02.05.2025;1.29;3858889117893;Hrana
ÈOK.ML.CILJ.LJE©.SPAR PR.180 g;223529;SPAR PREMIUM;0.1800;kg;3.49;19.39;;;02.05.2025;2.49;9100000786308;Hrana
ÈOK.TAMNA CIJE. LJE©NJAK 180 g;223531;SPAR PREMIUM;0.1800;kg;3.49;19.39;;;02.05.2025;2.49;9100000786285;Hrana
Teleæa koljenica s kosti;223608;;1.0000;kg;8.99;8.99;;;02.05.2025;8.99;3859892958824;Hrana
Teleæa leða s kosti;223610;;1.0000;kg;11.99;11.99;;;02.05.2025;11.99;3859892958794;Hrana
RAKIJA ZVEÈ. VOÆ.©LJIVA 0,7 L;223615;;0.7000;L;11.99;17.13;;;02.05.2025;11.99;3858894170128;Piæa
RAKIJA ZVEÈEVO TRAVARICA 0,7 L;223625;;0.7000;L;9.32;13.31;;;02.05.2025;9.32;3858894170265;Piæa
LIKER ZVEÈEVO ORAH 0,7 L;223626;;0.7000;L;8.89;12.70;;;02.05.2025;8.89;3858894170586;Piæa
LIKER ZVEÈEVO MEDICA 0,7l;223628;;0.7000;l;9.59;13.70;;;02.05.2025;9.59;3858894170340;Piæa
LIKER ZVEÈEVO VI©NJA 0,7 L;223638;;0.7000;L;9.89;14.13;;;02.05.2025;9.89;3858894171569;Piæa
RAKIJA ZVEÈEVO VILJAMOVKA 0,7l;223641;;0.7000;l;20.99;29.99;;;02.05.2025;20.99;3858894170005;Piæa
Teleæi but bez kosti;223690;;1.0000;kg;17.99;17.99;;;02.05.2025;17.99;3859892958770;Hrana
ÈAJ BEBI.JABUKA/MATIÈNJ.200 g;223775;Bebivita;0.2000;kg;3.69;18.45;;;02.05.2025;3.71;9007253102964;Piæa
MEKSIÈKI ÈILI GRAH SPAR 410 g;223821;SPAR;0.4100;kg;2.49;6.07;;;02.05.2025;2.49;8710671149251;Hrana
SOK NARAN.S KOM.VOÆA SPAR 1 L ;223869;SPAR;1.0000;L;3.39;3.39;;;02.05.2025;3.39;9100000034843;Piæa
LOS.AFRODITA HYALURON 250 ml;223883;Afrodita;0.2500;L;5.99;23.96;;;02.05.2025;5.99;3831070650652;Kozmetika
LJE©NJACI SPAR KROKANT 100 g;223927;SPAR;0.1000;kg;1.59;15.90;;;02.05.2025;1.59;9100000787244;Hrana
©EÆER SMEÐI S-BUDGET 1 kg;223928;S-BUDGET;1.0000;kg;2.39;2.39;;;02.05.2025;2.39;9100000690582;Hrana
TEMELJAC SPAR ZA PEÈENJE 69 g;223929;SPAR Qualitätsmarke;0.0690;kg;0.99;14.35;;;02.05.2025;0.99;9100000784342;Hrana
TEMELJAC SPAR ZA GULA© 69 g;223930;SPAR Qualitätsmarke;0.0690;kg;0.99;14.35;;;02.05.2025;0.99;9100000784328;Hrana
VL.MARAM.PRETTY BABY 20/1;223941;Pretty Baby;20.0000;kom;0.85;0.04;;;02.05.2025;0.85;9100000947099;Toaletne potrep¹tine
VL.MAR.PRETTY BABY 4X80;223946;Pretty Baby;320.0000;kom;5.35;0.02;;;02.05.2025;5.35;9100000947112;Toaletne potrep¹tine
SRED.ARF GRILL 650 ml;224017;Arf;0.6500;L;3.29;5.06;;;02.05.2025;3.29;3850105149961;Sredstva za èi¹æenje
AFTER SHAVE DENIM GOLD 100 ml;224026;Denim;0.1000;L;6.15;61.50;;;02.05.2025;6.15;8008970037189;Kozmetika
SRED.FROSCH ZA DR.POVR©.750 ml;224030;Frosch;0.7500;L;;4.24;3.18;3.98;02.05.2025;3.98;4001499921629;Sredstva za èi¹æenje
ODSTRA.LAKA BEAUTY KISS 150 ml;224050;Beauty Kiss;0.1500;L;1.19;7.93;;;02.05.2025;1.19;9100000789699;Kozmetika
ODSTRA.LAKA BEAUTY KISS 150 ml;224051;Beauty Kiss;0.1500;L;1.19;7.93;;;02.05.2025;1.19;9100000789675;Kozmetika
KEKS DESPAR FROLLI. VOÆE 250 g;224087;Despar;0.2500;kg;1.49;5.96;;;02.05.2025;1.49;8001300802327;Hrana
HRANA ZA MAÈKE MOLLY 12X100 g;224094;Molly;1.2000;kg;4.99;4.16;;;02.05.2025;4.99;9100000773773;Proizvodi za kuæanstvo
HRANA  ZA MAÈKE MOLLY 4X100 g;224098;Molly;0.4000;kg;1.99;4.98;;;02.05.2025;1.99;9100000773759;Proizvodi za kuæanstvo
HRANA ZA PSE SCOTTY GOV.150 g;224100;Scotty;0.1500;kg;.69;4.60;;;02.05.2025;.69;9100000098630;Proizvodi za kuæanstvo
HRANA ZA PSE SCOTTY JANJ.150 g;224104;Scotty;0.1500;kg;.69;4.60;;;02.05.2025;.69;9100000098586;Proizvodi za kuæanstvo
SIR TOPLJENI DIMLJENJAK 140 g ;224109;Zdenka;0.1400;kg;;12.07;1.69;2.25;02.05.2025;2.25;3858888595609;Hrana
SIR TOPLJENI MEDITERAN 140 g ;224114;Zdenka;0.1400;kg;;12.07;1.69;2.25;02.05.2025;2.25;3858888595616;Hrana
HRANA ZA PSE SCOTTY ACT.300 g;224176;Scotty;0.3000;kg;1.29;4.30;;;02.05.2025;1.29;9100000690209;Proizvodi za kuæanstvo
JUHA KREM BROK.CVJ.66 g;224179;Podravka;0.0660;kg;1.59;24.09;;;02.05.2025;1.59;3850104271564;Hrana
BAZA BAT.AIRWICK W.FLOW.250 ml;224180;Airwick;0.2500;L;10.99;43.96;;;02.05.2025;10.99;5999109542083;Sredstva za èi¹æenje
JUHA KREM GLJIV.S MASL.63 g;224182;Podravka;0.0630;kg;1.59;25.24;;;02.05.2025;1.59;3850104271540;Hrana
BRANCIN DIMLJENI FILET 100 g;224210;Cromaris;0.1000;kg;4.49;44.90;;;02.05.2025;4.37;3858890596205;Hrana
Kruh farmerski okrugli 700 g;224212;Bäckerei SPAR;0.7000;kg;1.19;1.70;;1.09;02.05.2025;1.59;;Hrana
ORADA DIMLJENI FILET 100 g;224218;Cromaris;0.1000;kg;4.49;44.90;;;02.05.2025;4.37;3858890596212;Hrana
NAMAZ VEGGIE TRIO ORIENT.210 g;224225;SPAR Veggie;0.2100;kg;2.29;10.90;;;02.05.2025;2.29;9100000691299;Hrana
ZOB.PAH.BRUGGEN CIJELE 500 g;224229;Bruggen;0.5000;kg;1.49;2.98;;;02.05.2025;1.49;4008713011289;Hrana
MAR.ZA ÈI©.L.BEAUTY KISS 25/1;224247;Beauty Kiss;25.0000;kom;0.89;0.04;;;02.05.2025;0.89;9100000948652;Kozmetika
KRUH DESPAR INTEGRALNI 400 g;224256;Despar;0.4000;kg;1.39;3.48;;;02.05.2025;1.39;8001300701071;Hrana
DO.JEL.FAN.ZA FINA VAR.PO.40 g;224365;;0.0400;kg;1.39;34.75;;;02.05.2025;1.39;3850104271458;Hrana
KONC.RAJÈICE TUBA PODRAV.300 g;224382;Podravka;0.3000;kg;3.29;10.97;;;02.05.2025;3.29;3850104268533;Hrana
GRIS LINO VREÆICA PODRAV.400 g;224387;Podravka;0.4000;kg;1.29;3.23;;;02.05.2025;1.29;3850104268540;Hrana
KRASTAVCI DOORA DELIKAT.1580 g;224389;Doora;0.8500;kg;6.99;8.22;;;02.05.2025;9.59;3858894540952;Hrana
SIRUP AGAVA SUNNY V.350 g;224435;;0.3500;kg;6.99;19.97;;;02.05.2025;7.95;3088543506255;Hrana
OS.PIÆE YIPPY ©UM.VOÆE 0,33 L;224509;;0.3300;l;1.39;4.21;;;02.05.2025;1.39;9008700173582;Piæa
BOMB. MENTOL CRNI KANDIT 100 g;224541;Kandit;0.1000;kg;0.85;8.50;;;02.05.2025;0.85;3858881048508;Hrana
UMAK TABASCO HAB.LJUTI 60 ml;224564;;0.0600;l;5.7;95.00;;;02.05.2025;5.7;0011210006508;Hrana
CAP.ANAMARIA IRISH CREAM 200 g;224569;Anamarija;0.2000;kg;2.59;12.95;;;02.05.2025;2.59;3858881774308;Piæa
KRUMPIR S BUDGET 5 kg;224649;S-BUDGET;5.0000;kg;3.99;0.80;;;02.05.2025;3.99;3858889118197;Hrana
INSTANT KAVA JACOBS 3U1 15,2 g;224726;Jacobs;0.0152;kg;0.45;29.61;;;02.05.2025;0.45;8711000533086;Piæa
MLIJ.TRAJ.FRE.FROM 1,5 M.M 1 L;224739;SPAR free from;1.0000;L;1.49;1.49;;;02.05.2025;1.45;3831115337685;Hrana
BUÐOLA ANDRO NAREZAK 100 g;224746;Andro;0.1000;kg;3.18;31.80;;;02.05.2025;3.18;3859892331429;Hrana
DN.ULO©.LIBRESSE MULTISTY.30/1;224747;Libresse;30.0000;kom;1.95;0.07;;;02.05.2025;1.49;7322540678642;Toaletne potrep¹tine
KETCHUP PODRAVKA BLAGI 500 g ;224749;Podravka;0.5000;kg;1.99;3.98;;;02.05.2025;1.99;3850104268731;Hrana
KETCHUP PODRAVKA LJUTI 500 g;224750;Podravka;0.5000;kg;1.99;3.98;;;02.05.2025;1.99;3850104268915;Hrana
PAPRIKA KOT.S AROMOM DIMA 25 g;224752;;0.0250;kg;0.99;39.60;;;02.05.2025;0.99;9001414019269;Hrana
©EÆER KOKOS ENCIAN 200 g;224754;Encian;0.2000;kg;4.29;21.45;;;02.05.2025;4.29;3858890100723;Hrana
MINI MUFFIN DR.OETKER 250 g;224755;Dr. Oetker;0.2500;kg;3.99;15.96;;;02.05.2025;3.99;5997381353960;Hrana
SMJ.ZA BRZO OMEK©.MESA 131 g;224764;;0.1310;kg;2.09;15.95;;;02.05.2025;2.09;9001414240168;Hrana
ZAÈIN KURKUMA KOTANYI 190 g;224767;;0.1900;kg;8.19;43.11;;;02.05.2025;7.79;9001414573396;Hrana
MASLAC DUKAT I. KLASA 125 g;224842;Dukat;0.1250;kg;2.49;19.92;;;02.05.2025;2.49;3850355003969;Hrana
ÈOKOLADA TOBLERONE DARK 100 g;224861;Toblerone;0.1000;kg;1.89;18.90;;1.89;02.05.2025;2.99;7614500010617;Hrana
VINO LAGUNA ROSE 0,75 L;224926;;0.7500;l;6.19;8.25;;;02.05.2025;6.19;3858881190221;Piæa
Brancin 250-330 g;224954;;1.0000;kg;11.69;11.69;;;02.05.2025;11.69;3858890591385;Hrana
Orada  250-330;224955;;1.0000;kg;12.59;12.59;;;02.05.2025;12.59;3858890591538;Hrana
SOL ADRIA.SITNA MORSKA 250 g;224998;;0.2500;kg;1.39;5.56;;;02.05.2025;1.39;3859888595644;Hrana
SOL ADRIA.SITNA MORSKA 500 g ;224999;;0.5000;kg;0.99;1.98;;;02.05.2025;0.99;3859888595651;Hrana
SOL ADRIATIQ SITNA MORSKA 1 kg;225000;;1.0000;kg;0.99;0.99;;;02.05.2025;0.99;3859888595118;Hrana
PAPRIKA CHILLY MIX 75 g;225001;;0.0750;kg;1.79;23.87;;;02.05.2025;1.79;3859891295937;Hrana
SOL ADRIATIQ KRUP.MORSKA 1 kg;225002;;1.0000;kg;0.99;0.99;;;02.05.2025;0.99;3859888595101;Hrana
SOL ADRIATIQ KRUP.MORSKA 500 g;225003;;0.5000;kg;0.99;1.98;;;02.05.2025;0.99;3859888595668;Hrana
PAPRIKA DROGA CRVENA 620 g;225025;Droga Kolinska;0.3200;kg;3.19;9.97;;;02.05.2025;3.19;3830042562351;Hrana
KRASTAVCI PODRAVKA KLAS.660 g;225055;Podravka;0.3300;kg;2.49;7.55;;;02.05.2025;2.49;3850104273957;Hrana
LAK TAFT PERFECT FLEX  250 ml;225118;Taft;0.2500;L;3.55;14.20;;;02.05.2025;2.99;9000100909778;Kozmetika
LAK SYOSS FULL HAIR 300 ml;225120;Syoss;0.3000;L;;15.30;4.59;4.95;02.05.2025;4.95;9000100906241;Kozmetika
SAP.TEK.DESPAR XME NEUTRO 1 L;225147;Despar;1.0000;L;2.25;2.25;;;02.05.2025;1.79;8001300900412;Kozmetika
SAP.TEK.DESPAR XME A.VERA 1 L;225148;Despar;1.0000;L;2.25;2.25;;;02.05.2025;1.79;8001300901143;Kozmetika
PA©TETA ARGETA ÈAJNA 3X95 g;225295;Argeta;0.2850;kg;3.99;14.00;;;02.05.2025;3.19;3838471027946;Hrana
SARDINA S-B BILJ.ULJE LI.125 g;225334;S-Budget;0.0900;kg;1.29;14.33;;;02.05.2025;1.29;3831115304359;Hrana
SARDINA S-BUD.SUNC.ULJE 125 g;225338;S-Budget;0.0900;kg;1.29;14.33;;;02.05.2025;1.29;3831115304342;Hrana
SET SPU®VICA ZA SUÐE 5/1;225370;;5.0000;kom;0.89;0.18;;;02.05.2025;0.89;8009986003281;Proizvodi za kuæanstvo
SIR TILZIT MAP 150 g;225498;Vindija;0.1500;kg;2.99;19.93;;;02.05.2025;2.99;3850108053913;Hrana
SIR GRANA PADANO 200 g ZARPEL.;225514;Zarpello;0.2000;kg;6.69;33.45;;;02.05.2025;6.63;8002226006837;Hrana
P©ENIÈNE POSIJE 250 g ENCIAN;225539;Encian;0.2500;kg;2.49;9.96;;;02.05.2025;2.49;3858890102963;Hrana
MAGNEZIJ KLORID ENCIAN 200 g;225540;Encian;0.2000;kg;2.65;13.25;;;02.05.2025;2.65;3858890100754;Hrana
DESERT KINDER MAXI KING 3x35 g;225545;Kinder;0.1050;kg;2.19;20.86;;;02.05.2025;2.19;4008400551920;Hrana
AJVAR S-BUDGET LJUTI 680 g;225578;S-Budget;0.6800;kg;2.79;4.10;;;02.05.2025;2.79;3858889118753;Hrana
ÈOK.LEDENE KOCKE MORITZ 150g;225682;Moritz;0.1500;kg;2.19;14.60;;;02.05.2025;2.19;4006814021503;Hrana
BIO KRUMPIR NP 1 kg;225771;SPAR Natur*pur;1.0000;kg;1.79;1.79;;;02.05.2025;1.79;3830050930838;Hrana
PAPRI.SA SKUTOM SIR.GLI.190 g;225772;Sirana Gligora;0.1000;kg;5.89;58.90;;;02.05.2025;5.89;3859891864799;Hrana
Kobasica èajna Rozeto;225778;Rozeto;1.0000;kg;17.79;17.79;;;02.05.2025;17.79;3850281931725;Hrana
PASTRVA DIMLJENI FILET 120 g;225781;Luma ribarstvo;0.1200;kg;7.99;66.58;;;02.05.2025;7.99;3870548000834;Hrana
FEFERONI S-BUDGET LJUTI 600 g;225798;S-Budget;0.3000;kg;3.09;10.30;;;02.05.2025;3.09;3858889118814;Hrana
PAPRIKA S-BUDGET REZ.CRV.670 g;225800;S-Budget;0.3500;kg;2.39;6.83;;;02.05.2025;2.39;3858889118838;Hrana
GLJIVE PREMIUM MIJE©.VRG.280 g;225803;SPAR PREMIUM;0.2800;kg;3.99;14.25;;;02.05.2025;3.99;8001300235187;Hrana
TUNA PREMIUM MASL.ULJE 125 g;225808;SPAR PREMIUM;0.1250;kg;4.19;33.52;;;02.05.2025;4.19;8001300285250;Hrana
SIR S TARTUF.ZDEN.SLICE 100 g;225940;Zdenka;0.1000;kg;2.49;24.90;;;02.05.2025;2.49;3858888595357;Hrana
LOSOS DIVLJI DIM.PREMIUM 80 g ;225965;SPAR PREMIUM;0.0800;kg;6.49;81.13;;;02.05.2025;6.49;8001300620938;Hrana
LISTOVI ZA SAV.INTE.BRA©.400 g;225985;Clarum;0.4000;kg;1.79;4.48;;;02.05.2025;1.79;3859888231986;Hrana
OSVJ.PROSTORA BIS FLOR.400 ml;226098;Bis;0.4000;L;4.19;10.48;;;02.05.2025;4.19;3850105150202;Sredstva za èi¹æenje
BIO RAJÈICA DATERINO NP 250 g;226194;SPAR Natur*pur;0.2500;kg;1.59;6.36;;;02.05.2025;1.59;8435320661198;Hrana
KVASAC DOLCELA SUHI 7 g(4+1);226247;Podravka;0.0280;kg;2.19;78.21;;;02.05.2025;2.19;3850104266577;Hrana
ZUB.PAS.KALODONT MICROG.125 ml;226268;Kalodont;0.1250;L;2.49;19.92;;;02.05.2025;2.49;3850105145574;Kozmetika
MICELARNA OTOPI. SMILJE 500 ml;226284;Olival;0.5000;L;6.63;13.26;;;02.05.2025;6.63;3859892751449;Kozmetika
Kruh durum ¹truca 450 g;226294;Bäckerei SPAR;0.4500;kg;1.33;2.96;;;02.05.2025;1.33;;Hrana
HAMBURGER PIK 350 g;226295;Pik;0.3500;kg;6.59;18.83;;;02.05.2025;6.59;3850139051353;Hrana
Peèenica dalmatinska Pivac ;226420;Pivac;1.0000;kg;19.79;19.79;;;02.05.2025;19.79;3858890182088;Hrana
KA©ICA BEBIV.JAB.BAN.BOR.90 g;226427;Bebivita;0.0900;kg;1.09;12.11;;;02.05.2025;1.1;4018852007425;Hrana
SOK SPAR 100% RAJÈICA 1 L;226462;SPAR;1.0000;L;1.59;1.59;;;02.05.2025;1.59;9100000726595;Piæa
VOÆ SOK JABUKA BISTRI 3 L BIB;226471;Exclusive bei SPAR;3.0000;l;5.99;2.00;;;02.05.2025;5.99;3859892823078;Piæa
POSLAS.ZA PSE BEEF-STICK 24 g;226531;Vitakraft;0.0240;kg;1.39;57.92;;;02.05.2025;1.39;4008239155511;Proizvodi za kuæanstvo
SIRNI NAMAZ ABC BA.KULEN 100 g;226707;Belje;0.1000;kg;1.39;13.90;;;02.05.2025;1.39;3859888858855;Hrana
NJOKI LEDO 1000 g;226743;Ledo;1.0000;kg;5.39;5.39;;;02.05.2025;5.39;3850116813028;Hrana
BRIT.INDOR JEDN.MU©. 3 O©T.3/1;226765;Indor;3.0000;kom;1.79;0.60;;;02.05.2025;1.79;3858885845721;Kozmetika
JUHA DOMAÆA PODRAVKA 46 g ;226772;;0.0460;kg;0.89;19.35;;;02.05.2025;0.89;3850104266737;Hrana
JUHA BISTRA S TJEST.PODRA.45 g;226773;;0.0450;kg;0.89;19.78;;;02.05.2025;0.89;3850104270185;Hrana
ÈAJ TEEKANNE DETOX & SLIM 32 g;226775;Teekanne;0.0320;kg;2.49;77.81;;;02.05.2025;2.49;5901086046799;Piæa
ÈAJ TEEKANNE FIT & SLIM 32 g;226776;Teekanne;0.0320;kg;2.49;77.81;;;02.05.2025;2.49;5901086046775;Piæa
ÈAJ TEEKANNE ZEL.ÐUM.LIM.35 g;226777;Teekanne;0.0350;kg;2.05;58.57;;;02.05.2025;2.05;5901086002658;Piæa
JUHA BAKINA PODRAVKA 46 g ;226779;;0.0460;kg;0.89;19.35;;;02.05.2025;0.89;3850104266720;Hrana
JUHA-KOCKA KRALJEVSKA PO.120 g;226803;;0.1200;kg;2.19;18.25;;;02.05.2025;2.19;3850104274008;Hrana
JUHA-KOCKA POVRT.PODRAV.120 g;226820;Podravka;0.1200;kg;2.19;18.25;;;02.05.2025;2.19;3850104274015;Hrana
PARIZER PIKO S POVRÆEM 200 g;226886;Piko;0.2000;kg;2.85;14.25;;;02.05.2025;2.85;3850139172003;Hrana
POSL.MAÈKE DREAMIES GOV.60 g;226902;Dreamies;0.0600;kg;1.79;29.83;;;02.05.2025;1.79;5998749130957;Proizvodi za kuæanstvo
POSL.MAÈKE DREAMIES SIR 60 g;226903;Dreamies;0.0600;kg;1.79;29.83;;;02.05.2025;1.79;5998749130971;Proizvodi za kuæanstvo
POSL.MAÈKE DREAMIES PIL.60 g;226905;Dreamies;0.0600;kg;1.79;29.83;;;02.05.2025;1.79;5998749130919;Proizvodi za kuæanstvo
POSL.MAÈKE DREAMIES LOS.60 g;226907;Dreamies;0.0600;kg;1.79;29.83;;;02.05.2025;1.79;5998749130933;Proizvodi za kuæanstvo
POSL.ZA PSE TREAT.BITS 120 g;226911;Vitakraft;0.1200;kg;3.09;25.75;;;02.05.2025;3.05;4008239367211;Proizvodi za kuæanstvo
NAPITAK ALPRO KOKOS BADEM 1 L;226914;Alpro;1.0000;l;3.79;3.79;;;02.05.2025;2.39;5411188118732;Piæa
BEAUTY KISS LIP BALM PEA.4,8 g;226956;Beauty Kiss;1.0000;kom;0.95;0.95;;;02.05.2025;0.95;9100000985619;Kozmetika
SALATA SPAR MATOVILAC 100 g;227078;SPAR Qualitätsmarke;0.1000;kg;1.39;13.90;;;02.05.2025;1.39;3858889118876;Hrana
SALATA SPAR RUKOLA 100 g;227079;SPAR Qualitätsmarke;0.1000;kg;1.29;12.90;;;02.05.2025;1.29;3858889118852;Hrana
SALATA SPAR MATOV./RADIÈ 150 g;227082;SPAR Qualitätsmarke;0.1500;kg;1.59;10.60;;;02.05.2025;1.59;3858889118951;Hrana
SALATA SPAR ©ARENI DUO 200 g;227083;SPAR Qualitätsmarke;0.2000;kg;1.59;7.95;;;02.05.2025;1.59;3858889118913;Hrana
SALATA SPAR BABY ©PINAT 100 g;227084;SPAR Qualitätsmarke;0.1000;kg;1.39;13.90;;;02.05.2025;1.39;3858889118890;Hrana
SAL.SPAR GURMANSKA MJE©.150 g;227085;SPAR Qualitätsmarke;0.1500;kg;1.39;9.27;;;02.05.2025;1.39;3858889118999;Hrana
VINO ENJIN.CR.VENJE KB 0,75 L;227131;;0.7500;l;18.52;24.69;;;02.05.2025;18.52;3859892375133;Piæa
DATULJA NATURA VAKUM 200 g;227175;Natura;0.2000;kg;1.35;6.75;;;02.05.2025;1.35;3859892798024;Hrana
BOMBONI RICOLA BRUSNICA 40 g;227195;Ricola;0.0400;kg;1.59;39.75;;;02.05.2025;1.59;7610700003862;Hrana
VRH.ZA KUHANJ.20%MM SPAR 500 g;227197;SPAR;0.5000;kg;2.49;4.98;;;02.05.2025;2.49;3830053562951;Hrana
D®EM DOORA MARELICA EXTR.350 g;227201;Doora;0.3500;kg;4.19;11.97;;;02.05.2025;4.19;3858894540556;Hrana
TJES.ZLATO POLJE FUSSILI 500 g;227232;Zlato Polje;0.5000;kg;1.99;3.98;;;02.05.2025;1.99;3838700010411;Hrana
TJES.ZL.POLJE ©IR.REZANC 400 g;227243;Zlato Polje;0.4000;kg;2.79;6.98;;;02.05.2025;2.79;3838700011470;Hrana
TJES.ZL.POLJ.RIBANA KA©A 500 g;227256;Zlato Polje;0.5000;kg;2.39;4.78;;;02.05.2025;2.39;3838700016567;Hrana
TJES.ZL.POLJE REZA.KUKUR.400 g;227261;Zlato Polje;0.4000;kg;2.79;6.98;;;02.05.2025;2.79;3838700015669;Hrana
SIR MOZZ.DI BUF.FRANCIA 125 g ;227294;;0.1250;kg;3.29;26.32;;;02.05.2025;3.29;8011613000778;Hrana
PIVO KARLOVAÈKO CRNO 0,5 L LIM;227301;Karlovacko;0.5000;l;1.49;2.98;;;02.05.2025;1.49;3850103005511;Piæa
KOKOSOVA MAST SPAR 200 g;227313;SPAR;0.2000;kg;1.79;8.95;;;02.05.2025;1.79;3831115303550;Hrana
D®EM DOORA JAGODA EXTRA 350 g;227439;Doora;0.3500;kg;4.19;11.97;;;02.05.2025;4.19;3858894540587;Hrana
SIR BOVI FRESH SVJE.KRAV.280 g;227448;Vindija;0.2800;kg;3.39;12.11;;;02.05.2025;3.39;3850108058581;Hrana
SKUTA KRAVLJA BOVI 600 g;227451;Vindija;0.6000;kg;3.29;5.48;;;02.05.2025;3.29;3850108058536;Hrana
RI®IN PROIZ.ZA KUH.ALP.0,25 L;227464;Alpro;0.2500;l;2.59;10.36;;;02.05.2025;2.59;5411188120988;Piæa
ULJE OD KOKO.BIO ENCIAN 200 ml;227465;Encian;0.2000;L;4.29;21.45;;;02.05.2025;4.29;3858890100761;Hrana
KAPSULE ESENCIA OMEGA 3 30/1 ;227469;Encian;30.0000;kom;6.39;0.21;;;02.05.2025;6.39;3858890102536;Hrana
KAPSULE ESENCIA MULTI 24 30/1 ;227471;Encian;30.0000;kom;6.79;0.23;;;02.05.2025;6.79;3858890104844;Hrana
KAPSULE ESENC.VITAMIN C 30/1 ;227473;Encian;30.0000;kom;4.79;0.16;;;02.05.2025;4.79;3858890100594;Hrana
KAPSULE ESENC.B-KOMPLEKS 30/1 ;227474;Encian;30.0000;kom;3.79;0.13;;;02.05.2025;3.79;3858890100617;Hrana
KAPSULE ESENC.VITAMIN D 30/1 ;227486;Encian;30.0000;kom;4.19;0.14;;;02.05.2025;4.19;3858890100631;Hrana
KAPS.ESEN.VITAMIN C+CINK 30/1 ;227488;Encian;30.0000;kom;4.99;0.17;;;02.05.2025;4.99;3858890100600;Hrana
KAPSULE ESENCIA ARTIÈOKA 8/1;227495;Encian;8.0000;kom;3.59;0.45;;;02.05.2025;3.59;3858890100679;Hrana
VINO VRH.PLAVAC MAESTR.0,75 L;227498;;0.7500;l;17.59;23.45;;;02.05.2025;17.59;3859892748012;Piæa
POKLON PAKET ZIGANTE;227621;Zigante;1.0000;kom;15.99;15.99;;;02.05.2025;15.99;3859892799175;Hrana
COCTAIL CRVENO VOÆE 1 L;227682;;1.0000;l;1.35;1.35;;;02.05.2025;1.35;3850108077056;Piæa
JOG.ACTIMEL KIDS JAG/B.4x100 g;227741;Danone;0.4000;kg;2.49;6.23;;;02.05.2025;2.49;5997536134314;Hrana
VRHNJE KISELO 12%MM SPAR 900 g;227742;SPAR;0.9000;kg;3.19;3.54;;;02.05.2025;3.19;3858889118449;Hrana
REFIL GLADE AUT RELAXIN.269 ml;227893;Glade;0.2690;L;8.69;32.30;;;02.05.2025;8.69;5000204301694;Sredstva za èi¹æenje
REFIL GLADE AUT JASMIN 269 ml;227894;Glade;0.2690;L;7.49;27.84;;;02.05.2025;7.49;5000204731897;Sredstva za èi¹æenje
REFIL GLADE AUT JASMIN 269 ml;227895;Glade;0.2690;L;8.69;32.30;;;02.05.2025;8.69;5000204300949;Sredstva za èi¹æenje
BAZA GLADE AUT JASMIN 269 ml;227897;Glade;0.2690;L;11.99;44.57;;;02.05.2025;11.99;5000204347197;Sredstva za èi¹æenje
SIR SCAMORZA DIM.DESPAR 250 g;227899;Despar;0.2500;kg;3.29;13.16;;;02.05.2025;3.29;8001300651390;Hrana
BAZA GLADE AUT RELAXING 269 ml;227900;Glade;0.2690;L;10.79;40.11;;;02.05.2025;10.79;5000204347166;Sredstva za èi¹æenje
VINO MARSALA SWEET 0,75 L;227921;;0.7500;l;15.62;20.83;;;02.05.2025;15.62;8009495203752;Piæa
VINO KORLAT MERLOT 0,75 L;227959;;0.7500;l;16.02;21.36;;;02.05.2025;16.02;3850112170538;Piæa
VINO KORLAT CAB.SAUVIG.0,75 L;227963;;0.7500;l;16.02;21.36;;;02.05.2025;16.02;3850112170552;Piæa
VINO KORLAT SYRAH 0,75 L;227964;;0.7500;l;16.02;21.36;;;02.05.2025;16.02;3850112170545;Piæa
BIO BROKULA NATUR PUR 500 g;228038;SPAR Natur*pur;0.5000;kg;1.99;3.98;;;02.05.2025;1.99;8437014865646;Hrana
BIO KRASTAVAC NATUR PUR 500 g;228040;SPAR Natur*pur;1.0000;kom;2.29;2.29;;;02.05.2025;2.29;3831115307084;Hrana
TUNA GIANA KOM.BILJ.ULJE 185 g;228060;Giana;0.1300;kg;2.99;23.00;;;02.05.2025;2.99;8594012790513;Hrana
TUNA SALATA GIANA MEXICO 185 g;228061;Giana;0.1850;kg;2.39;12.92;;;02.05.2025;2.39;8594012793378;Hrana
SARDINA GIANA SUNC.ULJE 125 g;228062;Giana;0.0900;kg;1.59;17.67;;;02.05.2025;1.59;8594012792104;Hrana
TUNA FJK ODREZ.SUN.ULJE 170 g;228064;Franz Jozef Kaiser;0.1200;kg;2.89;24.08;;;02.05.2025;2.89;8594012796515;Hrana
WHISKEY ABERLOUR 12 YO 0,7 L;228088;;0.7000;l;44.02;62.89;;;02.05.2025;44.02;3047100056251;Piæa
ULJE MEDITERAN ZVIJEZDA 1 L;228176;Zvijezda;1.0000;L;3.19;3.19;;;02.05.2025;3.19;3856015309273;Hrana
KEKS GRANCEREALE DIGESTI.250 g;228185;Grancereale;0.2500;kg;1.99;7.96;;;02.05.2025;1.99;8076809545426;Hrana
ÈAJ LEMON&GINGER AHMAD 40 g;228194;Ahmad;0.0400;kg;3.05;76.25;;;02.05.2025;3.05;0054881000208;Piæa
ÈAJ ROOIB.&CINNAMON AHMAD 30 g;228196;Ahmad;0.0300;kg;2.65;88.33;;;02.05.2025;2.65;0054881000017;Piæa
ÈAJ DETOX AHMAD 40 g;228198;Ahmad;0.0400;kg;3.05;76.25;;;02.05.2025;3.05;0054881013666;Piæa
MARAMICE VIOLETA 60/1;228204;Violeta;60.0000;kom;1.89;0.03;;;02.05.2025;1.89;3870128009172;Toaletne potrep¹tine
JASTUÈIÆ INOX POWERMAX;228217;;1.0000;kom;1.79;1.79;;;02.05.2025;1.79;3858882684170;Proizvodi za kuæanstvo
VRGANJI SU©ENI DESPAR 40 g;228278;DESPAR;0.0400;kg;4.64;116.00;;;02.05.2025;4.64;8001300212034;Hrana
VRGANJI SPECIAL DESPAR 20 g;228279;DESPAR;0.0200;kg;3.05;152.50;;;02.05.2025;3.05;8001300212027;Hrana
PA©TETA PODRAVKA PILEÆA 95 g;228342;Podravka;0.0950;kg;1.29;13.58;;;02.05.2025;1.29;3858886469179;Hrana
PJEN.VINO MIA MOSCATO 0,75 L;228364;;0.7500;L;8.99;11.99;;;02.05.2025;8.99;8410384020051;Piæa
MLIJE.UHT 2,8% BEZ LAKTOZE 1 L;228375;Z Bregov;1.0000;L;1.99;1.99;;;02.05.2025;1.99;3850108023572;Hrana
SIR S MASLINAMA GLIGORA 125 g;228380;Sirana Gligora;0.1250;kg;3.99;31.92;;;02.05.2025;3.99;3858891770208;Hrana
ÈOKOLADA MILKA OREO 300 g;228392;Milka;0.3000;kg;5.99;19.97;;;02.05.2025;5.99;7622210384362;Hrana
GUSTIN DR.OETKER XXL 400 g;228445;Dr. Oetker;0.4000;kg;2.49;6.23;;;02.05.2025;2.49;5997381355292;Hrana
DEKOR DR.OET.ZLATNE PERLE 10 g;228447;Dr. Oetker;0.0100;kg;0.69;69.00;;;02.05.2025;0.69;5907707056567;Hrana
MEKSIÈKI MIX PODRAVKA 400 g;228468;Podravka;0.4000;kg;2.19;5.48;;;02.05.2025;2.19;3858885112977;Hrana
VINO ROSEMOUNT E.SHIRAZ 0,75 L;228551;;0.7500;l;6.99;9.32;;;02.05.2025;6.4;9325040001727;Piæa
VINO ROSEMOUNT ED.CHARD.0,75 L;228554;;0.7500;l;6.99;9.32;;;02.05.2025;6.4;9325040002885;Piæa
®ITA.KELLOGG´S FRO.LOOPS 375 g;228585;Kelloggs;0.3750;kg;5.99;15.97;;;02.05.2025;5.99;5059319035543;Hrana
BLAZINICE MAXI DESPAR XME 40/1;228589;Despar;40.0000;kom;1.35;0.03;;;02.05.2025;1.35;8001300811398;Toaletne potrep¹tine
BLAZINICE DESPAR XME 70/1;228590;Despar;70.0000;kom;1.15;0.02;;;02.05.2025;1.15;8001300811381;Toaletne potrep¹tine
PEÈENICA DALMATINSKA REZ.100 g;228595;Dimmes;0.1000;kg;3.49;34.90;;;02.05.2025;3.49;3859892362607;Hrana
PANCETA DALMATINSKA REZ.100 g;228597;Dimmes;0.1000;kg;3.09;30.90;;;02.05.2025;3.09;3859892362621;Hrana
BUÐOLA DALMATINSKA REZ.100 g;228598;Dimmes;0.1000;kg;3.69;36.90;;;02.05.2025;3.69;3859892362614;Hrana
PR©UT DIMMES REZ.100 g;228599;Dimmes;0.1000;kg;4.19;41.90;;;02.05.2025;4.19;3859892362638;Hrana
TEK.SAPUN GRO®.AFRODITA 300ml;228659;Afrodita;0.3000;L;3.49;11.63;;;02.05.2025;3.49;3831070650607;Kozmetika
DESER.VINO NA BAZI PRO©EKA 1 L;228676;;1.0000;l;7.79;7.79;;;02.05.2025;7.79;3859888568938;Piæa
KEKS JAFFA CHOCO CRVENKA 155 g;228694;Jaffa;0.1550;kg;1.29;8.32;;;02.05.2025;1.29;8600114005360;Hrana
NAMAZ S-BUDG.ÈOKO.LJE©NJ.400 g;228710;S-Budget;0.4000;kg;1.99;4.98;;;02.05.2025;1.98;9100000545448;Hrana
PIÆE OD SOKA NAR I RIBIZLA 1 L;228741;Fructal;1.0000;L;1.89;1.89;;;02.05.2025;1.89;3838945029247;Piæa
PIÆE OD SOKA BOROVNICE 1 L;228742;Fructal;1.0000;L;1.89;1.89;;;02.05.2025;1.89;3838945029254;Piæa
NEKTAR FRUCTAL ANANAS 1 L;228743;Fructal;1.0000;L;2.49;2.49;;;02.05.2025;2.49;3838945509077;Piæa
SOK OD NARANÈE 100% 1 L;228744;Fructal;1.0000;L;2.89;2.89;;;02.05.2025;2.89;3838945007870;Piæa
VINO LA CA.PINOT GRIGIO 0,75 L;228808;;0.7500;l;7.32;9.76;;;02.05.2025;7.32;8004300362136;Piæa
VINO NERO D AVOLA IGT 0,75 L;228812;;0.7500;l;7.28;9.71;;;02.05.2025;7.28;8004300699645;Piæa
VINO SYRAH TERRE SICILI.0,75 L;228819;;0.7500;l;7.02;9.36;;;02.05.2025;7.02;8004300018873;Piæa
VINO PRIMITI. TARANTINO 0,75 L;228821;;0.7500;l;8.58;11.44;;;02.05.2025;8.58;8004300250648;Piæa
PIVO ZMAJSKO PALE ALE 0,33 L;228875;;0.3300;l;2.02;6.12;;;02.05.2025;2.02;3858895210045;Piæa
PIVO ZMAJSKO PORTER 0,33 L;228879;;0.3300;l;2.02;6.12;;;02.05.2025;2.02;3857500024121;Piæa
VINO RIZLING CAPISTRANO 2 L;228900;;2.0000;l;5.42;2.71;;;02.05.2025;5.42;3858886522102;Piæa
VINO MAKEDONSKI VRANAC 2 L;228905;;2.0000;l;5.42;2.71;;;02.05.2025;5.42;3858886522096;Piæa
LASAGNE BOLOGNESE SB 1000 g;228979;S-Budget;1.0000;kg;5.49;5.49;;;02.05.2025;5.49;9100000809281;Hrana
DEO SPRAY MIAMI HILLS 75 ml;229018;JEAN MARC;0.0750;L;1.69;22.53;;;02.05.2025;1.69;5901815005073;Kozmetika
DEO SPRAY LA BELLE 75 ml;229022;JEAN MARC;0.0750;L;1.69;22.53;;;02.05.2025;1.69;5901815016352;Kozmetika
DEO SPRAY GIOVANNI COTE 75 ml;229023;JEAN MARC;0.0750;L;1.69;22.53;;;02.05.2025;1.69;5901815014884;Kozmetika
KOMPOT SPAR MANDARINA 312 g;229026;SPAR;0.1750;kg;1.79;10.23;;;02.05.2025;1.79;9100000071107;Hrana
KOMPOT S-BUDGET VOÆ.KOK.820 g;229034;S-Budget;0.5000;kg;2.99;5.98;;;02.05.2025;2.99;9100000835020;Hrana
LEÆA S-BUDGET 800 g;229038;S-Budget;0.5300;kg;1.79;3.38;;;02.05.2025;1.79;9100000779201;Hrana
BALZAM NIVEA COOLING 100 ml;229087;Nivea;0.1000;L;;84.50;8.45;11.29;02.05.2025;11.29;9005800244631;Kozmetika
FLIPS KROKI KROKET 120 g;229354;Chio;0.1200;kg;1.59;13.25;;;02.05.2025;1.59;3856021303494;Hrana
ZAÈIN VEGETA PIKANT 100 g;229368;;0.1000;kg;1.49;14.90;;;02.05.2025;1.49;3850104273490;Hrana
ZAÈIN VEGETA MEDITERAN 100 g;229374;;0.1000;kg;1.49;14.90;;;02.05.2025;1.49;3850104273483;Hrana
Sir kozji Euroser cca 4,5 kg;229381;Euroser;1.0000;kg;22.99;22.99;;;02.05.2025;22.99;5907627471433;Hrana
SIR KOZJI REZANI EUROSER 100 g;229383;Euroser;0.1000;kg;;17.90;1.79;2.59;02.05.2025;2.59;5907627471532;Hrana
MASLAC KOZJI 125 g;229386;Euroser;0.1250;kg;;11.60;1.45;2.12;02.05.2025;2.12;5907627470771;Hrana
CRVE.PAPR. SA SIROM CAMP.250 g;229393;Euroser;0.1500;kg;3.79;25.27;;;02.05.2025;3.79;5902431270753;Hrana
ULO©.HIG.VIOLETA COTTON 10/1;229396;Violeta;10.0000;kom;1.53;0.15;;;02.05.2025;1.53;3870128008045;Toaletne potrep¹tine
ULO©.HIG.VIOLETA COTTON 20/1;229397;Violeta;20.0000;kom;2.65;0.13;;;02.05.2025;2.65;3870128008069;Toaletne potrep¹tine
ULO©.HIG.VIOLETA COTTON 20/1;229399;Violeta;20.0000;kom;2.65;0.13;;;02.05.2025;2.65;3870128007949;Toaletne potrep¹tine
ULO©.HIG.VIOLETA COTTON 10/1;229400;Violeta;10.0000;kom;1.53;0.15;;;02.05.2025;1.53;3870128007925;Toaletne potrep¹tine
POSL.ZA PSE SCOTTY MINIS 60 g;229406;Scotty;0.0600;kg;1.59;26.50;;;02.05.2025;1.59;9100000693668;Proizvodi za kuæanstvo
TEK.DET.FROSCH BABY 1,5 L ;229407;Frosch;1.5000;L;;3.90;5.85;7.35;02.05.2025;7.35;4009175968616;Sredstva za èi¹æenje
DENTASTIX SCOTTY 720 g;229421;Scotty;0.7200;kg;4.99;6.93;;;02.05.2025;4.99;9100000694559;Proizvodi za kuæanstvo
GEL TU©.FA PINK JASMIN 250 ml;229485;Fa;0.2500;L;2.75;11.00;;;02.05.2025;2.75;9000100935449;Kozmetika
REG.ELSEVE HUILE EXT 200 ml;229504;Elseve;0.2000;L;;16.45;3.29;4.39;02.05.2025;4.39;3600522451303;Kozmetika
©AMP.ELSEVE HUILE EXT 250 ml;229505;Elseve;0.2500;L;;13.16;3.29;4.39;02.05.2025;4.39;3600522449393;Kozmetika
BOJA ZA KOSU PALETTE ICC LG5;229556;Palette;1.0000;kom;;3.49;3.49;4.25;02.05.2025;4.25;3838824307480;Kozmetika
SPAR OKRUGLICE OD KRUHA 200 g;229658;SPAR;0.2000;kg;1.79;8.95;;;02.05.2025;1.72;9100000737935;Hrana
PASTA GOT2B PHENOMENAL 100 ml;229659;Got2b;0.1000;L;7.95;79.50;;;02.05.2025;7.95;9000100929899;Kozmetika
PEÈENI GRAH S-BUDGET 415 g;229679;S-Budget;0.4150;kg;2.09;5.04;;;02.05.2025;2.09;3830046457707;Hrana
TUNA SALATA SPAR TEKSA©.280 g;229680;SPAR;0.2800;kg;2.99;10.68;;;02.05.2025;2.99;3830046450852;Hrana
TUNA SALATA SPAR MEKS.280 g;229681;SPAR;0.2800;kg;2.99;10.68;;;02.05.2025;2.99;3830046450845;Hrana
POSL.ZA PSE PEDIG.BISC.500 g;229682;Pedigree;0.5000;kg;3.99;7.98;;;02.05.2025;3.99;5998749127322;Proizvodi za kuæanstvo
OCAT JABUÈNI ENCIAN 700 ml;229683;;0.7000;l;3.79;5.41;;;02.05.2025;3.79;3858890100747;Hrana
SRE.ZA ÈI©Æ.KERAM.PLOÈA 200 ml;229743;Cera Clen;0.2000;L;3.71;18.55;;;02.05.2025;3.71;4002448006473;Sredstva za èi¹æenje
JOG.VOÆNI BOROVNICA SPAR 500 g;229787;SPAR;0.5000;kg;1.29;2.58;;;02.05.2025;1.29;9100000020747;Hrana
ÈAJ IMUNOSTRES DARVITALIS 50 g;229823;Darvitalis;0.0500;kg;3.99;79.80;;;02.05.2025;3.99;3858890830910;Piæa
ÈAJ GASTRO DAL DARVITALIS 50 g;229831;Darvitalis;0.0500;kg;3.99;79.80;;;02.05.2025;3.99;3859888245990;Piæa
TUNA S-BUDGET KOMADIÆI 185 g;229949;S-Budget;0.1300;kg;1.39;10.69;;;02.05.2025;1.39;3858889119057;Hrana
VINO MIRAZ GRA©EVINA 0,75 L;230044;;0.7500;l;10.02;13.36;;;02.05.2025;10.02;3859892201074;Piæa
VINO DIKA ROSE 0,75 L;230046;;0.7500;l;6.72;8.96;;;02.05.2025;6.72;3859892201197;Piæa
KRUH FINI DOMAÆI PAK.700 g;230087;Klara;0.7000;kg;2.25;3.21;;;02.05.2025;2.25;3856016900493;Hrana
KOBASICA ÈAJNA 300 g;230089;Gavrilovic;0.3000;kg;6.19;20.63;;;02.05.2025;6.19;3858890203837;Hrana
ZAM.MLIJEKO HIPP COMB.12 600 g;230131;Hipp;0.6000;kg;12.79;21.32;;;02.05.2025;12.79;4062300447240;Hrana
DEO SPRAY FA GREEN TEA 150 ml;230145;Fa;0.1500;L;3.20;21.33;;;02.05.2025;3.20;9000100936125;Kozmetika
PUDING SA ©LAG.DUKAT ÈOK.170 g;230162;Dukat;0.1700;kg;0.75;4.41;;;02.05.2025;0.75;3850354011576;Hrana
ROLADICE ROLINO CACAO 222 g;230173;Balconi;0.2220;kg;2.22;10.00;;;02.05.2025;2.22;8001585001330;Hrana
ROLADA ROLL MAX CACAO 300 g;230176;Balconi;0.3000;kg;1.99;6.63;;;02.05.2025;1.99;8001585002153;Hrana
DEO SP.REXONA INVISIBLE 150 ml;230215;Rexona;0.1500;L;4.79;31.93;;;02.05.2025;2.99;8712561534444;Kozmetika
DEO STICK REXONA INVISIB.50 ml;230223;Rexona;0.0500;L;4.79;95.80;;;02.05.2025;2.99;96097335;Kozmetika
KAP. DG CAFE AU LAIT 160 g;230233;DOLCE GUSTO;0.1600;kg;5.29;33.06;;5.29;02.05.2025;6.49;7613033174704;Piæa
JUHA U KOCKI GOVEÐA 80 g;230298;;0.0800;kg;1.89;23.63;;;02.05.2025;1.89;3850104274886;Hrana
JUHA U KOCKI GOVEÐA 120 g;230299;;0.1200;kg;2.29;19.08;;;02.05.2025;2.29;3850104274862;Hrana
BOJA EXCELLENCE 500;230310;LOREAL;1.0000;kom;8.49;8.49;;;02.05.2025;8.49;3600523731879;Kozmetika
BOJA ZA KOSU EXCELLENCE 8.1;230312;LOREAL;1.0000;kom;8.49;8.49;;;02.05.2025;8.49;3600523724963;Kozmetika
BOJA ZA KOSU EXCELLENCE 9;230313;LOREAL;1.0000;kom;8.49;8.49;;;02.05.2025;8.49;3600523724895;Kozmetika
BOJA ZA KOSU EXCELLENCE 5.3;230314;LOREAL;1.0000;kom;8.49;8.49;;;02.05.2025;8.49;3600523724871;Kozmetika
VODKA KEGLEVICH CLASSIC 1 L;230335;;1.0000;l;10.99;10.99;;;02.05.2025;10.99;8000440112372;Piæa
SIR BURRATA PREMIUM 120 g;230368;SPAR PREMIUM;0.1200;kg;2.29;19.08;;;02.05.2025;2.29;8001300651598;Hrana
CROISSANT SPAR PREMIUM 360 g;230386;SPAR PREMIUM;0.3600;kg;4.59;12.75;;;02.05.2025;4.59;3831115301020;Hrana
JUHA U KOCKI KOKO©JA POD.120 g;230417;;0.1200;kg;2.29;19.08;;;02.05.2025;2.29;3850104274855;Hrana
PISTACIO S-BUDGET 200 g;230431;S-Budget;0.2000;kg;3.89;19.45;;;02.05.2025;3.59;9100000785271;Hrana
BRUSCHETTE MARETTI 70 g;230479;Maretti;0.0700;kg;;11.29;0.79;0.89;02.05.2025;0.89;3800205873358;Hrana
ULO©CI PAMINA NORMAL 45/1;230494;Pamina;45.0000;kom;1.69;0.04;;;02.05.2025;1.69;9100000946986;Toaletne potrep¹tine
Sir ¹kripavac polutvrdi;230495;Euro Milk;1.0000;kg;12.99;12.99;;;02.05.2025;12.99;3859889770651;Hrana
ULO©CI PAMINA FLEXIFORM 45/1;230496;Pamina;45.0000;kom;1.79;0.04;;;02.05.2025;1.79;9100000946948;Toaletne potrep¹tine
ULO©CI PAMINA MAXI NORMAL 20/1;230500;Pamina;20.0000;kom;1.29;0.06;;;02.05.2025;1.29;9100000946856;Toaletne potrep¹tine
VODA MIVELA BLAGOGAZIRAN.0,5 L;230530;Mivela;0.5000;L;1.39;2.78;;;02.05.2025;1.39;8600599002847;Piæa
ZUB.PASTA COLGATE OPTIC 75 ml;230614;Colgate;0.0750;L;4.19;55.87;;;02.05.2025;3.98;8718951050860;Kozmetika
SREDSTVO PERMETAL 650 ml;230646;Permetal;0.6500;L;3.39;5.22;;;02.05.2025;3.39;3850111753831;Sredstva za èi¹æenje
ROLL ON BIOBAZA MEN BLA.50 ml;230655;Biobaza;0.0500;L;;57.00;2.85;3.85;02.05.2025;3.85;3859892638719;Kozmetika
GEL TU©.BIOBAZA LA./LIM.400 ml;230660;Biobaza;0.4000;L;4.89;12.23;;;02.05.2025;4.89;3859889915519;Kozmetika
©EÆER SMEÐI MUSCOVADO 500 g;230661;Encian;0.5000;kg;4.49;8.98;;;02.05.2025;4.49;3858890100969;Hrana
GEL TU.BIOBAZA B.ENERGY 220 ml;230664;Biobaza;0.2200;L;;11.14;2.45;3.31;02.05.2025;3.31;3859892638344;Kozmetika
PEKM.BAKINA TAJNA ©LJIVA 375 g;230687;Bakina Tajna;0.3750;kg;4.99;13.31;;;02.05.2025;4.99;8600103131971;Hrana
D®EM BAKINA TAJNA JAGODA 375g;230689;Bakina Tajna;0.3750;kg;5.99;15.97;;;02.05.2025;5.99;8606011030344;Hrana
ROLL ON BIOBAZA SILKY 50 ml;230691;Biobaza;0.0500;L;3.85;77.00;;;02.05.2025;3.85;3859892638740;Kozmetika
ROLL ON BIOBAZA GREEN 50 ml;230692;Biobaza;0.0500;L;3.85;77.00;;;02.05.2025;3.85;3859892638733;Kozmetika
ROLL ON BIOBAZA LAVANDER 50 ml;230696;Biobaza;0.0500;L;3.85;77.00;;;02.05.2025;3.85;3859892638726;Kozmetika
GEL TU©.DENIM ORIGINAL 250 ml;230711;Denim;0.2500;L;2.79;11.16;;;02.05.2025;2.79;8008970004266;Kozmetika
GEL TU.DENIM GOLD 250 ml;230713;Denim;0.2500;L;2.79;11.16;;;02.05.2025;2.79;8008970037196;Kozmetika
DEO SPRAY DENIM ORIGIN.150 ml;230714;Denim;0.1500;L;3.39;22.60;;;02.05.2025;3.39;8008970004402;Kozmetika
DEO SPRAY DENIM GOLD 150 ml;230715;Denim;0.1500;L;3.39;22.60;;;02.05.2025;3.39;8008970037776;Kozmetika
D®EM BAK.TAJNA MARELICA 375 g;230721;Bakina Tajna;0.3750;kg;3.99;10.64;;;02.05.2025;3.99;8606102785016;Hrana
D®EM BAK.TAJ.DIVLJA BORO.375 g;230722;;0.3750;kg;5.09;13.57;;;02.05.2025;5.09;8606102785047;Hrana
AJVAR BAKINA TAJNA PATL.300 g;230725;Bakina Tajna;0.3000;kg;5.49;18.30;;;02.05.2025;5.49;8606011031426;Hrana
PINÐUR BAKINA TAJNA 300 g;230726;Bakina Tajna;0.3000;kg;5.49;18.30;;;02.05.2025;5.49;8606011030320;Hrana
LJUTENICA BAKINA TAJNA 300 g;230727;Bakina Tajna;0.3000;kg;5.49;18.30;;;02.05.2025;5.49;8606011035349;Hrana
NAPOLIT.MANNER MIGNON 400 g;230774;Manner;0.4000;kg;4.89;12.23;;;02.05.2025;4.89;9000331607993;Hrana
©AMPON BATISTE DARK 200ml;230823;BATISTE;0.2000;L;5.30;26.50;;;02.05.2025;5.30;5010724527443;Kozmetika
©AMPON BATISTE CHERRY 200ml;230824;BATISTE;0.2000;L;4.59;22.95;;;02.05.2025;4.59;5010724526798;Kozmetika
©AMPON BATISTE BLUSH 200ml;230825;BATISTE;0.2000;L;4.59;22.95;;;02.05.2025;4.59;5010724527375;Kozmetika
©AMPON BATISTE XXL VOL.200 ml;230826;BATISTE;0.2000;L;5.30;26.50;;;02.05.2025;5.30;5010724529072;Kozmetika
TOALETNA TORBICA MEN;230835;Vedeta;1.0000;kom;11.94;11.94;;;02.05.2025;11.94;3858883855371;Toaletne potrep¹tine
NAMAZ VOÆNI MARELICA 500 g;230855;Podravka;0.5000;kg;3.19;6.38;;;02.05.2025;3.19;3850104273520;Hrana
NAM.VOÆNI MIJE©ANO VOÆE 500 g;230859;Podravka;0.5000;kg;3.19;6.38;;;02.05.2025;3.19;3850104273537;Hrana
NAMAZ VOÆNI ©IPAK 500 g;230862;Podravka;0.5000;kg;3.19;6.38;;;02.05.2025;3.19;3850104273544;Hrana
KORE ZA MAÐARICU 440 g;230892;;0.4400;kg;3.19;7.25;;;02.05.2025;3.18;8606101301842;Hrana
KORE ZA MEDENU PITU 450 g;230894;;0.4500;kg;3.19;7.09;;;02.05.2025;3.18;8606101301606;Hrana
KORE ZA ROZEN KOLAÈ 430 g;230895;;0.4300;kg;3.19;7.42;;;02.05.2025;3.18;8606101301026;Hrana
PUDING VANILIJA PODRAVKA 37 g;230896;Podravka;0.0370;kg;0.70;18.92;;;02.05.2025;0.70;3850104274800;Hrana
JUHA U KOCKI POD.KOKO©JA 80 g;230897;Podravka;0.0800;kg;1.89;23.63;;;02.05.2025;1.89;3850104274879;Hrana
JUHA U KOCKI POD.KOKO©JA 40 g;230898;Podravka;0.0400;kg;1.19;29.75;;;02.05.2025;1.19;3850104267208;Hrana
JUHA U KOCKI POD.GOVEÐA 40 g;230899;Podravka;0.0400;kg;1.19;29.75;;;02.05.2025;1.19;3850104274831;Hrana
VL.MAR.VIOLETA BADEM 2X56/1;230912;Violeta;112.0000;kom;3.59;0.03;;;02.05.2025;3.59;3870128007284;Toaletne potrep¹tine
RAKIJA TRAVA STRAVA 1 L;230913;;1.0000;l;12.52;12.52;;;02.05.2025;12.52;3859889132992;Piæa
MAÈJA HRANA SHEBA 85 g;230918;Sheba;0.0850;kg;1.09;12.82;;;02.05.2025;1.09;4008429069758;Proizvodi za kuæanstvo
KAJMAK PRESIDENT 100 g;230956;President;0.1000;kg;2.45;24.50;;;02.05.2025;2.45;8606002112684;Hrana
SAV.LEDO S TAMN.ÈOK./VI©.500 g;230961;Ledo;0.5000;kg;4.19;8.38;;;02.05.2025;4.19;3850116103068;Hrana
BIO ÐUMBIR NP 300 g;230965;Natur pur;0.3000;kg;2.99;9.97;;;02.05.2025;2.99;3831115306858;Hrana
KRASTAVCI SPAR KORN.MED 350 g;231024;SPAR;0.1900;kg;1.79;9.42;;;02.05.2025;1.79;9100000771687;Hrana
KRASTAVCI SPAR KORN.CHIL.350 g;231026;SPAR;0.1900;kg;1.79;9.42;;;02.05.2025;1.79;9100000771700;Hrana
DEO SPRAY AXE BLACK 150 ml;231057;Axe;0.1500;L;4.55;30.33;;;02.05.2025;4.55;8712561614122;Kozmetika
GEL ZA TU©.AXE BLACK 250 ml;231059;Axe;0.2500;L;2.99;11.96;;;02.05.2025;2.99;8710447276600;Kozmetika
BRITV.WILKINSON ULTIMATE P.4/1;231063;Wilkinson;4.0000;kom;4.39;1.10;;4.39;02.05.2025;6.29;4027800874064;Kozmetika
TJESTENINA BAR.PENNE BG.400 g;231066;Barilla;0.4000;kg;4.69;11.73;;;02.05.2025;4.69;8076809545457;Hrana
TJESTENINA BAR.SPAGH.BG.400 g;231068;Barilla;0.4000;kg;4.69;11.73;;;02.05.2025;4.69;8076809545440;Hrana
TJESTENINA BARILA FUS.BG.400 g;231069;Barilla;0.4000;kg;4.69;11.73;;;02.05.2025;4.69;8076809545464;Hrana
©EÆER LIMUN DOLCELA 3X10g 30 g;231175;Podravka;0.0300;kg;0.89;29.67;;;02.05.2025;0.89;3850104272103;Hrana
©EÆER RUM DOLCELA 3X10 g 30 g;231176;Podravka;0.0300;kg;0.89;29.67;;;02.05.2025;0.89;3850104272097;Hrana
®ELATINA MLJEV.DOL. 3X10g 30 g;231178;Podravka;0.0300;kg;2.29;76.33;;;02.05.2025;2.29;3850104272080;Hrana
PRELJ.ZA TORTE DOL.3X13 g 39 g;231179;Podravka;0.0390;kg;2.09;53.59;;;02.05.2025;2.09;3850104272066;Hrana
KUKURUZ NATUR PUR 340 g;231184;Spar Natur pur;0.2850;kg;1.99;6.98;;;02.05.2025;1.99;9100000076478;Hrana
GRA©AK MRKVA NATUR PUR 400 g;231185;Spar Natur pur;0.2650;kg;2.29;8.64;;;02.05.2025;2.29;9100000772400;Hrana
GRAH NATUR PUR BIJELI 400 g;231187;Spar Natur pur;0.2400;kg;1.59;6.63;;;02.05.2025;1.59;9100000747385;Hrana
GRAH NATUR PUR CRVENI 400 g;231188;Spar Natur pur;0.2400;kg;1.49;6.21;;;02.05.2025;1.49;9100000747408;Hrana
©EÆER VANILIJA DOLCELA 30 g;231190;;0.0300;kg;1.19;39.67;;;02.05.2025;1.19;3850104272110;Hrana
SIR MOZZ. BUFFALA GALBAN.125 g;231205;Galbani;0.1250;kg;3.19;25.52;;;02.05.2025;3.19;8000430130164;Hrana
SOK SUPRISE JABUKA 0,3 L;231210;;0.3000;l;1.52;5.07;;;02.05.2025;1.52;8594023921050;Piæa
SOK SURPRISE MULTI.0,3 L;231214;;0.3000;l;1.52;5.07;;;02.05.2025;1.52;8594023921043;Piæa
SOK SUPRISE JAGODA 0,3 L;231219;;0.3000;l;1.52;5.07;;;02.05.2025;1.52;8594023923214;Piæa
DEO SP.OLD SPICE WHITEW.150 ml;231222;Old Spice;0.1500;L;;20.53;3.08;3.85;02.05.2025;3.85;4084500479821;Kozmetika
DEO ST.OLD SPICE WHITEW.50 ml;231235;Old Spice;0.0500;L;;61.60;3.08;3.20;02.05.2025;3.20;8700216162180;Kozmetika
DEO ST.OLD SPICE ORIGINA.50 ml;231236;Old Spice;0.0500;L;;61.60;3.08;3.85;02.05.2025;3.85;4084500490543;Kozmetika
VINO ROSO DINGAÈ 0,75 L;231245;;0.7500;l;14.79;19.72;;;02.05.2025;14.79;3859888568822;Piæa
VINO ROSO PO©IP 0,75 L;231246;;0.7500;l;10.99;14.65;;;02.05.2025;10.99;3859888568853;Piæa
GLJIVE JABLANOVAÈE 150 g;231332;;0.1500;kg;2.79;18.60;;;02.05.2025;2.79;3859889098236;Hrana
D®EM DIDA BO®A MANDARINA 690 g;231336;Dida Boza;0.6900;kg;5.69;8.25;;;02.05.2025;5.69;3859892699666;Hrana
KINDER CHOCOLATE MINI 120 g;231352;Kinder;0.1200;kg;;20.42;2.45;3.09;02.05.2025;3.09;8000500256213;Hrana
PUREÆI ODRESCI 450 g;231414;AiA;0.4500;kg;5.3;11.78;;;02.05.2025;5.3;8008110001353;Hrana
KREMA NIVEA MEN 150 ml;231429;Nivea;0.1500;L;;27.27;4.09;5.49;02.05.2025;5.49;9005800239958;Kozmetika
TABLETE FINISH QUANTUM 60/1;231458;Finish;60.0000;kom;14.99;0.25;;;02.05.2025;14.99;5908252004881;Sredstva za èi¹æenje
PUREÆ.PLJESKAVICE VINDON 400 g;231509;Vindija;0.4000;kg;4.49;11.23;;;02.05.2025;4.49;3850339439104;Hrana
PUREÆI ÆEVAPÈIÆI VINDON 400 g;231511;Vindija;0.4000;kg;4.49;11.23;;;02.05.2025;4.49;3850339439005;Hrana
Tuna filet ¾utoperajna;231675;;1.0000;kg;17.89;17.89;;16.99;02.05.2025;16.99;;Hrana
PUDING ÈOKOLADA PODRAVKA 45 g;231762;Podravka;0.0450;kg;0.70;15.56;;;02.05.2025;0.70;3850104274817;Hrana
JUHA KREM OD ©AMPINJONA 63 g;231764;Podravka;0.0630;kg;1.39;22.06;;;02.05.2025;1.39;3850104274626;Hrana
JUHA KREM OD BROKULE 57 g;231766;Podravka;0.0570;kg;1.39;24.39;;;02.05.2025;1.39;3850104274589;Hrana
RAJÈICA BUMBLEBEE 200 g;231825;;0.2000;kg;2.79;13.95;;;02.05.2025;2.79;3859890369141;Hrana
SOK H.D. MULTIV.RED 100% 0,2 L;231866;Happy Day;0.2000;l;0.79;3.95;;;02.05.2025;0.79;9008700143035;Piæa
NAMAZ SA ÈILIJEM 2X50 g;231870;Vegetariana;0.1000;kg;1.89;18.90;;;02.05.2025;1.89;3859892560317;Hrana
NAREZAK BEZ MES.S MASLIN.300 g;231871;Vegetariana;0.3000;kg;4.29;14.30;;;02.05.2025;4.29;3859892560133;Hrana
D®EM PRIMA FRUTTA JAGODA 240 g;231899;Prima;0.2400;kg;3.39;14.13;;;02.05.2025;3.39;8008660095031;Hrana
D®EM PRIMA FR.BRESK.MARA.240 g;231905;Prima;0.2400;kg;3.39;14.13;;;02.05.2025;3.39;8008660095062;Hrana
D®EM PRIM.FRUTTA TRE©NJA 240 g;231908;Prima;0.2400;kg;3.39;14.13;;;02.05.2025;3.39;8008660095024;Hrana
D®EM PRIMA FRUTTA MALINA 240 g;231911;Prima;0.2400;kg;4.99;20.79;;;02.05.2025;4.99;8008660095055;Hrana
D®EM PRIMA FRUT.MARELICA 240 g;231912;Prima;0.2400;kg;3.39;14.13;;;02.05.2025;3.39;8008660095017;Hrana
D®EM PRIMA FRUT.©UM.VOÆE 240 g;231913;Prima;0.2400;kg;4.29;17.88;;;02.05.2025;4.29;8008660095048;Hrana
KOLAÈ KINDER ©NITA 80 g;231915;;0.0800;kg;1.39;17.38;;;02.05.2025;1.39;3858889612589;Hrana
KOLAÈ ESTERHAZY ©NITA 80 g;231916;;0.0800;kg;1.39;17.38;;;02.05.2025;1.39;3858889612626;Hrana
Kolaè ¹umsko voæe kocka 80 g;231917;;0.0800;kg;1.39;17.38;;;02.05.2025;1.39;3858889612688;Hrana
SVJ.LIS.TIJESTO S-BUDGET 275 g;231928;S-Budget;0.2750;kg;1.19;4.33;;0.99;02.05.2025;1.19;9100000830254;Hrana
SLAD.KING DOUBLE MINI 4x60 ml;231934;Ledo;0.2400;L;5.59;23.29;;;02.05.2025;5.59;3850116005973;Hrana
SLAD.SNJEGULJICA 6x65 ml;231935;Ledo;0.3900;L;;9.46;3.69;4.95;02.05.2025;4.95;3850116065168;Hrana
SPR.PR.INS.OLIVAL 100 ml;231936;Olival;0.1000;L;9.99;99.90;;;02.05.2025;9.99;3859892751548;Proizvodi za kuæanstvo
SPRAY PR.INSEKAT OLIVAL 100 ml;231940;Olival;0.1000;L;9.59;95.90;;;02.05.2025;9.59;3859892751555;Proizvodi za kuæanstvo
JUHA KREM OD RAJÈICE 60 g;231975;Podravka;0.0600;kg;1.39;23.17;;;02.05.2025;1.39;3850104274619;Hrana
JUHA KREM OD GLJIVA 54 g;231977;Podravka;0.0540;kg;1.39;25.74;;;02.05.2025;1.39;3850104274596;Hrana
JUHA KREM OD ©PAROGA 55 g;231978;Podravka;0.0550;kg;1.39;25.27;;;02.05.2025;1.39;3850104274633;Hrana
PJEN.VINO BRUT D ARGENT 1,5 L;231980;;1.5000;l;15.22;10.15;;;02.05.2025;15.22;3263287318900;Piæa
TOAST AMERICAN SANDWICH 550 g;231994;;0.5500;kg;2.59;4.71;;;02.05.2025;2.59;8006837000918;Hrana
MLIJEÈNA PECIVA 400 g;231995;;0.4000;kg;2.92;7.30;;;02.05.2025;2.92;8006837001083;Hrana
KOLAÈ SLATKI SIR 250 g;232021;;0.2500;kg;4.59;18.36;;;02.05.2025;4.59;3859890209577;Hrana
©UMSKO VOÆE SPAR 250 g;232092;SPAR;0.2500;kg;1.99;7.96;;;02.05.2025;1.99;9100000965727;Hrana
JAGODE SPAR 250 g;232094;SPAR;0.2500;kg;1.39;5.56;;;02.05.2025;1.39;9100000965680;Hrana
MALINE SPAR 250 g;232095;SPAR;0.2500;kg;2.99;11.96;;;02.05.2025;2.99;9100000965703;Hrana
PIVO ZLATNI PAN 0,5 L 4PACK;232127;Pan;2.0000;l;;2.13;4.25;4.71;02.05.2025;5.11;3858887580651;Piæa
TUNA PA©TETA EVA 95 g;232154;Eva;0.0950;kg;1.79;18.84;;;02.05.2025;1.79;3850104274978;Hrana
KAVA S BUDGET CREMA ZRN.1 kg;232354;S-Budget;1.0000;kg;17.99;17.99;;;02.05.2025;17.99;9100100135006;Piæa
HUMMUS ZEL.PAPR.NAMAZ 250 g;232370;Sana;0.2500;kg;2.99;11.96;;2.96;02.05.2025;3.49;3859892873110;Hrana
HUMMUS ZRN.SLANUTKA NAMA.250 g;232371;Sana;0.2500;kg;;11.96;2.99;3.04;02.05.2025;3.58;3859892873080;Hrana
HUMMUS ÈILI NAMAZ 250 g;232372;Sana;0.2500;kg;2.99;11.96;;2.96;02.05.2025;3.49;3859892873059;Hrana
Pi¹molj oèi¹æeni;232373;;1.0000;kg;6.99;6.99;;;02.05.2025;6.99;93856024301209;Hrana
HUMMUS CLASIC NAMAZ 250 g;232375;Sana;0.2500;kg;2.99;11.96;;2.96;02.05.2025;3.49;3859892873011;Hrana
HUMMUS CLASSIC NAMAZ 100 g;232376;Sana;0.1000;kg;1.35;13.50;;1.31;02.05.2025;1.55;3859892873028;Hrana
KREKERI SCOTTI RI®.INTEG.150 g;232403;Scotti;0.1500;kg;2.59;17.27;;;02.05.2025;2.52;8001860258633;Hrana
SODA BIKARBON ENCIAN 500 g;232425;Encian;0.5000;kg;2.49;4.98;;;02.05.2025;2.49;3858890101256;Hrana
SIR ©KRIP. EUROMILK cca 350 g;232427;Euro Milk;1.0000;kg;13.59;13.59;;;02.05.2025;13.59;3859889770668;Hrana
DEO SPR.NIVEA FRESH FLO.150 ml;232471;Nivea;0.1500;L;4.99;33.27;;;02.05.2025;4.99;9005800250342;Kozmetika
DEO ROLL ON NIVEA F.COMF.50 ml;232479;Nivea;0.0500;L;4.99;99.80;;;02.05.2025;4.99;42283409;Kozmetika
PIVO HOLSTEN 0,5 L LIMENKA;232487;Holsten;0.5000;l;1.05;2.10;;;02.05.2025;1.05;3858887584208;Piæa
OSV.GLADE SPRAY LAVANDA 300 ml;232497;Glade;0.3000;L;3.69;12.30;;;02.05.2025;3.69;8002030116555;Sredstva za èi¹æenje
SLAD.TWIX X-TRA PRUTIÆ 47 g;232535;Mars;0.0470;kg;1.89;40.21;;;02.05.2025;1.89;5000159484640;Hrana
JAJA S-BUDGET M 6/1;232536;S-BUDGET;6.0000;kom;1.59;0.27;;;02.05.2025;1.59;3858889119675;Hrana
KEKS MILKA LILA STIX 112 g;232542;Milka;0.1120;kg;2.59;23.13;;;02.05.2025;2.59;7622210406354;Hrana
KEKS JAFFA KAKAO I NARAN.120 g;232547;Jaffa;0.1200;kg;1.39;11.58;;;02.05.2025;1.39;3850102505081;Hrana
OSVJ.ZA WC BREF AKTIV 2X50 g;232565;Bref;0.1000;kg;3.95;39.50;;;02.05.2025;3.95;9000100956123;Sredstva za èi¹æenje
MASLAC IRSKI TRADICIONAL.200 g;232676;Euroser;0.2000;kg;3.49;17.45;;;02.05.2025;3.49;5907627470306;Hrana
SIR OLD AMSTERD.KOCKICE 150 g;232677;Euroser;0.1500;kg;5.69;37.93;;;02.05.2025;5.69;8710243964268;Hrana
ÈAJNO PECIVO SPAR LINCERI 400g;232803;SPAR;0.4000;kg;2.49;6.23;;;02.05.2025;2.49;3856021200076;Hrana
CAPPUCINO SPAR FREE FROM 400 g;232874;SPAR free from;0.4000;kg;4.39;10.98;;;02.05.2025;4.39;9100000703305;Hrana
GEL CALGON 750 ml;232915;Calgon;0.7500;L;8.99;11.99;;;02.05.2025;8.99;5997321700267;Sredstva za èi¹æenje
SUD®UK 400 g;232979;Gavrilovic;0.4000;kg;10.89;27.23;;;02.05.2025;10.89;3858890203691;Hrana
ULJE GO TAN-WOK 250 ml;233010;;0.2500;L;;11.40;2.85;4.59;02.05.2025;4.59;8710605026559;Hrana
ULJE SEZAM GO TAN 250 ml;233014;;0.2500;L;;15.56;3.89;6.29;02.05.2025;6.29;8710605026030;Hrana
MAST BILJNA ZVIJEZDA 500 g;233017;Zvijezda;0.5000;kg;2.65;5.30;;;02.05.2025;2.65;3858882210201;Hrana
VINO VRANAC 1 L KG PET;233046;;1.0000;L;3.05;3.05;;;02.05.2025;3.05;3859891270194;Piæa
VINO PRIMORES VRANAC 0,75 L;233047;;0.7500;l;3.42;4.56;;;02.05.2025;3.42;3859889132879;Piæa
PIVO BUDWEISER TAMNO P.A.0,5 L;233049;Budweiser Budvar;0.5000;l;1.35;2.70;;;02.05.2025;1.35;8594403705300;Piæa
VINO GRA©EVINA 1 L KG PET;233053;;1.0000;L;3.25;3.25;;;02.05.2025;3.25;3859891270941;Piæa
CEDEVITA LIMUN I BAZGA 200 g;233062;Cedevita;0.2000;kg;2.09;10.45;;;02.05.2025;2.09;3850322009871;Piæa
KIKIRIKI S-BUDGET LIMEN. 500 g;233130;S-Budget;0.5000;kg;3.59;7.18;;;02.05.2025;3.59;9100000698168;Hrana
ULJE KONOPLJINO GEA 250 ml;233197;Gea;0.2500;L;4.49;17.96;;;02.05.2025;4.49;3830000146524;Hrana
ULJE LANENO GEA 250 ml;233200;Gea;0.2500;L;3.09;12.36;;;02.05.2025;3.09;3830000146531;Hrana
BIO KRU©KA NATUR PUR 500 g;233234;SPAR Natur*pur;0.5000;kg;1.69;3.38;;1.56;02.05.2025;2.09;3831115306919;Hrana
MLIJE.KOZJE SVJE®E SPAR 0,75 L;233235;SPAR;0.7500;L;1.99;2.65;;;02.05.2025;1.99;9100000700380;Hrana
BIO POVRÆE ZA JUHU NP 500 g;233237;SPAR Natur*pur;0.5000;kg;2.59;5.18;;;02.05.2025;2.59;3831115307039;Hrana
BIO PER©IN KORIJEN NP 300 g;233240;SPAR Natur*pur;0.3000;kg;1.89;6.30;;;02.05.2025;1.99;3831115306865;Hrana
BIO PORILUK NATUR PUR 300 g;233242;SPAR Natur*pur;0.3000;kg;2.49;8.30;;;02.05.2025;2.49;3831115306889;Hrana
BIO CELER KORIJEN NP  500 g;233246;SPAR Natur*pur;0.5000;kg;1.69;3.38;;;02.05.2025;1.69;3831115307008;Hrana
BIO CELER LIST NATUR PUR 350 g;233248;SPAR Natur*pur;0.3500;kg;1.69;4.83;;;02.05.2025;1.89;3831115306834;Hrana
SLAD.MINI SNACK DESPAR 6x55 g;233347;Despar;0.3300;kg;3.99;12.09;;;02.05.2025;3.99;8001300671350;Hrana
KAVA ESPR.SEGAFR. ZRNO 500 g;233374;Segafredo;0.5000;kg;12.69;25.38;;;02.05.2025;12.69;8003410311027;Piæa
KAVA SEGAF.SEL.CREMA ZR. 500 g;233378;Segafredo;0.5000;kg;13.19;26.38;;;02.05.2025;13.19;9001810011645;Piæa
KAVA SEGAFREDO MOKA 250g;233380;Segafredo;0.2500;kg;6.49;25.96;;;02.05.2025;6.49;8003410344254;Piæa
KAVA BARCAFFE BLACK & EASY 8 g;233417;Barcaffe;0.0080;kg;0.35;43.75;;;02.05.2025;0.35;3838471028844;Piæa
LEDENI ÈAJ SPAR BRESKVA 1,5 L;233444;SPAR;1.5000;l;1.45;0.97;;;02.05.2025;1.42;5999138200268;Piæa
LEDENI ÈAJ SPAR LIMUN 1,5 L;233445;SPAR;1.5000;l;1.45;0.97;;;02.05.2025;1.42;5999138200275;Piæa
JOGURT ACTIVIA ®ITARIC.4X125 g;233466;Danone;0.5000;kg;2.49;4.98;;;02.05.2025;2.49;5941209001922;Hrana
JOGURT ACTIV.MUSLI MIX 4X125 g;233475;Danone;0.5000;kg;2.49;4.98;;;02.05.2025;2.49;5997536301945;Hrana
KEKS MINI MADELEINES 175 g;233508;St Michel Biscuits;0.1750;kg;2.59;14.80;;;02.05.2025;2.59;3178530402353;Hrana
KEKS MINI MADEL.ÈOKOLADA 175 g;233509;St Michel Biscuits;0.1750;kg;2.59;14.80;;;02.05.2025;2.59;3178530407938;Hrana
KEKS MINI MADELEINES 250 g;233517;St Michel Biscuits;0.2500;kg;3.29;13.16;;;02.05.2025;3.29;3178531008110;Hrana
JOG.GRÈKI TIP VILIKIS 150 g;233523;Z Bregov;0.1500;kg;0.99;6.60;;;02.05.2025;0.99;3850108030594;Hrana
SIR GALBANI GRANA PADANO 200 g;233547;Galbani;0.2000;kg;6.49;32.45;;;02.05.2025;6.49;8000430388367;Hrana
SIR RICOTTA GALBANI 250 g;233550;Galbani;0.2500;kg;2.29;9.16;;;02.05.2025;2.29;8000430194012;Hrana
JOGURT LIMUN KOLAÈ DUKAT.150 g;233552;Dukat;0.1500;kg;0.99;6.60;;;02.05.2025;0.99;3850354010944;Hrana
PJENA NIVEA MEN SENSIT.200 ml;233640;Nivea;0.2000;L;;14.95;2.99;3.99;02.05.2025;4.79;9005800249209;Kozmetika
ÈOK.KINDER COUNTRY 94 g;233658;Kinder;0.0940;kg;2.49;26.49;;;02.05.2025;2.49;8000500199985;Hrana
DESPAR VODA MINERAL. NEGAZ.1 L;233671;Despar;1.0000;l;.45;0.45;;;02.05.2025;.42;8001300150893;Piæa
SKU©A EVA FIL.MEDITERAN 115 g;233673;Eva;0.0810;kg;3.59;44.32;;;02.05.2025;3.59;3850104275050;Hrana
ÈOKOLADNI KOLAÈ SPAR 400 g;233698;SPAR;0.4000;kg;2.89;7.23;;;02.05.2025;2.89;9100000695631;Hrana
MRAMORNI KOLAÈ SPAR 400 g;233700;SPAR;0.4000;kg;2.89;7.23;;;02.05.2025;2.89;9100000695617;Hrana
INSTANT KAVA SPAR CREMA 150 g;233703;SPAR;0.1500;kg;5.99;39.93;;;02.05.2025;5.99;9100000757797;Piæa
KA©ICA HIPP JAB.MAN.BAN.190 g;233738;Hipp;0.1900;kg;1.67;8.79;;;02.05.2025;1.67;4062300293779;Hrana
PIVO LOWENBRAU 2 L;233797;Löwenbräu;2.0000;l;2.68;1.34;;;02.05.2025;2.68;3850131004654;Piæa
®ICA S DETERD®ENTOM BRAVO 10/1;233847;;10.0000;kom;2.19;0.22;;;02.05.2025;2.19;3858882680141;Proizvodi za kuæanstvo
WHISKEY JW DOUBLE BLACK 0,7 L;233861;Johnnie Walker;0.7000;l;50.28;71.83;;;02.05.2025;50.28;5000267116426;Piæa
RUM CPT MORGAN WHITE 0,7 L;233862;Captain Morgan;0.7000;l;19.89;28.41;;;02.05.2025;18.92;5000281040899;Piæa
GEL TU©.AFRODITA ARGAN 250 ml;233890;Afrodita;0.2500;L;2.95;11.80;;;02.05.2025;2.95;3831070651024;Kozmetika
OSVJ.PIÆE.S OKUS KRU©.ME.0,5 L;233898;S-Budget;0.5000;l;.85;1.70;;;02.05.2025;.82;9100000700601;Piæa
OSVJ.PIÆE S OKU.KUP.LIME.0,5 L;233900;S-Budget;0.5000;l;.85;1.70;;;02.05.2025;.82;9100000700625;Piæa
SLAD.VANILIJA-JAG.DESPAR 6x50g;233997;Despar;0.3000;kg;2.49;8.30;;;02.05.2025;2.49;8001300671312;Hrana
KRUMPIR KRI©KE WEDG.SPAR 750 g;234001;SPAR;0.7500;kg;2.65;3.53;;;02.05.2025;2.65;9100000701981;Hrana
PA©TETA PIKETA ÈAJNA 95 g;234066;Podravka;0.0950;kg;1.19;12.53;;;02.05.2025;1.19;3850104277788;Hrana
Kruh kornsteak 500 g;234114;Bäckerei SPAR;0.5000;kg;2.06;4.12;;;02.05.2025;2.06;;Hrana
SPU®VA TRENDY 3/1;234139;;3.0000;kom;1.79;0.60;;;02.05.2025;1.79;3858882682725;Proizvodi za kuæanstvo
KAVA LATTE MAC.PARMALAT 200 ml;234189;Dukat;0.2000;l;2.09;10.45;;;02.05.2025;2.09;8594002782023;Piæa
KAVA LATTE CAPP.PARMAL.200 ml;234190;Dukat;0.2000;L;2.09;10.45;;;02.05.2025;2.09;8594002782016;Piæa
PREZERVATIV YOU&ME LUBRIK. 3/1;234218;Vulkan;3.0000;kom;2.55;0.85;;;02.05.2025;2.55;8594068382519;Toaletne potrep¹tine
VINO CASAL MENDES VERDE 0,75 L;234242;;0.7500;l;6.99;9.32;;;02.05.2025;6.4;5601213188216;Piæa
VINO ALIANCA TINTO 0,75 L;234244;;0.7500;l;7.49;9.99;;;02.05.2025;6.4;5601237241225;Piæa
PIVO O®UJSKO GREJP 2 L;234246;O¾ujsko;2.0000;l;3.39;1.70;;;02.05.2025;3.39;3850131003985;Piæa
PIVO O®UJSKO LIMUN 2 L;234247;O¾ujsko;2.0000;l;3.39;1.70;;;02.05.2025;3.39;3850131004012;Piæa
®ITARICE NESTLE CHEERIOS 375 g;234262;Nestle;0.3750;kg;4.59;12.24;;;02.05.2025;4.39;5900020022745;Hrana
TURPIJA ZA NOKTE TITANIA 1/1;234269;Titania;1.0000;kom;1.89;1.89;;;02.05.2025;1.89;3838562204119;Toaletne potrep¹tine
®ITAR. NESTLE CINI MINIS 375 g;234283;Nestle;0.3750;kg;4.59;12.24;;;02.05.2025;4.39;5900020022769;Hrana
SKIDAÈ TVRDE KO®E TITANIA 1/1;234297;Titania;1.0000;kom;2.69;2.69;;;02.05.2025;2.69;3831016471822;Toaletne potrep¹tine
GRICKALICA TITANIA 1052/2 1/1;234330;Titania;1.0000;kom;2.79;2.79;;;02.05.2025;2.79;3831016471891;Toaletne potrep¹tine
Kruh integralni 500 g;234465;Bäckerei SPAR;0.5000;kg;1.19;2.38;;;02.05.2025;1.19;;Hrana
®ITARICE NESTLE FITNESS 625 g;234474;Nestle;0.6250;kg;6.29;10.06;;;02.05.2025;6.29;7613035265769;Hrana
PIVO STAROPRAMEN LIM 0,5 L;234479;Staropramen;0.5000;l;1.62;3.24;;;02.05.2025;1.52;3850131003398;Piæa
BOMBONI GUM.SPAR TRE©NJA 200g;234490;SPAR;0.2000;kg;1.19;5.95;;;02.05.2025;1.19;9100000693279;Hrana
SLADOLED TWIX 6x34,2 g;234537;Twix;0.2050;kg;4.99;24.34;;;02.05.2025;4.99;5000159484695;Hrana
SLADOLED BOUNTY 6x39,1 g;234540;Bounty;0.2340;kg;4.99;21.32;;;02.05.2025;4.99;5000159483063;Hrana
®ICA ÈELIÈNA 1/1;234553;;1.0000;kom;0.99;0.99;;;02.05.2025;0.99;3859888122451;Proizvodi za kuæanstvo
HRENOVKA PILEÆA EXTRA 200 g;234586;Perutnina;0.2000;kg;1.02;5.10;;;02.05.2025;1.02;3838977014204;Hrana
BLAZ..JASMIN SOFT NATURE 80/1;234706;Jasmin;80.0000;kom;1.95;0.02;;;02.05.2025;1.95;3838985882086;Toaletne potrep¹tine
PA©TETA PIKETA JETRENA 95 g;234717;Podravka;0.0950;kg;1.25;13.16;;;02.05.2025;1.25;3850104277795;Hrana
CORNFLAK.KUK.PAH.NESTLE 500 g;234732;Nestle;0.5000;kg;4.29;8.58;;;02.05.2025;4.29;5900020025456;Hrana
CORN FLAKES NESTLE 250 g;234734;Nestle;0.2500;kg;2.49;9.96;;;02.05.2025;2.49;5900020025432;Hrana
BRIJAÈ GILLETTE PROGLIDE 2UP;234762;Gillette;1.0000;kom;14.99;14.99;;14.99;02.05.2025;14.89;7702018390816;Kozmetika
PELENE GAÆICE PAMPERS 44/1;234765;Pampers;44.0000;kom;14.99;0.34;;14.99;02.05.2025;14.99;8006540069356;Toaletne potrep¹tine
PELENE GAÆICE PAMPERS 48/1;234768;Pampers;48.0000;kom;14.99;0.31;;14.99;02.05.2025;14.99;8006540069325;Toaletne potrep¹tine
PELENE GAÆICE PAMPERS 52/1;234769;Pampers;52.0000;kom;14.99;0.29;;14.99;02.05.2025;14.99;8006540069264;Toaletne potrep¹tine
TRAJNI KOLAÈ S KREMOM 300 g;234789;;0.3000;kg;3.59;11.97;;;02.05.2025;3.59;8015854140453;Hrana
®ITNA KA©ICA KEKS.JAB.KA.200 g;234834;Lino;0.2000;kg;2.49;12.45;;;02.05.2025;2.49;3850104251894;Hrana
VOÆ.ZABAVA BEBI.VR.VOÆE 90 g;234840;Bebivita;0.0900;kg;1.09;12.11;;;02.05.2025;1.1;4018852035169;Hrana
PI©KOTE NAT.P.BIO DINKEL 200 g;234842;Spar Natur pur;0.2000;kg;2.19;10.95;;;02.05.2025;2.12;9100000698649;Hrana
GLJIVE MJE©AVINA SPAR 750 g;234855;SPAR;0.7500;kg;3.79;5.05;;;02.05.2025;3.79;3831115300696;Hrana
SOK S BUDGET 100% JABUKA 1 L;234998;S-Budget;1.0000;l;1.35;1.35;;;02.05.2025;1.35;9100000987231;Piæa
KEK.BR.DUPLA ÈOKOLADA 160 g;235056;Breakfast;0.1600;kg;1.49;9.31;;1.49;02.05.2025;1.75;3856014117886;Hrana
PERECI SLANI SALTAS 200 g;235058;Saltas;0.2000;kg;1.45;7.25;;;02.05.2025;1.19;3856014114908;Hrana
PILEÆI MEDALJO.SA SIROM 660 g ;235101;Cekin;0.6600;kg;8.39;12.71;;;02.05.2025;8.39;3850159141379;Hrana
SLANUTAK PODRAVKA 800 g;235108;Podravka;0.4800;kg;2.79;5.81;;;02.05.2025;2.79;3850104275609;Hrana
VINO ORAHOV.FRAN.ROSE 0,75 L;235153;;0.7450;l;5.52;7.41;;;02.05.2025;5.52;3858889830594;Piæa
VODA ZA USTA LISTERINE 500ml;235263;Listerine;0.5000;L;7.29;14.58;;;02.05.2025;7.29;3574661491790;Kozmetika
PA©TETA PODRAVKA JETRENA 95 g;235380;Podravka;0.0950;kg;1.29;13.58;;;02.05.2025;1.29;3858886469230;Hrana
NEKT.S-BUDGET JABUKA 1,5 L;235531;S-Budget;1.5000;l;1.65;1.10;;;02.05.2025;1.65;9100000761961;Piæa
MASLINE S-BUDGET CRNE 700 g;235537;S-Budget;0.4000;kg;2.99;7.48;;;02.05.2025;2.99;3856021200359;Hrana
MASLINE S-BUDGET ZELENE 720 g;235538;S-Budget;0.3800;kg;2.79;7.34;;;02.05.2025;2.79;3856021200311;Hrana
TJES.TALIANETTA ©PIN.SIR 155 g;235587;Podravka;0.1550;kg;2.49;16.06;;;02.05.2025;2.49;3850104275203;Hrana
TAMPONI PAMINA NORMAL 64/1;235682;Pamina;64.0000;kom;3.59;0.06;;;02.05.2025;3.59;9100000947037;Toaletne potrep¹tine
BUREK SA SVJ. SIROM SPAR 940 g;235707;SPAR;0.9400;kg;6.49;6.90;;;02.05.2025;6.49;3856021200007;Hrana
ÈAJ NATUR PUR BIO KAMIL.32 g;235709;Spar Natur pur;0.0320;kg;2.99;93.44;;;02.05.2025;2.99;9100100002506;Piæa
KREMA NIVEA MEN STYLING 150 ml;235711;Nivea;0.1500;L;6.49;43.27;;;02.05.2025;6.49;42277309;Kozmetika
PAPAR I SOL KOTANYI MLIN.65 g;235715;;0.0650;kg;3.99;61.38;;;02.05.2025;3.99;9001414541753;Hrana
ZAÈIN KURKUMA KOTANYI 35 g;235717;;0.0350;kg;1.39;39.71;;;02.05.2025;1.29;9001414104316;Hrana
ZAÈ.KIM MLJEVENI KOTANYI 35 g;235719;;0.0350;kg;2.39;68.29;;;02.05.2025;2.09;9001414240250;Hrana
LUBRIKANT BILLY BOY FUN 200 ml;235721;Billy Boy;0.2000;L;10.49;52.45;;;02.05.2025;10.49;4008600210030;Toaletne potrep¹tine
POSL.ZA MAÈKE FELIX PARTY 60 g;235754;Felix;0.0600;kg;1.59;26.50;;;02.05.2025;1.59;3858890176957;Proizvodi za kuæanstvo
POSL.ZA MAÈ.FELIX PAR.MIX 60 g;235756;Felix;0.0600;kg;1.59;26.50;;;02.05.2025;1.59;3858890176933;Proizvodi za kuæanstvo
POSL.ZA MAÈ.FELIX PAR.MIX 60 g;235757;Felix;0.0600;kg;1.59;26.50;;;02.05.2025;1.59;3858890176919;Proizvodi za kuæanstvo
POSLASTICA ZA PSE FRISK.126 g;235760;Friskies;0.1260;kg;1.99;15.79;;;02.05.2025;1.99;7613035219793;Proizvodi za kuæanstvo
POSLASTICA ZA PSE FRISK.42 g;235761;Friskies;0.0420;kg;0.79;18.81;;;02.05.2025;0.79;7613035219816;Proizvodi za kuæanstvo
MAÈJA HRA.GOUR.PER.GOV.4X85 g;235762;Gourmet;0.3400;kg;3.09;9.09;;;02.05.2025;3.09;7613032870393;Proizvodi za kuæanstvo
MAÈJA HRA.GOUR.PER.PAÈ.4X85.g;235763;Gourmet;0.3400;kg;3.09;9.09;;;02.05.2025;3.09;7613287781789;Proizvodi za kuæanstvo
MAÈJA HRA.GOUR.PER.EXOT.4X85 g;235764;Gourmet;0.3400;kg;3.09;9.09;;;02.05.2025;3.09;7613031584765;Proizvodi za kuæanstvo
HRANA ZA STER.MAÈKE ONE 800 g;235801;One;0.8000;kg;5.59;6.99;;;02.05.2025;5.59;8445290246813;Proizvodi za kuæanstvo
HRANA ZA MAÈ.ONE PUR.RI.800 g;235802;One;0.8000;kg;5.59;6.99;;;02.05.2025;5.59;7613035468047;Proizvodi za kuæanstvo
HRANA ZA MAÈKE ONE LOS.800 g;235803;One;0.8000;kg;5.59;6.99;;;02.05.2025;5.59;8445290080028;Proizvodi za kuæanstvo
KEKS SPECULAS KOESTLIN 200 g;235854;Speculaas;0.2000;kg;2.19;10.95;;;02.05.2025;1.64;3856014117022;Hrana
KEKS SPECULAS KOESTLIN 400 g;235855;Speculaas;0.4000;kg;3.69;9.23;;;02.05.2025;2.76;3856014116995;Hrana
JOG.ÈVRSTI 3,2% S BUDGET 180 g;235864;S-Budget;0.1800;kg;0.37;2.06;;;02.05.2025;0.37;3856021200113;Hrana
Kob.dom.za peèenje;235887;Ravliæ;1.0000;kg;11.89;11.89;;;02.05.2025;11.89;3859892966218;Hrana
JEGER DOMAÆI VP 300 g;235899;Medven;0.3000;kg;3.29;10.97;;;02.05.2025;3.29;3859892811372;Hrana
JEGER PIK 300 g;235900;Sljeme;0.3000;kg;3.29;10.97;;;02.05.2025;3.29;3850139170832;Hrana
©EÆER MLJEVENI FRANCK 250 g;235907;Franck;0.2500;kg;0.99;3.96;;;02.05.2025;0.99;3858881087460;Hrana
©EÆER MLJEVENI FRANCK 500 g;235908;Franck;0.5000;kg;1.85;3.70;;;02.05.2025;1.85;3858881087477;Hrana
KREMA BECUTAN HIDRATANT.200 ml;235938;Becutan;0.2000;L;5.15;25.75;;;02.05.2025;5.15;5310001230944;Kozmetika
©AM.I KUPKA BECUTAN 2U1 400 ml;235939;Becutan;0.4000;L;5.59;13.98;;;02.05.2025;5.59;5310001223434;Kozmetika
LOSOS DIVLJI SPAR 115 g;235969;SPAR Vital;0.1150;kg;4.79;41.65;;;02.05.2025;4.79;9100000698182;Hrana
PESTO SPAR GENOVESE 190 g;235974;SPAR Qualitätsmarke;0.1900;kg;2.49;13.11;;;02.05.2025;2.49;8710671088420;Hrana
PESTO SPAR RAJÈICA,BOS.190 g;235975;SPAR Qualitätsmarke;0.1900;kg;2.49;13.11;;;02.05.2025;2.49;8710671088406;Hrana
PESTO SPAR MASLINE 190 g;235976;SPAR Qualitätsmarke;0.1900;kg;2.49;13.11;;;02.05.2025;2.49;8710671088444;Hrana
PESTO SPAR RAJÈICA SU©ENA190 g;235977;SPAR Qualitätsmarke;0.1900;kg;2.49;13.11;;;02.05.2025;2.49;8710671088468;Hrana
©TAPIÆI FREE FROM SLANI 110 g;235982;SPAR free from;0.1100;kg;;13.55;1.49;2.14;02.05.2025;2.14;9100000692524;Hrana
VINO POSTUP SKARAMUÈA 0,75 L;235995;;0.7500;l;14.19;18.92;;;02.05.2025;14.19;3859888214347;Piæa
VINO ROSE SKARAMUÈA 0,75 L;235996;;0.7500;l;9.69;12.92;;;02.05.2025;9.69;3859888214286;Piæa
KEKS MILKA CHOC & CHOC 150 g;236014;Milka;0.1500;kg;3.39;22.60;;;02.05.2025;3.39;7622210413147;Hrana
TEKUÆINA RAID ZA EL.APAR.21 ml;236019;Raid;1.0000;kom;5.89;5.89;;;02.05.2025;5.89;5000204815887;Proizvodi za kuæanstvo
Kobasica èajna Sljeme;236036;Sljeme;1.0000;kg;17.19;17.19;;;02.05.2025;17.19;3850139230659;Hrana
TORTILLA ÈIPS SPAR SIR 200 g;236046;SPAR;0.2000;kg;1.29;6.45;;;02.05.2025;1.29;8710671090232;Hrana
BOMBONIJERA FONTANA 194 g;236062;Fontana;0.1940;kg;6.69;34.48;;;02.05.2025;5.01;3850102505289;Hrana
PJEN.VINO HUGO GRACIOSO 0,75 L;236159;Exclusive bei SPAR;0.7500;l;3.18;4.24;;;02.05.2025;3.18;4002391301106;Piæa
PJEN.VINO HUGO ROSE 0,75 L;236160;Exclusive bei SPAR;0.7500;l;3.18;4.24;;;02.05.2025;3.18;4002391302103;Piæa
DO.JEL.SPAR PASTA ASCIUTA 67 g;236244;SPAR Qualitätsmarke;0.0670;kg;1.19;17.76;;;02.05.2025;1.19;9100000699301;Hrana
DOD.JEL.SPAR GULA© 73 g;236245;SPAR;0.0730;kg;1.19;16.30;;;02.05.2025;1.19;9100000699325;Hrana
DOD.JEL.SPAR SPAG.CARBON.38 g;236246;SPAR Qualitätsmarke;0.0380;kg;1.19;31.32;;;02.05.2025;1.19;9100000699349;Hrana
DOD.JEL.SPAR FA©IRANCI 76 g;236247;SPAR Qualitätsmarke;0.0760;kg;1.19;15.66;;;02.05.2025;1.19;9100000699363;Hrana
DOD.JEL.SPAR ©NICLE 54 g;236248;SPAR Qualitätsmarke;0.0540;kg;1.19;22.04;;;02.05.2025;1.19;9100000699424;Hrana
DOD.JEL.SPAR LAZANJE 75 g;236249;SPAR Qualitätsmarke;0.0750;kg;1.19;15.87;;;02.05.2025;1.19;9100000699448;Hrana
DO.JEL.SPAR CHILI C.CARNE 55 g;236251;SPAR Qualitätsmarke;0.0550;kg;1.19;21.64;;;02.05.2025;1.19;9100000699509;Hrana
DOD.JEL.SPAR GLJIVE 60 g;236252;SPAR Qualitätsmarke;0.0600;kg;1.19;19.83;;;02.05.2025;1.19;9100000699547;Hrana
VINO ZLATAN PLAVAC EKO 0,75 L;236275;;0.7500;l;9.05;12.07;;;02.05.2025;9.05;3859888437562;Piæa
SLADILO VITAL KSILITOL 1 kg;236299;SPAR Vital;1.0000;kg;10.99;10.99;;;02.05.2025;7.99;9100000703190;Hrana
INST.KAKAO KRA© EXPRESS 400 g;236302;Kra¹;0.4000;kg;4.29;10.73;;;02.05.2025;4.29;3850102506996;Piæa
UMAK SPAR TEX MEX SRE.LJ.230 g;236337;SPAR Qualitätsmarke;0.2300;kg;1.89;8.22;;;02.05.2025;1.85;8710671150943;Hrana
TORTILLE SPAR KUKURU.8/1 320 g;236349;SPAR;0.3200;kg;1.79;5.59;;;02.05.2025;1.79;8710671151025;Hrana
PAN.FILET ALJ.UGLJ.SPAR 400 g;236385;SPAR;0.4000;kg;3.59;8.98;;;02.05.2025;3.59;9100000703114;Hrana
VEGET.NAREZAK PIKANT VE 80 g;236389;SPAR Veggie;0.0800;kg;1.79;22.38;;;02.05.2025;1.79;9100000978369;Hrana
LIKER PELIN S-BUDGET  0,1 L;236397;S-Budget;0.1000;l;1.29;12.90;;;02.05.2025;1.29;3856021200199;Piæa
LIKER PELIN S-BUDGET  0,7 L;236399;S-Budget;0.7000;l;6.29;8.99;;;02.05.2025;6.27;3856021200175;Piæa
TRAVARICA S-BUDGET 0,7 L;236400;S-Budget;0.7000;l;7.99;11.41;;;02.05.2025;7.99;3856021200137;Piæa
RAKIJA LOZA S-BUDGET  0,7 L;236401;S-Budget;0.7000;l;7.99;11.41;;;02.05.2025;7.99;3856021200212;Piæa
TRAVARICA S-BUDGET 0,1 L;236402;S-Budget;0.1000;l;1.29;12.90;;;02.05.2025;1.29;3856021200151;Piæa
BRANDY S-BUDGET 0,1 L;236404;S-Budget;0.1000;l;1.29;12.90;;;02.05.2025;1.29;3856021200250;Piæa
VEGETERIJ.NAREZ.KLASIK VE 80 g;236407;SPAR Veggie;0.0800;kg;1.69;21.13;;;02.05.2025;1.69;9100000978321;Hrana
VINO EL CAM. CHARDONNAY 0,75 L;236427;;0.7500;l;4.22;5.63;;;02.05.2025;4.22;7804661041265;Piæa
VINO EL CAM.SAUVI.BLANC 0,75 L;236428;;0.7500;l;4.22;5.63;;;02.05.2025;4.22;7804661041272;Piæa
GEL TU©.AXE AFRICA 400 ml;236486;Axe;0.4000;L;4.99;12.48;;;02.05.2025;4.99;54024892;Kozmetika
TUNA PA©TETA POVRÆE EVA 95 g;236498;Podravka;0.0950;kg;1.79;18.84;;;02.05.2025;1.79;3850104274961;Hrana
KETCHUP HEINZ LJUTI 570 g;236506;Heinz;0.5700;kg;4.25;7.46;;;02.05.2025;2.99;8715700420363;Hrana
HRANA ZA PSE FRISK.JUN.2,4 kg;236519;Friskies;2.4000;kg;8.99;3.75;;;02.05.2025;8.99;7613034232205;Proizvodi za kuæanstvo
PIVO KOZEL TAMNO 0,5 L LIM.;236540;Kozel;0.5000;l;1.58;3.16;;;02.05.2025;1.58;8594404008042;Piæa
SOK JABUKA SPAR 1 L ;236594;SPAR Qualitätsmarke;1.0000;L;2.39;2.39;;;02.05.2025;2.39;9100000034881;Piæa
PRALINE SLATKI U®ITAK 160 g;236639;Hedona;0.1600;kg;9.99;62.44;;;02.05.2025;9.99;3859892777609;Hrana
ÈOK.TAMNA SA BRUSNICOM 100 g;236642;Hedona;0.1000;kg;4.59;45.90;;;02.05.2025;4.59;3859892777104;Hrana
ÈOK.SA BRUS.I LJ.HEDONA 300 g;236643;Hedona;0.3000;kg;8.69;28.97;;;02.05.2025;8.69;3859892777715;Hrana
ÈOK.BIJELA SUNNY HEDONA 50 g;236644;Hedona;0.0500;kg;2.09;41.80;;;02.05.2025;2.09;3859892777098;Hrana
ÈOK.BIJEL.SA BRUS.I LJE©.100 g;236647;Hedona;0.1000;kg;4.59;45.90;;;02.05.2025;4.59;3859892777111;Hrana
ÈOK.MLIJEÈNA HAPPY HEDONA 50 g;236648;Hedona;0.0500;kg;2.09;41.80;;;02.05.2025;2.09;3859892777081;Hrana
ÈOK.TAMNA LADY HEDONA 50 g;236649;Hedona;0.0500;kg;2.09;41.80;;;02.05.2025;2.09;3859892777074;Hrana
VEGETER.NAR.KRASTAVAC VE 80 g;236752;SPAR Veggie;0.0800;kg;1.79;22.38;;;02.05.2025;1.79;9100000978345;Hrana
VINO CHIANTI LE CHIANT.0,75 L ;236755;;0.7500;l;6.02;8.03;;;02.05.2025;6.02;8016608003437;Piæa
ULJE SALAT.POLJO POSAVEC 0,5 L;236758;;0.5000;L;4.89;9.78;;;02.05.2025;4.9;3859889562614;Hrana
ULJE BUÈINO ZLATNO 100% 0,5 L;236761;Zlato Polje;0.5000;L;11.29;22.58;;;02.05.2025;11.29;3859889562553;Hrana
INST.NAPITAK SPAR NARANÈA 1 kg;236762;SPAR;1.0000;kg;4.25;4.25;;;02.05.2025;4.25;3856021200427;Piæa
INST.NAPITAK SPAR LIMUN 1 kg;236763;SPAR;1.0000;kg;4.25;4.25;;;02.05.2025;4.25;3856021200441;Piæa
KEFIR 3,5%MM ZBREG.T-REX 1kg ;236768;Vindija;1.0000;kg;2.39;2.39;;;02.05.2025;2.39;3850108030488;Hrana
Èvarci ;236960;Ppk;1.0000;kg;20.99;20.99;;;02.05.2025;20.99;3858890187830;Hrana
GRA©AK BONDUELLE VAPEUR 400 g;236975;Bonduelle;0.4000;kg;1.99;4.98;;;02.05.2025;1.99;3083681036800;Hrana
DRA®EJE PRESTIGE KANDIT 200 g;236984;Kandit;0.2000;kg;7.59;37.95;;;02.05.2025;7.59;3858889861550;Hrana
KEKS PLAZMA MLJEVENI 300 g;237038;Bambi;0.3000;kg;3.19;10.63;;;02.05.2025;3.19;8600043001105;Hrana
MUSLI PLOÈICA CORNY DARK 40 g;237059;Corny;0.0400;kg;1.19;29.75;;;02.05.2025;1.19;4011800583118;Hrana
GAZIRANO PIÆE COCA COLA 2X2 L;237233;Coca-Cola;4.0000;l;4.45;1.11;;;02.05.2025;4.25;5449000059338;Piæa
Kruh integralni tamni 500 g;237252;Bäckerei SPAR;0.5000;kg;1.19;2.38;;;02.05.2025;1.19;;Hrana
Kruh tamna ¹truca S-Budg.500 g;237261;S-BUDGET;0.5000;kg;1.08;2.16;;;02.05.2025;1.08;;Hrana
VINO ORAHOVICA SILV.KV.0,75 L;237283;;0.7500;l;5.52;7.36;;;02.05.2025;5.52;3858889831201;Piæa
VINO IL BARONE CAB.SAUV.0.75 L;237303;Exklusiv bei SPAR;0.7500;l;3.21;4.28;;;02.05.2025;3.21;9100300200467;Piæa
ULJE MASL.EKS.DJEV.PZ POS.1 L ;237307;Fabian;1.0000;L;21.99;21.99;;;02.05.2025;21.99;3859888116214;Hrana
ENE.PIÆE MONSTER GREEN 4X0,5 L;237369;Monster;2.0000;l;7.69;3.85;;;02.05.2025;7.69;5060335635181;Piæa
ZAGREBAÈKI ODREZAK LEDO 400 g;237550;Ledo;0.4000;kg;7.49;18.73;;;02.05.2025;7.49;3850116102917;Hrana
BEÈKI ODREZAK LEDO 400 g;237552;Ledo;0.4000;kg;7.49;18.73;;;02.05.2025;7.49;3850116102900;Hrana
OSV.ZA WC BREF BLUE AKT.2X50 g;237574;Bref;0.1000;kg;4.95;49.50;;;02.05.2025;4.95;9000100889391;Sredstva za èi¹æenje
©AMP.SCHAUMA POWER VOL.400 ml;237594;Schauma;0.4000;L;2.99;7.48;;2.79;02.05.2025;2.79;9000100952330;Kozmetika
®ITNA KA©ICA LINO 3 ®IT.210 g;237598;Lino;0.2100;kg;3.19;15.19;;;02.05.2025;3.19;3850104275555;Hrana
JUHA KREM OD RAJÈ.S MOZZA.80 g;237608;Podravka;0.0800;kg;1.59;19.88;;;02.05.2025;1.59;3850104278198;Hrana
BRA©NO ¨00¨ BIO DESPAR 1 kg;237628;Despar;1.0000;kg;1.79;1.79;;;02.05.2025;1.79;8001300400585;Hrana
KRUH KAMUT NAR.DESPAR BIO 400g;237638;Despar;0.4000;kg;2.49;6.23;;;02.05.2025;2.52;8001300701958;Hrana
HRANA ZA MAÈ.GOUR.GOLD.JA.85 g;237643;Gourmet;0.0850;kg;0.89;10.47;;;02.05.2025;.92;7613032814571;Proizvodi za kuæanstvo
POSLAST.ZA PSE GOVEDINA 4X11 g;237646;Vitakraft;0.0440;kg;1.69;38.41;;;02.05.2025;1.69;4008239289155;Proizvodi za kuæanstvo
MASLINE PODRAVKA ZELENE 350 g;237662;Podravka;0.2000;kg;2.79;13.95;;;02.05.2025;2.79;3850104279270;Hrana
MASLINE PODRAVKA ZEL.BK.650 g;237663;Podravka;0.3200;kg;4.69;14.66;;;02.05.2025;4.69;3850104279300;Hrana
MASLINE POD.ZEL.PUNJ.PAP.350 g;237664;Podravka;0.1900;kg;3.74;19.68;;;02.05.2025;3.74;3850104279317;Hrana
MASLINE PODRAVKA ZEL.BK.330 g;237665;Podravka;0.1600;kg;2.89;18.06;;;02.05.2025;2.89;3850104279294;Hrana
MASLINE PODRAVKA ZELENE 700 g;237666;Podravka;0.4000;kg;4.59;11.48;;;02.05.2025;4.59;3850104279287;Hrana
MASLINE POD.ZEL.PUNJ.PAP.680 g;237667;Podravka;0.3900;kg;5.74;14.72;;;02.05.2025;5.74;3850104279263;Hrana
PRUTIÆI ZA GLODAV. FIFFY 150 g;237668;Fiffy;0.1500;kg;1.79;11.93;;;02.05.2025;1.79;9100000703077;Proizvodi za kuæanstvo
MIX ZA PECIVA NATURA 150 g;237679;Natura;0.1500;kg;0.99;6.60;;;02.05.2025;0.99;3859892798079;Hrana
ÈOK.MILKA TOFFEE NUTS 300 g;237696;Milka;0.3000;kg;6.79;22.63;;;02.05.2025;6.79;7622210417534;Hrana
KREMA ZA DEPIL.AFRODITA 100 ml;237734;Afrodita;0.1000;L;6.49;64.90;;;02.05.2025;6.49;3830001292695;Kozmetika
KREMA ZA DEP.AFRODITA 50 ml;237736;Afrodita;0.0500;L;5.79;115.80;;;02.05.2025;5.79;3830001290530;Kozmetika
KA©ICA LINO JABUKA BAN.190 g;237743;Lino;0.1900;kg;1.59;8.37;;;02.05.2025;1.59;3850104280092;Hrana
KA©ICA LINO JABUKA KEKS 190 g;237744;Lino;0.1900;kg;1.59;8.37;;;02.05.2025;1.59;3850104280108;Hrana
KA©ICA LINO ©LJIVA JAB.190 g;237749;Lino;0.1900;kg;1.59;8.37;;;02.05.2025;1.59;3850104280023;Hrana
©AMP.H&S APPLE 250 ml;237785;Head&Shoulders;0.2500;L;;13.16;3.29;4.29;02.05.2025;4.29;8006540063248;Kozmetika
©AMP.H&S CITRUS 250 ml;237791;Head&Shoulders;0.2500;L;;13.16;3.29;4.29;02.05.2025;4.29;8006540063286;Kozmetika
©AMP.H&S CLASSIC CLEAN 250 ml;237793;Head&Shoulders;0.2500;L;;13.16;3.29;4.29;02.05.2025;4.29;8006540063330;Kozmetika
©AMP.H&S MENTHOL 250 ml;237795;Head&Shoulders;0.2500;L;;13.16;3.29;4.29;02.05.2025;4.29;8006540063385;Kozmetika
SIR RIB.ZA PIZZU S-BUDG.250 g;237853;S-Budget;0.2500;kg;2.59;10.36;;;02.05.2025;2.59;9100000997179;Hrana
SIR KOZJI SVJE®I NP BIO 140 g;237902;SPAR Natur*pur;0.1400;kg;2.99;21.36;;;02.05.2025;2.98;9100000696133;Hrana
PIVO ESTRELLA 0,33 L;237904;;0.3300;l;1.79;5.42;;;02.05.2025;1.79;8410793282934;Piæa
VINO ORAH.VRH.PINO.SIVI 0,75 L;237908;;0.7500;l;7.72;10.29;;;02.05.2025;7.72;3858889830983;Piæa
ZAÈ.DIMLJ.SLAT.MLJ.PAPRIK.70 g;237969;;0.0700;kg;;12.71;0.89;1.49;02.05.2025;1.49;3850104280894;Hrana
SRE.FROSCH ZA ÈI©.KUPAO.500 ml;238028;Frosch;0.5000;L;3.19;6.38;;;02.05.2025;3.19;4009175941541;Sredstva za èi¹æenje
KEKS MOTO KAKAO I MLIJ.288 g;238048;Moto;0.2880;kg;2.99;10.38;;;02.05.2025;2.99;3850102522866;Hrana
KURKUMA U PRAHU ENCIAN 150 g;238091;Encian;0.1500;kg;7.43;49.53;;;02.05.2025;7.43;3858890101386;Hrana
FONDUE PRIPRAVAK SPAR 400 g;238107;SPAR;0.4000;kg;4.49;11.23;;;02.05.2025;4.49;9100000809144;Hrana
NAMAZ MIJE©ANI SPAR 250 g;238109;SPAR;0.2500;kg;;11.96;2.99;3.29;02.05.2025;3.29;9100000700663;Hrana
GIN HENDRICKS 0,7 L;238114;;0.7000;l;40.02;57.17;;;02.05.2025;40.02;5010327755014;Piæa
WHISKEY AKASHI BLEND 0,5 L;238117;;0.5000;l;40.99;81.98;;;02.05.2025;40.99;4969265703308;Piæa
RAKIJA VILJAMOVKA SIMEX 0,7 L;238118;;0.7000;l;14.92;21.31;;;02.05.2025;14.92;8600101698704;Piæa
RAKIJA ©LJIVOVICA MANASTIR.1 L;238204;;1.0000;l;14.02;14.02;;;02.05.2025;14.02;8600101698582;Piæa
ZAÈ.PAPRIKA MLJ.SLAT.©AF.100 g;238221;;0.1000;kg;1.45;14.50;;;02.05.2025;1.45;3859892109363;Hrana
OSV.FINISH ZA PER.POSUÐA 1/1 ;238344;Finish;1.0000;kom;2.24;2.24;;;02.05.2025;2.24;4002448046486;Sredstva za èi¹æenje
MAHUNA ®UTA S-BUDGET 1 kg;238349;S-Budget;1.0000;kg;2.49;2.49;;;02.05.2025;2.49;3856021200298;Hrana
KAVA CREMA FRANCK 175 g;238353;Franck;0.1750;kg;4.39;25.09;;;02.05.2025;4.39;3858881087637;Piæa
KAVA CREMA FRANCK 250 g;238355;Franck;0.2500;kg;5.39;21.56;;;02.05.2025;5.39;3858881087644;Piæa
KAVOVINA INSTANT BIANKA 125 g;238356;Bianka;0.1250;kg;3.49;27.92;;;02.05.2025;3.49;3858881087545;Piæa
KAVOV.INST.BIANKA CLASS.110 g;238357;Franck;0.1100;kg;3.85;35.00;;;02.05.2025;3.85;3858881087538;Piæa
OBITELJSKO PECIVO S.BUDG.360 g;238400;S-Budget;0.3600;kg;2.19;6.08;;;02.05.2025;2.19;3856021200595;Hrana
PAPRIKA PUNJ. SA ZELJEM 760 g;238552;;0.4000;kg;3.59;8.98;;;02.05.2025;3.59;3859890799245;Hrana
KULEN BELJE NAREZAK 100 g;238619;Belje;0.1000;kg;3.49;34.90;;;02.05.2025;3.49;3850139240238;Hrana
Kulenova seka;238629;Gavrilovic;1.0000;kg;17.99;17.99;;17.99;02.05.2025;19.79;3858892725924;Hrana
BRA©NO KOKOS NATUR PUR 200 g;238643;Spar Natur pur;0.2000;kg;1.79;8.95;;;02.05.2025;1.79;9100000158327;Hrana
VAN.©TA.NATUR PUR BURBON 2 kom;238653;Spar Natur pur;2.0000;kom;2.99;1.50;;;02.05.2025;2.99;9100000745169;Hrana
®ELATINA NATUR PUR 20 g;238654;Spar Natur pur;0.0200;kg;1.29;64.50;;;02.05.2025;1.32;9100000764092;Hrana
ÈETKICA COLGATE SLIM SOFT;238735;Colgate;1.0000;kom;4.64;4.64;;;02.05.2025;4.64;8714789954431;Kozmetika
Sir Orodur kravlji/ovèji;238788;Vindija;1.0000;kg;24.99;24.99;;;02.05.2025;24.99;3850108053685;Hrana
PISTAC.NESL.PR®.S-BUDGET 200 g;238801;S-Budget;0.2000;kg;3.69;18.45;;;02.05.2025;3.69;9100000703992;Hrana
GEL EVELINE NAIL THERAPY 12 ml;238823;Eveline;1.0000;kom;3.89;3.89;;;02.05.2025;3.89;5907609333506;Toaletne potrep¹tine
ULJE SUNCOKRETO.ZVIJEZDA 4x1 L;238985;Zvijezda;4.0000;L;6.35;1.59;;;02.05.2025;5.99;3856015312044;Hrana
NADLAK ZA NOKTE EVELINE 12 ml;238989;Eveline;1.0000;kom;3.89;3.89;;;02.05.2025;3.89;5901761902082;Kozmetika
ULJE EVELINE ZA NOK. I K.12 ml;239005;Eveline;1.0000;kom;3.89;3.89;;;02.05.2025;3.89;5901761900729;Toaletne potrep¹tine
LAK ZA NOKTE EVELINE 8U1 12 ml;239013;Eveline;1.0000;kom;3.89;3.89;;;02.05.2025;3.89;5901761971903;Kozmetika
®IT.LINO PILLOW.BIJELO P.500 g;239017;Podravka;0.5000;kg;4.99;9.98;;;02.05.2025;4.99;3850104263613;Hrana
LAK ZA NOKTE EVELINE B.R.12 ml;239023;Eveline;1.0000;kom;3.89;3.89;;;02.05.2025;3.89;5901761972498;Kozmetika
NAMAZ MANGO CHU PATAKS 340 g;239024;;0.3400;kg;;12.62;4.29;6.29;02.05.2025;6.29;0069276220031;Hrana
LAK ZA N.EVELINE DIAMOND 12 ml;239026;Eveline;1.0000;kom;3.39;3.39;;;02.05.2025;3.39;5901761971934;Kozmetika
LAK ZA N.EVELINE PROT. L.12 ml;239032;Eveline;1.0000;kom;2.89;2.89;;;02.05.2025;2.89;5901761971965;Kozmetika
MASK.EVELINE EXT.VOLUME 10 ml;239083;Eveline;1.0000;kom;4.49;4.49;;;02.05.2025;4.49;5907609339096;Kozmetika
BOMBONIJERA MERCI KNUSP. 250 g;239103;Merci;0.2500;kg;7.99;31.96;;;02.05.2025;7.99;4014400917956;Hrana
MASK.EVELINE EXT.VOL.4D 10 ml;239136;Eveline;1.0000;kom;4.49;4.49;;;02.05.2025;4.49;5907609335982;Kozmetika
MASKARA EVELINE MEGA S.L.10 ml;239137;Eveline;1.0000;kom;4.69;4.69;;;02.05.2025;4.69;5907609389190;Kozmetika
MASK.EVELINE EXPLOSION 11 ml;239146;Eveline;1.0000;kom;5.39;5.39;;;02.05.2025;5.39;5901761904413;Kozmetika
TU© ZA OÈI EVELINE 2000 4 ml;239150;Eveline;1.0000;kom;4.39;4.39;;;02.05.2025;4.39;5901964041380;Kozmetika
TU© ZA OÈI EVELINE CRNI C.1/1;239151;Eveline;1.0000;kom;4.39;4.39;;;02.05.2025;4.39;5907609332677;Kozmetika
TU© ZA OÈI EVELINE SMEÐI C.1/1;239154;Eveline;1.0000;kom;4.25;4.25;;;02.05.2025;4.25;5907609332684;Kozmetika
BOMB.FONTANA LEDENE KOC. 146 g;239156;Fontana;0.1460;kg;4.29;29.38;;;02.05.2025;4.29;3850102007936;Hrana
SERUM ZA TREPAVI.EVELINE 10 ml;239175;Eveline;1.0000;kom;5.39;5.39;;;02.05.2025;5.39;5907609395283;Kozmetika
MASK.EVELINE VOL.F.ZA PR.T.1/1;239224;Eveline;1.0000;kom;4.99;4.99;;;02.05.2025;4.99;5907609325853;Kozmetika
MAJONEZA THOMY VREÆICA 263 g;239225;Thomy;0.2630;kg;3.19;12.13;;;02.05.2025;3.19;3858890178678;Hrana
MASK.EVELINE VOL.F.ZA VO.T.1/1;239226;Eveline;1.0000;kom;4.99;4.99;;;02.05.2025;4.99;5907609325532;Kozmetika
MASK.EVELINE VOLUME CELEB.1/1;239227;Eveline;1.0000;kom;4.85;4.85;;;02.05.2025;4.85;5907609327826;Kozmetika
TU© ZA OÈI EVELINE ART S.P.1/1;239332;Eveline;1.0000;kom;3.69;3.69;;;02.05.2025;3.69;5907609339218;Kozmetika
OLOVKA EVELINE ZA OÈI CRNA 1/1;239372;Eveline;1.0000;kom;1.89;1.89;;;02.05.2025;1.89;5901964015145;Kozmetika
OLOVKA EVELINE ZA OÈI S.1/1;239373;Eveline;1.0000;kom;1.89;1.89;;;02.05.2025;1.89;5901964015152;Kozmetika
PUD.ZA LICE EVELINE G.S.33 1/1;239417;Eveline;1.0000;kom;5.39;5.39;;;02.05.2025;5.39;5901761904505;Kozmetika
PUD.ZA LICE EVELINE T.31 1/1;239420;Eveline;1.0000;kom;5.39;5.39;;;02.05.2025;5.39;5901761904468;Kozmetika
PUD.ZA LICE EVELINE N.32 1/1;239421;Eveline;1.0000;kom;5.39;5.39;;;02.05.2025;5.39;5901761904482;Kozmetika
PUD.ZA LICE EVELINE M.B.34 1/1;239423;Eveline;1.0000;kom;5.39;5.39;;;02.05.2025;5.39;5901761904529;Kozmetika
PUD.ZA LICE EVELINE G.B.35 1/1;239424;Eveline;1.0000;kom;5.39;5.39;;;02.05.2025;5.39;5901761904543;Kozmetika
KULENOVA SEKA NAREZAK 80 g;239431;Gavrilovic;0.0800;kg;2.35;29.38;;;02.05.2025;2.35;3858890206463;Hrana
PA©TETA TELEÆA JETRENA 125 g;239436;Krainer;0.1250;kg;2.19;17.52;;;02.05.2025;2.19;9004286421772;Hrana
RI®A PREMIUM SUSHI 250 g;239449;Premium;0.2500;kg;1.59;6.36;;;02.05.2025;1.59;9100000746593;Hrana
SALVETE BO®IÆNE DAISY,33x33cm;239457;;1.0000;kom;1.99;1.99;;;02.05.2025;1.99;5901646022812;Proizvodi za kuæanstvo
WHISKEY CHIVAS EXT.13YO 0,7 L;239458;Chivas;0.7000;l;44.52;63.60;;;02.05.2025;44.52;5000299611104;Piæa
ZAÈ.MJ.VEG.TWIS.ZLA.PILE.30 g;239471;;0.0300;kg;1.19;39.67;;;02.05.2025;1.19;3850104278563;Hrana
ZAÈ.MJ.VEG.TWI.SVINJ.VRE.30 g;239472;Podravka;0.0300;kg;1.19;39.67;;;02.05.2025;1.19;3850104280900;Hrana
ZAÈIN VEGETA TWIST RIBA 30 g;239473;Podravka;0.0300;kg;1.19;39.67;;;02.05.2025;1.19;3850104278617;Hrana
ZAÈIN VEGETA TWIST SALATA 30 g;239474;Podravka;0.0300;kg;1.19;39.67;;;02.05.2025;1.19;3850104278600;Hrana
ZAÈ.VEGETA TWIST PILETINA 30 g;239476;;0.0300;kg;1.19;39.67;;;02.05.2025;1.19;3850104278594;Hrana
ZAÈ.VEG.TWIST GRILL CLAS.30 g;239477;;0.0300;kg;1.19;39.67;;;02.05.2025;1.19;3850104277207;Hrana
ZAÈ.VEGETA TWIST HRS.KRUM.30 g;239478;Podravka;0.0300;kg;1.19;39.67;;;02.05.2025;1.19;3850104278570;Hrana
ZAÈ.VEGETA TWIST KRUMPIR 30 g;239480;Podravka;0.0300;kg;1.19;39.67;;;02.05.2025;1.19;3850104278587;Hrana
KREM.ZA LICE AFRODI. K.D.50ml;239503;Afrodita;0.0500;L;9.59;191.80;;;02.05.2025;9.59;3831070659952;Kozmetika
KRE.ZA LICE AFRODITA K.N.50 ml;239504;Afrodita;0.0500;L;8.99;179.80;;;02.05.2025;8.99;3831070659969;Kozmetika
MALE TULUMBE 500 g;239513;;0.5000;kg;3.58;7.16;;;02.05.2025;3.58;5319990443502;Hrana
RU® ZA USN.EVELINE A.P.478 1/1;239606;Eveline;1.0000;kom;4.39;4.39;;;02.05.2025;4.39;5907609386373;Kozmetika
RU® ZA USN.EVELINE A.P.482 1/1;239607;Eveline;1.0000;kom;4.39;4.39;;;02.05.2025;4.39;5907609396310;Kozmetika
RU® ZA USN.EVELINE A.P.488 1/1;239610;Eveline;1.0000;kom;4.39;4.39;;;02.05.2025;4.39;5907609396372;Kozmetika
VINO ORMO® TRAMINEC 0,75 L;239637;;0.7500;l;8.19;10.92;;;02.05.2025;8.19;3830078701663;Piæa
OSV.WC BREF AKTIV LAV.3X50g;239652;Bref;0.1500;kg;5.7;38.00;;;02.05.2025;5.7;9000100956192;Sredstva za èi¹æenje
PA©TETA ARGETA SARDINA 95 g;239666;Argeta;0.0950;kg;1.38;14.53;;;02.05.2025;1.38;3838471029919;Hrana
ÈVARCI 90 g SILMA;239683;Silma;0.0900;kg;3.79;42.11;;;02.05.2025;3.79;3859892782139;Hrana
PA©TETA PODRAVKA ÈAJNA 95 g;239697;Podravka;0.0950;kg;1.29;13.58;;;02.05.2025;1.29;3858886469209;Hrana
FLIPS NATUR PUR BIO 80 g;239708;Spar Natur pur;0.0800;kg;1.19;14.88;;;02.05.2025;1.19;9100000705019;Hrana
ÈAJ BRUSNICA XXL PODRAVKA 80 g;239876;Podravka;0.0800;kg;3.09;38.63;;;02.05.2025;3.09;3850104270345;Piæa
ÈAJ KAMILICA XXL PODRAVKA 40 g;239878;Podravka;0.0400;kg;2.09;52.25;;;02.05.2025;2.33;3850104249105;Piæa
KAVA CREMA MLJEVENA FRANCK 9 g;239893;Franck;0.0090;kg;0.39;43.33;;;02.05.2025;0.39;3858881087866;Piæa
®IT.VITALIS HRS.JAST.ÈOK.300 g;239907;Vitalis;0.3000;kg;4.39;14.63;;;02.05.2025;4.39;4000521018245;Hrana
SOK HIPP ©LJIVA KRU©KA 200 ml;239909;Hipp;0.2000;l;1.29;6.45;;;02.05.2025;1.29;9062300129882;Piæa
EKSP.PROIZVOD VITAL RI®A 120 g;239988;SPAR Vital;0.1200;kg;1.39;11.58;;;02.05.2025;1.39;8001300450016;Hrana
EKSP.PROIZVOD VITAL KUK.120 g;239989;SPAR Vital;0.1200;kg;1.39;11.58;;;02.05.2025;1.39;8001300803508;Hrana
EKSP.PROIZVOD VITAL DINK.120 g;239990;SPAR Vital;0.1200;kg;1.39;11.58;;;02.05.2025;1.39;8001300450023;Hrana
PRUT.OD RI®.I KUKURUZ.BIO 200g;239991;SPAR Vital;0.2000;kg;2.49;12.45;;;02.05.2025;2.49;8001300450047;Hrana
EKSP.PROIZVOD VITAL KUKU.200 g;239992;SPAR Vital;0.2000;kg;1.99;9.95;;;02.05.2025;1.99;8001300450030;Hrana
RI®A SPAR VITAL INTEGRAL 500 g;240004;SPAR Vital;0.5000;kg;1.99;3.98;;;02.05.2025;1.99;8001300400448;Hrana
NEKTAR FRUCTAL JAGODA 0,2 L;240126;Fructal;0.2000;L;0.89;4.45;;;02.05.2025;0.89;3838945028561;Piæa
NEKTAR FRUCTAL JABUKA 0,2 L;240132;Fructal;0.2000;L;0.89;4.45;;;02.05.2025;0.89;3838945028547;Piæa
LEÆA VITAL 400 g;240147;SPAR Vital;0.2400;kg;1.59;6.63;;;02.05.2025;1.59;9100000747507;Hrana
SLANUTAK VITAL BIO 400 g;240150;SPAR Vital;0.2400;kg;1.79;7.46;;;02.05.2025;1.79;9100000747460;Hrana
CORNFLAK.S.V.BEZ ©EÆERA 375 g;240155;SPAR Vital;0.3750;kg;2.19;5.84;;;02.05.2025;2.25;9100000154671;Hrana
LIKER MARASKA PELINKOVAC 0,7 L;240161;;0.7000;l;12.02;17.17;;;02.05.2025;12.02;3850158406820;Piæa
UNIV.SRE.SANYTOL ZA ÈI©.500 ml;240199;Sanytol;0.5000;L;3.39;6.78;;;02.05.2025;3.39;3045200700005;Sredstva za èi¹æenje
SRED.SANYTOL ZA ÈI©.KUP.500 ml;240202;Sanytol;0.5000;L;3.39;6.78;;;02.05.2025;3.39;3045206393003;Sredstva za èi¹æenje
KRUH RUSTIKA KLARA 500 g;240218;Klara;0.5000;kg;2.09;4.18;;;02.05.2025;2.09;3856016902206;Hrana
RAJÈICA PREMIUM MARZANO 400 g;240284;SPAR Premium;0.4000;kg;2.19;5.48;;;02.05.2025;2.19;8001300240280;Hrana
RAJÈ.PREMIUM DATTERINI 400 g;240289;SPAR Premium;0.4000;kg;1.29;3.23;;;02.05.2025;1.29;8001300240297;Hrana
DODAT.JEL.S POVRÆEM 200 g ;240333;;0.2000;kg;1.06;5.30;;;02.05.2025;1.06;3859892109790;Hrana
JUHA IN.FINI MIN.©PIN.SIR 23 g;240435;;0.0230;kg;0.89;38.70;;;02.05.2025;0.89;3850104282010;Hrana
JUHA IN.FINI MIN.KRE.BUND.23 g;240436;;0.0230;kg;0.89;38.70;;;02.05.2025;0.89;3850104281976;Hrana
GEL ZA TU©.LACTOVIT LAC.300 ml;240447;Lactovit;0.3000;L;2.69;8.97;;;02.05.2025;2.69;8595059740295;Kozmetika
GOJI BOBICE BIO SPAR VIT.100 g;240514;SPAR Vital;0.1000;kg;4.43;44.30;;;02.05.2025;4.43;9100000780047;Hrana
Salama oblo¾ena parmez.;240626;Sorger;1.0000;kg;22.49;22.49;;;02.05.2025;31.63;9002055006533;Hrana
KOZICE SPAR PREMIUM 400 g;240628;SPAR PREMIUM;0.4000;kg;9.99;24.98;;;02.05.2025;9.99;3831115320496;Hrana
SPAR MINI ROLA.S LJE©NJAK.180g;240655;SPAR;0.1800;kg;1.19;6.61;;;02.05.2025;1.19;3856021202612;Hrana
SPAR MINI ROLADE S VANILI.180g;240656;SPAR;0.1800;kg;1.19;6.61;;;02.05.2025;1.19;3856021202599;Hrana
VANIL.©EÆER DR.OETKER XXL 40 g;240671;Dr. Oetker;0.0400;kg;0.59;14.75;;;02.05.2025;0.59;5997381358279;Hrana
DEKOR KRISTALIÆI ROZI 10 g;240676;Dr. Oetker;0.0100;kg;0.69;69.00;;;02.05.2025;0.69;5907707056925;Hrana
SVIJEÆ.DR.OETKER HAPPY BRTHDAY;240681;Dr. Oetker;1.0000;kom;3.79;3.79;;;02.05.2025;3.79;4000521035532;Hrana
©unka pureæa delik.;240786;Gavrilovic;1.0000;kg;13.29;13.29;;;02.05.2025;13.29;3858890205855;Hrana
SOL KUHINJS.SITNA MORSKA 5 kg;240794;;5.0000;kg;2.79;0.56;;;02.05.2025;2.79;3859888817135;Hrana
POSEB.SB PILEÆA SA SIROM 500 g;240835;S-Budget;0.5000;kg;1.99;3.98;;;02.05.2025;1.99;3856021200526;Hrana
KREMA NEVEN OLIVAL 250 ml;240872;Olival;0.2500;L;4.09;16.36;;;02.05.2025;4.09;3859892751661;Kozmetika
DODAT.JELIMA S POVRÆEM 200 g ;240951;;0.2000;kg;1.59;7.95;;;02.05.2025;1.59;3859892109806;Hrana
DODAT.JELIMA S POVRÆEM 400 g ;240953;;0.4000;kg;1.98;4.95;;;02.05.2025;1.98;3859892109783;Hrana
BRIT.INDOR JEDN.MU©. 3 O©T.5/1;240964;Indor;5.0000;kom;1.69;0.34;;;02.05.2025;1.69;3858885845622;Kozmetika
BRIT.INDOR JEDN.®EN. 3 O©T.5/1;240965;Indor;5.0000;kom;1.69;0.34;;;02.05.2025;1.69;3858885845677;Kozmetika
KAKAO U PRAHU ANAMARIJA 100 g;240975;Anamarija;0.1000;kg;2.29;22.90;;;02.05.2025;2.29;3858881773608;Piæa
RI®A ZLATO POLJE 3 VRSTE 800 g;240981;Zlato Polje;0.8000;kg;4.69;5.86;;;02.05.2025;4.69;3838700450682;Hrana
MUESLI NATUREL ÈOKOLADA 350 g;240984;Naturel;0.3500;kg;3.59;10.26;;;02.05.2025;3.59;3859889139304;Hrana
MUESLI NATUREL LJE©NJAK 350 g;240985;Naturel;0.3500;kg;3.59;10.26;;;02.05.2025;3.59;3859889139427;Hrana
VRHNJE KIS.NP BIO 15%M.M.250 g;240997;Spar Natur pur;0.2500;kg;1.17;4.68;;;02.05.2025;1.17;9100000709765;Hrana
ZAÈ.PAPRIKA LA CHINATA SL.70 g;241021;;0.0700;kg;4.79;68.43;;;02.05.2025;5.99;8421401201209;Hrana
ZAÈ.PAPRIKA LA CHINATA LJ.70 g;241022;;0.0700;kg;4.79;68.43;;;02.05.2025;5.99;8421401301206;Hrana
ZAÈIN GOTAN PR®ENI LUK 100g;241023;Go-tan;0.1000;kg;2.49;24.90;;;02.05.2025;2.49;8710605030938;Hrana
TJESTENINA GOTAN NEST 250 g;241027;;0.2500;kg;;9.16;2.29;3.99;02.05.2025;3.99;8710605028492;Hrana
TJESTENINA GOTAN NEST 250 g;241029;;0.2500;kg;;9.16;2.29;3.99;02.05.2025;3.99;8710605028430;Hrana
TJESTENINA GOTAN RAMEN 250 g;241030;;0.2500;kg;;8.76;2.19;3.69;02.05.2025;3.69;8710605028447;Hrana
KRUH PROTEINSKI S MRKVOM 250 g;241038;Encian;0.2500;kg;3.00;12.00;;;02.05.2025;3.00;4000446011420;Hrana
SOK VINDIJA BCE 2 L;241055;;2.0000;L;2.59;1.30;;;02.05.2025;1.99;3850108072792;Piæa
NEKTAR VINDIJA NARANÈA 1 L;241056;Eigenbedarf;1.0000;L;1.29;1.29;;1.29;02.05.2025;1.29;3850108071351;Piæa
VINO PETRAÈ KARIZMA 0,75 L;241059;;0.7500;L;18.32;24.43;;;02.05.2025;18.32;3859892634070;Piæa
HREN.WUDY FRANKFURTER XXL 360g;241079;Wudy;0.3600;kg;1.85;5.14;;;02.05.2025;1.85;8008110559830;Hrana
KUGLOF MRAMORNI S BUDGET 400 g;241113;S-Budget;0.4000;kg;2.59;6.48;;;02.05.2025;2.59;3858889119972;Hrana
PANI.PILEÆI ©TAPIÆI LEDO 300 g;241124;Ledo;0.3000;kg;4.79;15.97;;;02.05.2025;4.79;3850116101828;Hrana
Buèino pecivo 100 g;241135;Bäckerei SPAR;0.1000;kg;.55;5.50;;;02.05.2025;.55;1483;Hrana
REPA KISELA MAD. 500 g;241136;;0.4350;kg;1.99;4.57;;;02.05.2025;1.99;3859891493449;Hrana
KOBASICA PUREÆA POSEBNA 500 g;241157;Perutnina;0.5000;kg;1.79;3.58;;;02.05.2025;1.79;3850220151757;Hrana
Buèin kruh 500 g;241160;Bäckerei SPAR;0.5000;kg;1.72;3.44;;;02.05.2025;1.72;;Hrana
BARBOSSA SPICED GOLD 0,7 L;241161;Weingut Schloss Fels;0.7000;L;7.22;10.31;;;02.05.2025;7.22;9100300166039;Piæa
VOÆ.JOG.JAGODA S-BUDGET 150 g;241249;S-Budget;0.1500;kg;0.37;2.47;;;02.05.2025;0.37;3856021211782;Hrana
LISTOVI ZA SAVIJ.CLARUM 300 g ;241251;Clarum;0.3000;kg;0.99;3.30;;;02.05.2025;0.99;3858891271590;Hrana
VOÆ.JOG.BRES/©UM.V.S-BUD.150 g;241253;S-Budget;0.1500;kg;0.37;2.47;;;02.05.2025;0.37;3856021211768;Hrana
PA©TETA OD TUNE SPAR 95 g;241255;SPAR;0.0950;kg;1.49;15.68;;;02.05.2025;1.44;3856021200274;Hrana
VINO ZLATAN PO©IP GR.SEL.1,5 L;241293;;1.5000;l;30.02;20.01;;;02.05.2025;30.02;3859888437685;Piæa
VINO STINA PLAVAC  0,75 L;241302;;0.7500;l;18.42;24.56;;;02.05.2025;18.42;3859892605049;Piæa
INDIJ.ORA©ÈIÆI S-BUDGET 150 g;241306;S-Budget;0.1500;kg;2.35;15.67;;;02.05.2025;2.35;9100000690049;Hrana
TJES.S-BUDGET TORTIGLIONI 1 kg;241344;S-Budget;1.0000;kg;1.85;1.85;;;02.05.2025;1.85;9100000715667;Hrana
TUNA FJK KOMADI ÈILI 170 g;241365;Franz Jozef Kaiser;0.1200;kg;2.89;24.08;;;02.05.2025;2.89;8595241504971;Hrana
TEK.SAPUN AFRODITA ARG.300 ml;241407;Afrodita;0.3000;L;3.49;11.63;;;02.05.2025;3.49;3831070651642;Kozmetika
TOA.PAPIR ZEWA VLA®NI N.C.42/1;241418;Zewa;42.0000;kom;2.19;0.05;;;02.05.2025;2.19;7322540796520;Toaletne potrep¹tine
PEL.VIOLETA JUN.P.6 16+KG 48/1;241439;Violeta;48.0000;kom;12.99;0.27;;;02.05.2025;11.99;3870128010314;Toaletne potrep¹tine
PEL.VIOLETA JUN.5 11-18KG 52/1;241440;Violeta;52.0000;kom;13.99;0.27;;;02.05.2025;13.99;3870128010291;Toaletne potrep¹tine
PEL.VIOLETA MAXI 4 7-18KG 60/1;241441;Violeta;60.0000;kom;15.89;0.26;;;02.05.2025;15.89;3870128010253;Toaletne potrep¹tine
PEL.VIOLETA MIDI 3 4-9KG 66/1;241442;Violeta;66.0000;kom;15.92;0.24;;;02.05.2025;15.92;3870128010222;Toaletne potrep¹tine
PIVO ESTRELLA DAMM LIM 0,5 L;241471;;0.5000;l;1.79;3.58;;;02.05.2025;1.79;8410793286123;Piæa
PEL.VIOLETA MAX.4+ 9-20KG 56/1;241569;Violeta;56.0000;kom;15.92;0.28;;;02.05.2025;15.92;3870128010277;Toaletne potrep¹tine
KIKIRIKI S BUDGET 500 g;241570;S-Budget;0.5000;kg;2.29;4.58;;;02.05.2025;1.99;8057204091961;Hrana
BABY PODLOGE VIOLETA 10/1 ;241584;Violeta;10.0000;kom;4.37;0.44;;;02.05.2025;4.37;3870128006485;Toaletne potrep¹tine
KAVA BARCAFFE BLACK & EASY11 g;241600;Barcaffe;0.0110;kg;0.35;31.82;;;02.05.2025;0.35;3838471030359;Piæa
SARDINA VITAL MASL.ULJE 120 g;241647;SPAR Vital;0.1200;kg;4.19;34.92;;;02.05.2025;4.19;9100000126180;Hrana
BOMB.GUMENI VEG.ROYAL  200 g;241655;SPAR Veggie;0.2000;kg;1.49;7.45;;;02.05.2025;1.49;9100000699288;Hrana
SPU®VA ABRAZIVNA 1/1;241695;;1.0000;kom;1.19;1.19;;;02.05.2025;1.19;3872292000047;Proizvodi za kuæanstvo
SPU®VA ABRAZIVNA 3/1;241697;;3.0000;kom;1.99;0.66;;;02.05.2025;1.99;3872292000054;Proizvodi za kuæanstvo
SPU®VA ZA INOX I TEFLON 1/1;241702;;1.0000;kom;1.72;1.72;;;02.05.2025;1.72;3872292000085;Proizvodi za kuæanstvo
KRPA SPU®VASTA 3/1;241704;;3.0000;kom;2.65;0.88;;;02.05.2025;2.65;3872292000023;Proizvodi za kuæanstvo
Hama odrezak;241705;;1.0000;kg;12.99;12.99;;12.79;02.05.2025;12.79;3858890591880;Hrana
®ICA ZA SUÐE 3/1;241707;;3.0000;kom;2.65;0.88;;;02.05.2025;2.65;3872292000146;Proizvodi za kuæanstvo
VINO FRANKOV.MALVAZIJA 0,75 L;241725;;0.7500;l;11.98;15.97;;;02.05.2025;11.98;3857500010308;Piæa
CAPPUCCINO GLORIA ÈOKO.200 g;241726;Gloria;0.2000;kg;2.79;13.95;;;02.05.2025;2.79;3858881087811;Piæa
CAPPUCCINO GLORIA CLASS. 200 g;241727;Gloria;0.2000;kg;2.79;13.95;;;02.05.2025;2.79;3858881087804;Piæa
SIR POL.KUH.PLEMIÆKI 200 g;241735;Euro Milk;0.2000;kg;4.29;21.45;;;02.05.2025;4.29;3859889770439;Hrana
VOÆNI NAM.S-BUDGET ©IPAK 700 g;241762;S-Budget;0.7000;kg;2.99;4.27;;;02.05.2025;2.99;3856021200656;Hrana
VOÆ.NAM.S-BUDG.MIJE©ANI 700 g;241765;S-Budget;0.7000;kg;2.49;3.56;;;02.05.2025;2.49;3856021200878;Hrana
VOÆ.NAM.S-BUDG.MARELICA 700 g;241767;S-Budget;0.7000;kg;2.49;3.56;;;02.05.2025;2.49;3856021200649;Hrana
MESNI DORUÈAK SPAR 150 g;241782;SPAR;0.1500;kg;1.39;9.27;;;02.05.2025;1.39;3858889119651;Hrana
PA©TETA SPAR JETRENA 95 g;241786;SPAR;0.0950;kg;0.69;7.26;;;02.05.2025;0.69;3858889119620;Hrana
CAPPUCCI.GLORIA VANILIJA 200 g;241825;Gloria;0.2000;kg;2.79;13.95;;;02.05.2025;2.79;3858881087828;Piæa
SRED.FROSCH ZA ÈI©ÆENJE 1 L;241885;Frosch;1.0000;L;2.79;2.79;;;02.05.2025;2.79;4009175196712;Sredstva za èi¹æenje
MAR.DR.BECKMANN ZA BJEL.R.15/1;241886;Dr. Beckmann;15.0000;kom;4.09;0.27;;;02.05.2025;4.09;4008455049816;Proizvodi za kuæanstvo
ÈET.ZA ZUB.BEAUTY KISS KID.1/1;241974;Beauty Kiss;1.0000;kom;0.95;0.95;;;02.05.2025;0.95;9100000984315;Toaletne potrep¹tine
PIVO PITTING.4,2% 6X0.5 L LIM;241980;Pittinger;3.0000;l;4.99;1.66;;;02.05.2025;3.39;9100000060088;Piæa
KEKS BELVEDERE MANNER 400 g;242191;Manner;0.4000;kg;2.52;6.30;;;02.05.2025;2.52;9000331608709;Hrana
ÈAJ NATURAVITA METVICA 30 g;242218;Naturavita;0.0300;kg;1.55;51.67;;;02.05.2025;1.55;3858884090542;Piæa
ÈAJ NATUR.BRUSNICA I NAR 46 g;242220;Naturavita;0.0460;kg;2.15;46.74;;;02.05.2025;2.15;3858884090566;Piæa
ÈAJ NATURAVITA ZELENI ÈAJ 40 g;242221;Naturavita;0.0400;kg;1.79;44.75;;;02.05.2025;1.79;3858884090580;Piæa
ÈAJ NATURAV.KAMILICA MAXI 40g;242222;Naturavita;0.0400;kg;2.34;58.50;;;02.05.2025;2.34;3858884090689;Piæa
ÈAJ NATURAVITA ©UM.VOÆE 120 g;242223;Naturavita;0.1200;kg;3.13;26.08;;;02.05.2025;3.13;3858884090696;Piæa
ÈAJ NATUR.BRUS.I NAR MAXI 92 g;242224;Naturavita;0.0920;kg;3.19;34.67;;;02.05.2025;3.19;3858884090658;Piæa
ÈAJ NATURAVITA KAMILICA 20 g;242225;Naturavita;0.0200;kg;1.55;77.50;;;02.05.2025;1.55;3858884090528;Piæa
ÈAJ NATUR.©IPAK HIBISKUS 50 g;242226;Naturavita;0.0500;kg;2.09;41.80;;;02.05.2025;2.09;3858884090535;Piæa
ÈAJ NATURAV.©IPAK HIBISK.100 g;242229;Naturavita;0.1000;kg;3.19;31.90;;;02.05.2025;3.19;3858884090627;Piæa
ÈAJ NATURAVITA UVIN INST.180 g;242231;Naturavita;0.1800;kg;5.89;32.72;;;02.05.2025;5.89;3858884090719;Piæa
ÈAJ NATURAVITA KOPRIVA 30g;242235;Naturavita;0.0300;kg;2.19;73.00;;;02.05.2025;2.19;3858884090634;Piæa
ÈAJ NATURAV. ZELENI MAXI 80 g;242236;Naturavita;0.0800;kg;2.34;29.25;;;02.05.2025;2.34;3858884090672;Piæa
ÈAJ NATURAVITA ZELENI 40 g;242237;Naturavita;0.0400;kg;1.99;49.75;;;02.05.2025;1.99;3858884090603;Piæa
PANCETA PIK CCA 350 g;242268;Pik;1.0000;kg;22.99;22.99;;22.99;02.05.2025;22.99;3850139030266;Hrana
MAÈJA HRANA WHISK.PILE.1,4 kg;242279;Whiskas;1.4000;kg;8.99;6.42;;;02.05.2025;8.99;5998749129784;Proizvodi za kuæanstvo
MAÈJA HRANA WHISKAS GOV.1,4 kg;242281;Whiskas;1.4000;kg;8.99;6.42;;;02.05.2025;8.99;5998749129746;Proizvodi za kuæanstvo
MAÈJA HRANA WHISK.TUNA 1,4 kg;242282;Whiskas;1.4000;kg;8.99;6.42;;;02.05.2025;8.99;5998749129944;Proizvodi za kuæanstvo
BAKALAR BIANCO TRENTON 165 g;242337;Trenton;0.1650;kg;3.99;24.18;;;02.05.2025;3.99;3859893081217;Hrana
PA©TETA OD DIM.LOS.TRENT.165 g;242342;Trenton;0.1650;kg;3.69;22.36;;;02.05.2025;3.69;3859893081187;Hrana
KREMA NIVEA CARE UNIVER.200 ml;242345;Nivea;0.2000;L;7.29;36.45;;;02.05.2025;8.49;42269830;Kozmetika
MASLIN.PUNJ.TUNOM PRE.240 g;242348;SPAR PREMIUM;0.1300;kg;5.99;46.08;;;02.05.2025;5.99;8001300241348;Hrana
BRA.PREMIUM TIP 0 MANITOB.1 kg;242349;SPAR Premium;1.0000;kg;1.89;1.89;;;02.05.2025;1.85;8001300240723;Hrana
ÈOK.JAJA DESP.PREM.LJE©.150 g;242350;SPAR PREMIUM;0.1500;kg;;3.27;0.49;0.99;02.05.2025;0.99;8001300801849;Hrana
ÈOK.®IVOTINJSKO CARSTVO 15 g;242376;®ivotinjsko Carstvo;0.0150;kg;0.69;46.00;;;02.05.2025;0.69;3850102507979;Hrana
ZOB.DOBRA KA©A MALIN.VAN.260 g;242431;;0.2600;kg;3.29;12.65;;;02.05.2025;3.29;8595054901073;Hrana
ZOB.DOBRA KA©A ©UMSK.VOÆ.260 g;242433;;0.2600;kg;3.29;12.65;;;02.05.2025;3.29;8595054902247;Hrana
MASLINE FJK CRNE OTKO©T.300 g;242439;Franz Jozef Kaiser;0.1700;kg;2.19;12.88;;;02.05.2025;2.19;8595241505886;Hrana
KEKS SARA CLASSIC 220 g;242455;Sara;0.2200;kg;1.59;7.23;;;02.05.2025;1.59;3850102012763;Hrana
KEKS GRIESSON COOK.BROWN.150 g;242457;Griesson;0.1500;kg;2.39;15.93;;;02.05.2025;2.39;4001518117019;Hrana
POSLAS.ZA PSE BEEF STICK  24 g;242562;Vitakraft;0.0240;kom;1.29;53.75;;;02.05.2025;1.29;4008239184399;Proizvodi za kuæanstvo
POSLAST.ZA PSE BEEF STICK 12 g;242564;;0.0120;kom;.69;57.50;;;02.05.2025;.69;4008239181862;Proizvodi za kuæanstvo
POSL.ZA PSE DENT.FRESH 70 g;242566;;0.0700;kg;2.39;34.14;;;02.05.2025;2.39;4008239308900;Proizvodi za kuæanstvo
POSL.ZA PSE DENTAL FRESH 180 g;242568;;0.1800;kg;2.89;16.06;;;02.05.2025;2.92;4008239308924;Proizvodi za kuæanstvo
POSL.ZA PSE DENT.FRESH 120 g;242572;;0.1200;kg;2.49;20.75;;;02.05.2025;2.52;4008239308917;Proizvodi za kuæanstvo
SMOOTHIE MAREL/MRK. SPAR 250 g;242582;SPAR enjoy;0.2500;kg;1.39;5.56;;;02.05.2025;1.39;9100000758411;Piæa
JOGURT OVÈJI SPAR 4,2% 180 g;242588;SPAR Qualitätsmarke;0.1800;kg;0.89;4.94;;;02.05.2025;0.90;9100000709895;Hrana
JOGURT KOZJI SPAR 3,2% 180 g;242589;SPAR Qualitätsmarke;0.1800;kg;0.89;4.94;;;02.05.2025;0.89;9100000707532;Hrana
NAMAZ PHILADELPHIA JOGU.175 g;242591;Philadelphia;0.1750;kg;3.39;19.37;;;02.05.2025;3.39;7622300756390;Hrana
ZUBNA PASTA SIGNAL CA.P.125 ml;242611;Signal;0.1250;L;2.99;23.92;;;02.05.2025;2.99;5900300132515;Kozmetika
BIO CIKLA NATUR PUR 1 kg;242651;SPAR Natur*pur;1.0000;kg;1.89;1.89;;;02.05.2025;1.89;3831115306766;Hrana
ZEC LINDT MINI PERF. 5X10 g;242656;Lindt;0.0500;kg;;9.80;0.49;0.99;02.05.2025;0.99;4000539689703;Hrana
OSV.BREF CO.AKT.EUCALYP.3x50 g;242674;Bref;0.1500;kg;5.95;39.67;;;02.05.2025;5.95;9000101018066;Sredstva za èi¹æenje
TOFFIFEE USKRS 375g;242732;Toffifee;0.3750;kg;;2.64;0.99;1.99;02.05.2025;1.99;4014400919424;Hrana
DEO ROLL-ON NIVEA P&C ®.50 ml;242770;Nivea;0.0500;L;4.99;99.80;;;02.05.2025;4.99;42289005;Kozmetika
Kruh s dodatkom kurkume 400 g;242862;Bäckerei SPAR;0.4000;kg;1.33;3.33;;;02.05.2025;1.33;;Hrana
RIBICE BOBI KIM 50 g;242867;Bobi;0.0500;kg;0.59;11.80;;;02.05.2025;0.59;3858891590820;Hrana
RIBICE BOBI SLANE 100 g;242868;Bobi;0.1000;kg;0.99;9.90;;;02.05.2025;0.99;3858891590745;Hrana
RIBICE BOBI KIM 100 g;242870;Bobi;0.1000;kg;0.99;9.90;;;02.05.2025;0.99;3858891590783;Hrana
INST.KAVA FRANCK CLASS. 100 g;242878;Franck;0.1000;kg;4.49;44.90;;;02.05.2025;4.49;3850291055213;Piæa
®ICA ZA SUÐE 6/1;242888;;6.0000;kom;2.49;0.42;;;02.05.2025;2.49;8009986013822;Proizvodi za kuæanstvo
®ICA S DETERD®ENTOM 10/1;242892;;10.0000;kom;1.59;0.16;;;02.05.2025;1.59;8009986003632;Proizvodi za kuæanstvo
Kurkuma pecivo 100 g;242939;Bäckerei SPAR;0.1000;kg;0.66;6.60;;;02.05.2025;0.66;1484;Hrana
PLOÈ.NESTLE FITNESS C.23,5 g;242962;Nestle;0.0235;kg;0.99;42.13;;;02.05.2025;0.89;5900020024978;Hrana
KAVA MLJEV.ZLATNA D®EZVA 200 g;242966;ZLATNA D®EZVA;0.2000;kg;4.19;20.95;;;02.05.2025;4.19;3870007014303;Piæa
KAVA MLJEV.ZLATNA D®EZVA 500 g;242967;ZLATNA D®EZVA;0.5000;kg;8.99;17.98;;;02.05.2025;8.99;3870007014235;Piæa
SLA.KING KORN.MAL. LEDO 220 ml;243032;Ledo;0.2200;L;2.79;12.68;;;02.05.2025;2.79;3850116105710;Hrana
®ICA ZA SUÐE 1/1;243036;;1.0000;kom;.79;0.79;;;02.05.2025;.79;3858884123660;Proizvodi za kuæanstvo
®ICA ZA SUÐE 2/1;243038;;2.0000;kom;1.19;0.60;;;02.05.2025;1.19;3858884123493;Proizvodi za kuæanstvo
®ICA ZA SUÐE 3/1;243039;;3.0000;kom;1.72;0.57;;;02.05.2025;1.72;3858884123486;Proizvodi za kuæanstvo
DET.S BUDGET ZA PR.RUBLJA 9 kg;243104;S-Budget;9.0000;kg;10.69;1.19;;;02.05.2025;10.68;3856021200625;Sredstva za èi¹æenje
LISNATO TIJESTO FRESCO 400 g;243112;Fresco;0.4000;kg;1.99;4.98;;;02.05.2025;1.99;3850116104140;Hrana
VRHNJE ZA KUH.B&F DUKAT 200 g;243129;Dukat;0.2000;kg;1.49;7.45;;;02.05.2025;1.49;3850354012641;Hrana
SPU®VA S ABRAZIVOM 5/1;243190;;5.0000;kom;1.79;0.36;;;02.05.2025;1.79;9001378837909;Proizvodi za kuæanstvo
Dimljeni vrat;243199;Pik;1.0000;kg;12.99;12.99;;10.99;02.05.2025;14.29;3850139602531;Hrana
KULEN SPAR NAREZAK 100 g;243212;SPAR;0.1000;kg;2.29;22.90;;;02.05.2025;2.29;3856021200793;Hrana
SRIJEMSKA SPAR NAREZAK 100 g;243213;SPAR;0.1000;kg;2.49;24.90;;;02.05.2025;2.49;3856021200830;Hrana
ÈAJNA SPAR NAREZAK 100 g;243214;SPAR;0.1000;kg;2.69;26.90;;;02.05.2025;2.69;3856021200755;Hrana
MILANSKA SPAR NAREZAK 100 g;243216;SPAR;0.1000;kg;2.29;22.90;;;02.05.2025;2.29;3856021200816;Hrana
BIO MATOVILAC 100 g;243275;;0.1000;kg;1.99;19.90;;;02.05.2025;1.39;3859893093234;Hrana
GEL AIRWICK MORNING RAIN 150g;243290;Airwick;0.1500;kg;2.69;17.93;;;02.05.2025;2.69;5999109544544;Sredstva za èi¹æenje
VEGGIE SALAT.UMAK 250 ml;243299;SPAR Veggie;0.2500;L;2.65;10.60;;;02.05.2025;2.65;9100000706887;Hrana
SKUTA KRAVLJA PA©KA 400 g;243338;Paska Sirana;0.4000;kg;3.99;9.98;;;02.05.2025;3.99;3859892884130;Hrana
DESERT MONTE TOP CUP 70 g;243369;Zott;0.0700;kg;0.89;12.71;;;02.05.2025;0.89;4014500511559;Hrana
DESERT PANNA COTTA JOGOB.150 g;243372;Zott;0.1500;kg;.79;5.27;;;02.05.2025;.79;4014500512075;Hrana
DEO SPRAY AXE BLACK N.150 ml;243410;Axe;0.1500;L;4.55;30.33;;;02.05.2025;4.55;8710908052040;Kozmetika
TAB.SPLENDID CITRUS 60/1;243426;Splendid;60.0000;kom;4.99;0.08;;;02.05.2025;5.3;9100000976679;Sredstva za èi¹æenje
ULJE MASL.EX.DJE.ORGULA 0,75 L;243529;Orgula;0.7500;L;10.99;14.65;;;02.05.2025;12.99;3859890446019;Hrana
ZUB.PASTA COLGATE MAX W.75 ml ;243538;Colgate;0.0750;L;5.89;78.53;;;02.05.2025;5.69;7509546064857;Kozmetika
PIJESAK ZA MAÈ. MOLLY PREM.8 L;243543;Molly;8.0000;l;7.99;1.00;;;02.05.2025;7.99;9100000702612;Proizvodi za kuæanstvo
NAPITAK NATUR PUR ZOB 1 L;243546;Spar Natur pur;1.0000;l;1.99;1.99;;;02.05.2025;1.99;9100000705828;Piæa
BROKULA VAPEUR 400 g;243563;Bonduelle;0.4000;kg;2.39;5.98;;;02.05.2025;2.39;3083681036770;Hrana
JUNEÆA LEÐA S KOSTI TANN;243578;Tann;1.0000;kg;27.99;27.99;;;02.05.2025;26.99;9100200510642;Hrana
JUNEÆA SLABINA SK TANN;243579;Tann;1.0000;kg;27.99;27.99;;;02.05.2025;26.99;9100200542919;Hrana
JUN. SLABINA S BIFTEKOM TANN;243580;Tann;1.0000;kg;35.99;35.99;;;02.05.2025;34.99;9100200542650;Hrana
JUNEÆA LEÐA BK TANN;243582;Tann;1.0000;kg;30.99;30.99;;;02.05.2025;29.99;9100200544944;Hrana
JUNEÆA SLABINA BK TANN;243584;Tann;1.0000;kg;29.99;29.99;;;02.05.2025;28.99;9100200544951;Hrana
SOJA VITAL 400 g;243596;SPAR Vital;0.4000;kg;1.79;4.48;;;02.05.2025;1.79;9100000705859;Hrana
KOMPOT S-BUDGET BRESKVA 825 g;243603;S-Budget;0.4700;kg;2.69;5.72;;;02.05.2025;2.65;9100000705705;Hrana
PAHULJICE FR.FR.RI®A KUK.300 g;243604;SPAR free from;0.3000;kg;3.79;12.63;;;02.05.2025;3.79;9100000701257;Hrana
NAPITAK ALPRO BADEM VANIL.1 L;243709;Alpro;1.0000;l;;2.59;2.59;3.79;02.05.2025;3.79;5411188120742;Piæa
PUDING VANIL.PODRAV.37 g (3+1);243808;;0.1110;kg;2.09;18.83;;;02.05.2025;2.09;3850104276514;Hrana
PUDING ÈOKOL.PODRAV.45 g (3+1);243809;;0.1350;kg;2.09;15.48;;;02.05.2025;2.09;3850104276507;Hrana
OCAT JABUÈNI DUE VITTOR.500 ml;243816;;0.5000;l;11.99;23.98;;;02.05.2025;11.99;8022734111663;Hrana
OCAT BALS.DUE VITTORIE 250 ml;243822;;0.2500;l;15.99;63.96;;;02.05.2025;15.99;8022734000103;Hrana
SENF MAILLE DIJON 200 ml;243828;;0.2000;l;4.39;21.95;;;02.05.2025;4.39;3036810201280;Hrana
SENF MAILLE ALANCIENNE 200 ml;243830;;0.2000;l;4.39;21.95;;;02.05.2025;4.39;3036810207589;Hrana
SENF MAILLE S MEDOM 200 ml;243834;;0.2000;l;4.89;24.45;;;02.05.2025;4.89;3036810204014;Hrana
D®EM BON.MAMAN ®U.©LJIVA 370 g;243843;Bonne Maman;0.3700;kg;4.99;13.49;;;02.05.2025;7.19;3045320001594;Hrana
D®EM BONNE MAMAN MALINA 370 g;243844;Bonne Maman;0.3700;kg;4.99;13.49;;;02.05.2025;8.49;3608580024552;Hrana
HUMUS NAM.BUÈINE SJEMEN.250 g;243845;;0.2500;kg;2.99;11.96;;2.96;02.05.2025;3.49;3859892873066;Hrana
DEO STICK DOVE COOL FR.M.50 ml;243850;Dove;0.0500;L;5.20;104.00;;;02.05.2025;5.20;96125595;Kozmetika
DEO SPRAY DOVE COOL F.M.150 ml;243854;Dove;0.1500;L;5.20;34.67;;;02.05.2025;5.20;8720181284892;Kozmetika
ULJE BUÈIN.100% PREHR. 0,25 L;243869;Prehrana;0.2500;L;5.59;22.36;;;02.05.2025;5.57;3859891093397;Hrana
GEL ZA TU©.FA COCONUT M.250 ml;243885;Fa;0.2500;L;2.75;11.00;;;02.05.2025;2.75;9000101009859;Kozmetika
SVJE®E LISNATO TIJ.WEWAL.275 g;243892;Wewalka;0.2750;kg;1.49;5.42;;;02.05.2025;1.49;9001536011660;Hrana
PIVO ZLATNI MEDVJED 0,5 L;243941;;0.5000;L;;3.18;1.59;1.89;02.05.2025;1.99;3857500003256;Piæa
PIVO CRNA KRALJICA 0,5 L;243942;;0.5000;L;;3.18;1.59;1.89;02.05.2025;1.99;3857500003294;Piæa
PIVO DVA KLASA 0,5 L;243946;;0.5000;L;;3.18;1.59;1.89;02.05.2025;1.99;3857500003232;Piæa
©unka zlatna bk;243957;Ravliæ;1.0000;kg;11.99;11.99;;10.49;02.05.2025;14.99;3859892966805;Hrana
GAZIRANO PIÆE COCA COLA 1,5 L;244019;Coca-Cola;1.5000;L;1.88;1.25;;;02.05.2025;1.88;5449000000439;Piæa
KINESKI MIX BONDUELLE 400 g;244028;Bonduelle;0.4000;kg;2.79;6.98;;;02.05.2025;2.79;3083680567077;Hrana
PAPRIÈICE ALMI PUNJENE 270 g;244160;Almi;0.1500;kg;3.99;26.60;;;02.05.2025;3.99;5200311703255;Hrana
CHERRY PAPRIÈ.ALMI PUNJ.280 g;244165;Almi;0.1700;kg;5.29;31.12;;;02.05.2025;5.31;5200311710239;Hrana
ÈAJ UVIN H NATURAVITA 30 g;244182;Naturavita;0.0300;kg;1.97;65.67;;;02.05.2025;1.97;3858884090641;Piæa
GRÈKE PAPRIÈ.ALMI BL.LJU.250 g;244183;Almi;0.1250;kg;1.89;15.12;;;02.05.2025;1.86;5200311703941;Hrana
POSLASTICA ZA PSE ADV.NUG.90 g;244236;Nestle;0.0900;kg;1.99;22.11;;;02.05.2025;1.99;7613035516311;Proizvodi za kuæanstvo
POSLASTICA ZA PSE ADV.STR.90 g;244237;;0.0900;kg;1.99;22.11;;;02.05.2025;1.99;7613035516298;Proizvodi za kuæanstvo
POSL. ZA PSE ADVENTUROS 120 g;244239;Purina;0.1200;kg;1.89;15.75;;;02.05.2025;1.89;7613035516274;Proizvodi za kuæanstvo
ZAÈ.VEGETA GRILL VRATINA 30 g;244264;;0.0300;kg;1.19;39.67;;;02.05.2025;1.19;3850104277245;Hrana
ZA.VEGETA GRIL.PIKANT PEÈ.30 g;244265;;0.0300;kg;1.19;39.67;;;02.05.2025;1.19;3850104277238;Hrana
SIR BOVI BLUE 100 g;244310;Vindija;0.1000;kg;2.59;25.90;;;02.05.2025;2.59;3850108052497;Hrana
ÈOK. KIT KAT 4 PR.NEST. 41,5 g;244318;Kitekat;0.0415;kg;1.39;33.49;;;02.05.2025;1.39;7613035365414;Hrana
SIR SALAKIS U SAL.PRESID.150 g;244343;President;0.1500;kg;3.39;22.60;;;02.05.2025;3.39;3850355005062;Hrana
Kurkuma 100 g;244355;;0.1000;kg;2.69;26.90;;;02.05.2025;3.31;3859891295647;Hrana
KVASAC DI-GO INS.SUH.PEK.125 g;244378;;0.1250;kg;2.09;16.72;;;02.05.2025;2.09;3859889940849;Hrana
ZIMSKA SPAR NAREZAK 100 g;244384;SPAR;0.1000;kg;2.49;24.90;;;02.05.2025;2.49;3856021200779;Hrana
RU® EVELINE AQUA PLAT.480 1/1;244393;Eveline;1.0000;kom;4.39;4.39;;;02.05.2025;4.39;5907609386335;Kozmetika
RU® EVELINE AQUA PLAT.429 1/1;244397;Eveline;1.0000;kom;4.39;4.39;;;02.05.2025;4.39;5907609321862;Kozmetika
BRA©NO DR.SCHAR MIX  1 kg;244426;Schar;1.0000;kg;6.29;6.29;;;02.05.2025;6.29;8008698004845;Hrana
KEKSI SCHAR CHOCO CHIP 100 g;244432;Schar;0.1000;kg;2.29;22.90;;;02.05.2025;2.29;8008698013021;Hrana
KREKERI SCHAER 210 g;244434;Schar;0.2100;kg;;17.10;3.59;5.19;02.05.2025;5.19;8008698003503;Hrana
KEKSI SCHAR DIGESTIVE 150 g;244438;Schar;0.1500;kg;;16.20;2.43;3.04;02.05.2025;3.04;8008698012819;Hrana
ÈOK.MINI BANANA KANDIT 120 g;244439;Kandit;0.1200;kg;1.79;14.92;;;02.05.2025;1.79;3858889862939;Hrana
KEKSI SCHAR ORANGINO 150 g;244456;Schar;0.1500;kg;2.99;19.93;;;02.05.2025;2.99;8008698001325;Hrana
KEKS SCHAR WAFER 50 g;244465;Schar;0.0500;kg;;30.20;1.51;1.89;02.05.2025;1.89;8008698054086;Hrana
SIR SVJE®I POLUMASNI SPAR 1 kg;244466;SPAR;1.0000;kg;4.19;4.19;;;02.05.2025;4.19;3856021210945;Hrana
KEKS SCHAR WAFER NOCC.125 g;244468;Schar;0.1250;kg;;22.96;2.87;3.59;02.05.2025;3.59;8008698001929;Hrana
VINO ERDUT CAB.SAUV.0,75 L;244472;;0.7500;L;6.99;9.32;;;02.05.2025;6.99;3859889193054;Piæa
KRUH SCHAR CEREALE BG.300 g;244476;Schar;0.3000;kg;;11.70;3.51;4.39;02.05.2025;4.39;8008698007389;Hrana
KRUH SCHAR CLASS.BG.300 g;244477;Schar;0.3000;kg;;9.97;2.99;4.39;02.05.2025;4.39;8008698005576;Hrana
KRUH SCHAR BON MATIN 200 g;244478;Schar;0.2000;kg;;14.35;2.87;3.59;02.05.2025;3.59;8008698001059;Hrana
SACHER KOCKE SPAR 450 g;244537;SPAR Qualitätsmarke;0.4500;kg;4.39;9.76;;;02.05.2025;4.39;3856021201448;Hrana
I©LERI SPAR 400 g;244545;SPAR Qualitätsmarke;0.4000;kg;4.19;10.48;;;02.05.2025;4.24;3856021201387;Hrana
SLATKI MIX SPAR 400 g;244546;SPAR Qualitätsmarke;0.4000;kg;4.39;10.98;;;02.05.2025;4.39;3856021201424;Hrana
Salama sendviè;244568;Pik;1.0000;kg;16.29;16.29;;;02.05.2025;14.99;3850139011630;Hrana
©UNKA SELJAÈKA NAREZAK 100 g;244569;Hermann;0.1000;kg;2.52;25.20;;;02.05.2025;2.52;4003419025868;Hrana
©UNKA SELJAÈKA NAREZAK 500 g;244572;;0.5000;kg;7.99;15.98;;6.99;02.05.2025;6.99;4003419025844;Hrana
TJEST.MARODI SPAGHETTI 400 g;244621;;0.4000;kg;;2.98;1.19;2.25;02.05.2025;2.25;3859888666399;Hrana
TJES.MARODI FUSILLI SVRD.400 g;244622;;0.4000;kg;;2.98;1.19;1.99;02.05.2025;1.99;3859888666085;Hrana
TJEST.MARODI PENE RIGATE 400 g;244623;;0.4000;kg;;2.98;1.19;2.25;02.05.2025;2.25;3859888666382;Hrana
LOSION OLIVAL SUN SOS 200ml;244664;Olival;0.2000;L;7.99;39.95;;;02.05.2025;7.99;3859892751944;Kozmetika
LANENO ULJE BIO SV 250 ml;244682;SPAR Vital;0.2500;L;2.65;10.60;;;02.05.2025;2.65;8001300241140;Hrana
MASL.KERRYGOLD ORG.IRSKI 200 g;244764;Kerrygold;0.2000;kg;3.99;19.95;;;02.05.2025;3.99;4001954160266;Hrana
FETTUCCINE SVJE.AURELIA 250 g;244770;Aurelia;0.2500;kg;2.29;9.16;;;02.05.2025;2.29;3859892780401;Hrana
MAHUNA ZELENA BAKINA KUH.400 g;244778;Bakina Kuhinja;0.4000;kg;1.99;4.98;;;02.05.2025;1.99;3858883228533;Hrana
VINO MERLOT PET 2 L;244795;;2.0000;L;4.58;2.29;;;02.05.2025;4.58;5319991291218;Piæa
VINO CHARDONNAY PET 2 L;244799;;2.0000;L;4.58;2.29;;;02.05.2025;4.58;3859893101748;Piæa
Sir Dalmatinski Puða;244830;;1.0000;kg;21.99;21.99;;;02.05.2025;21.99;3859893092152;Hrana
Sir Livanjski Puða;244832;;1.0000;kg;20.99;20.99;;;02.05.2025;20.99;3859893092008;Hrana
Sir trapist Puða;244834;;1.0000;kg;19.99;19.99;;;02.05.2025;19.99;3859893092176;Hrana
MARINIRANA SVINJSKA REBRA ;244856;;1.0000;kg;8.69;8.69;;;02.05.2025;8.69;3850139440492;Hrana
Sir livanjski Puða 1/8;244885;;1.0000;kg;21.99;21.99;;;02.05.2025;21.99;3859893092145;Hrana
SIR DALMATINSKI PUÐA 1/8;244887;;1.0000;kg;21.99;21.99;;;02.05.2025;21.99;3859893092169;Hrana
SIR TRAPIST PUÐA 1/8;244889;;1.0000;kg;19.99;19.99;;;02.05.2025;19.99;3859893092183;Hrana
SIRNI NAMAZ S-BUDGET 200 g;244908;S-Budget;0.2000;kg;1.49;7.45;;;02.05.2025;1.49;9100000948959;Hrana
SPREJ GLADE ÐURÐICA 300 ml;244948;Glade;0.3000;L;3.69;12.30;;;02.05.2025;3.69;5000204625998;Sredstva za èi¹æenje
REFIL GLADE AUT KUPINA 269 ml;244949;Glade;0.2690;L;8.69;32.30;;;02.05.2025;8.69;5000204256291;Sredstva za èi¹æenje
VREÆICA RAID PROT.MOLJ.LA.18/1;244957;;18.0000;kom;5.25;0.29;;;02.05.2025;5.25;5000204729825;Proizvodi za kuæanstvo
ZAÈ.ÐUMBIR MLJEV.KOTANYI 24 g;245028;;0.0240;kg;1.39;57.92;;;02.05.2025;1.29;9001414204221;Hrana
ZAÈIN HIMALAJ.SOL S BILJEM 72g;245032;Kotanyi;0.0720;kg;3.99;55.42;;;02.05.2025;3.99;9001414343982;Hrana
ZAÈIN KORICA NARANÈE KOTA.20 g;245033;;0.0200;kg;0.99;49.50;;;02.05.2025;0.99;9001414203446;Hrana
ZAÈIN ÈE©NJAK KOTANYI 48 g;245034;;0.0480;kg;3.99;83.13;;;02.05.2025;3.99;9001414204245;Hrana
GRAH PODRAVKA BIJELI KRU.400 g;245061;Podravka;0.2300;kg;1.59;6.91;;;02.05.2025;1.59;3850104283536;Hrana
SOMERSBY BOROVNICA CID. 0,33 L;245101;Somersby;0.3300;l;1.68;5.09;;;02.05.2025;1.58;3858887582556;Piæa
ZOB.PLOÈ.MA BAKER ÈOKOL.100 g;245137;Ma Baker;0.1000;kg;1.79;17.90;;;02.05.2025;1.79;5034444101714;Hrana
ZOB.PLOÈ.MA BAKER ÈOK.VO.100 g;245139;Ma Baker;0.1000;kg;1.79;17.90;;;02.05.2025;1.79;5034444101721;Hrana
ZOB.PLOÈ.MA BAKER BOROVNI.90 g;245141;Ma Baker;0.0900;kg;1.79;19.89;;;02.05.2025;1.79;5034444101349;Hrana
TUNA GIANA KOMADIÆI ULJE 185 g;245147;Giana;0.1300;kg;2.12;16.31;;;02.05.2025;2.12;8594012790018;Hrana
MINI ROLADE SPAR VANILIJA 240g;245149;SPAR Qualitätsmarke;0.2400;kg;1.39;5.79;;;02.05.2025;1.49;3856021205477;Hrana
MINI ROLADE SPAR LJE©NJAK 240g;245150;SPAR Qualitätsmarke;0.2400;kg;1.39;5.79;;;02.05.2025;1.49;3856021205453;Hrana
ULJE KONOPLJE BIO S.V.250 ml;245341;SPAR Vital;0.2500;L;4.59;18.36;;;02.05.2025;4.59;8001300241751;Hrana
KUKURUZ BOND.TEXAS MIX 340 g;245345;Bonduelle;0.2850;kg;3.09;10.84;;;02.05.2025;3.09;3083680041348;Hrana
GRAH BONDUELLE TEXANA 430 g;245361;Bonduelle;0.2400;kg;3.19;13.29;;;02.05.2025;3.19;3083681031157;Hrana
GRAH BONDUELLE INDIANA 430 g;245362;Bonduelle;0.2400;kg;2.24;9.33;;;02.05.2025;2.24;3083681031171;Hrana
ODSTR.LAKA AFRODITA LAV.100 ml;245394;Afrodita;0.1000;L;2.99;29.90;;;02.05.2025;2.99;3830001297881;Kozmetika
LOS.AFRODITA N.BR.MEN S.120 ml;245400;Afrodita;0.1200;L;;23.75;2.85;3.59;02.05.2025;3.59;3831070650911;Kozmetika
PERECI SALTAS SLANI 100 g;245407;Saltas;0.1000;kg;1.09;10.90;;;02.05.2025;0.81;3856014115394;Hrana
©TAPIÆI SALTAS KIKIRIKI 100 g;245413;Saltas;0.1000;kg;1.09;10.90;;;02.05.2025;0.93;3856014115332;Hrana
PANIRANI CORDON BLEU 490 g;245467;AiA;0.4900;kg;3.19;6.51;;;02.05.2025;3.19;8008110258795;Hrana
KAVA INST. GOLD BK SPAR 100 g;245563;SPAR;0.1000;kg;;39.90;3.99;4.69;02.05.2025;4.99;9100000758275;Piæa
SIR GRIKIOS EUROSER 200 g;245577;Euroser;0.2000;kg;2.65;13.25;;;02.05.2025;2.65;5907627470733;Hrana
SIR KOZJI DIM.REZ.EUROSE.100 g;245579;Euroser;0.1000;kg;;17.90;1.79;2.59;02.05.2025;2.59;5907627471020;Hrana
NAM.LINO LADA KOKOS POD.350 g;245593;Podravka;0.3500;kg;3.99;11.40;;;02.05.2025;3.99;3850104284458;Hrana
DEKOR FONDANT BIJELI POD.450 g;245595;;0.4500;kg;3.99;8.87;;;02.05.2025;3.99;3850104286773;Hrana
JUHA MAGGI DALMATINSKA 40 g;245603;Maggi;0.0400;kg;;12.00;0.48;0.75;02.05.2025;0.75;7613287413727;Hrana
JOG.VOÆNI JAGODA Z´BREG.150 g;245693;Vindija;0.1500;kg;0.65;4.33;;;02.05.2025;0.65;3850108037838;Hrana
JOG.VOÆNI MIX Z´BREGOV 150 g;245694;Vindija;0.1500;kg;0.65;4.33;;;02.05.2025;0.65;3850108037760;Hrana
DRESING DEVELEY H.SENF 75 ml;245700;;0.0750;L;0.79;10.53;;;02.05.2025;0.79;4006824018135;Hrana
STUDENTSKI MIX SEEBERGER 150 g;245738;Seeberger;0.1500;kg;3.99;26.60;;;02.05.2025;3.99;4008258154229;Hrana
DEO SPRAY GARNIER A.T.150 ml;245772;Garnier;0.1500;L;4.59;30.60;;;02.05.2025;4.59;3600541739994;Kozmetika
ROLL ON GARNIER  A.T.50 ml;245778;Garnier;0.0500;L;4.59;91.80;;;02.05.2025;4.59;3600541740051;Kozmetika
MIX ZA RI®OTO S-BUDGET 250 g;245789;S-Budget;0.2500;kg;2.49;9.96;;;02.05.2025;2.49;3856021201462;Hrana
REGENERA.FRUCTIS GR.ST.200 ml;245799;Garnier;0.2000;l;3.29;16.45;;;02.05.2025;3.29;3600541698574;Kozmetika
©AMPON FRUCTIS GROW STR.250 ml;245801;Garnier;0.2500;l;3.39;13.56;;;02.05.2025;3.39;3600541660564;Kozmetika
BOJA ZA KOSU LOREAL EXCE.600;245819;LOREAL;1.0000;kom;8.49;8.49;;;02.05.2025;8.49;3600523731886;Kozmetika
BOJA ZA KOSU LOREAL EXCE.01;245821;Loeral;1.0000;kom;8.49;8.49;;;02.05.2025;8.49;3600523724932;Kozmetika
OD©TOPAVA.VIKING U GRAN.2x75 g;245824;;0.1500;kg;1.89;12.60;;;02.05.2025;1.99;8692900632010;Sredstva za èi¹æenje
BOJA ZA KOSU LOREAL EXCE.8;245825;LOREAL;1.0000;kom;8.49;8.49;;;02.05.2025;8.49;3600523724901;Kozmetika
BOJA ZA KOSU LOREAL EXCE.400;245827;LOREAL;1.0000;kom;8.49;8.49;;;02.05.2025;8.49;3600523731862;Kozmetika
BOJA COLOR NATURALS ZA KO.7N;245881;Garnier;1.0000;kom;4.99;4.99;;;02.05.2025;4.99;3600541915763;Kozmetika
BOJA COLOR NATURALS ZA KOS.8N;245887;Garnier;1.0000;kom;4.99;4.99;;;02.05.2025;4.99;3600541915831;Kozmetika
BOJA COLOR NATURALS ZA KOS.6 ;245897;Garnier;1.0000;kom;4.99;4.99;;;02.05.2025;4.99;3600540335630;Kozmetika
MICE.VOD.GARNIER SK.N.C.400 ml;245934;Garnier;0.4000;l;6.79;16.98;;;02.05.2025;6.79;3600541595248;Kozmetika
MICEL.VOD.DV.GARNIER S.N.400ml;245935;Garnier;0.4000;l;7.59;18.98;;;02.05.2025;7.59;3600541744493;Kozmetika
SPRE.MUH.KOMAR.RAID EUK.400 ml;245948;;0.4000;l;5.19;12.98;;;02.05.2025;5.19;5000204342529;Proizvodi za kuæanstvo
TABL.ZA ELE.APAR.RAID EU.30kom;245962;Raid;30.0000;kom;5.49;0.18;;;02.05.2025;5.49;5000204868784;Proizvodi za kuæanstvo
VINO MALVASIA BAG IN BOX 3 L;245976;;3.0000;l;9.49;3.16;;;02.05.2025;9.49;3859889132770;Piæa
SOMERSBY BOROVNICA 0,5 L;245983;Somersby;0.5000;L;1.78;3.56;;;02.05.2025;1.78;3858887584161;Piæa
CORNFLAK.ÈOK.PAH.NESTLE 450 g;246038;Nestle;0.4500;kg;4.29;9.53;;;02.05.2025;4.29;5900020026880;Hrana
KA©ICA HIPP MLIJ.GRIZ 190 g;246043;Hipp;0.1900;kg;1.68;8.84;;;02.05.2025;1.68;4062300123175;Hrana
SLAD. VI©/VAN/ÈOK SPAR 1650 ml;246050;SPAR;1.6500;L;4.99;3.02;;;02.05.2025;4.99;3856021201356;Hrana
SLA.ÈOK/LJE©/STRA SPAR 1650 ml;246051;SPAR;1.6500;L;4.99;3.02;;;02.05.2025;4.99;3856021201332;Hrana
KRE.GARNIER AS.BEB ZF50+ 50 ml;246054;Garnier;0.0500;L;8.99;179.80;;;02.05.2025;8.99;3600541436190;Kozmetika
MLIJEKO ÈOKO.KEKS DUKAT 0,5 L;246065;Dukat;0.5000;L;1.69;3.38;;;02.05.2025;1.69;3850354006893;Hrana
TABL.PROTI.MOLJACA KAMFOR 8/1;246090;Kamfor;8.0000;kom;3.38;0.42;;;02.05.2025;3.38;3858891010786;Proizvodi za kuæanstvo
DJEÈJA MAST JGL 500 ml;246092;Jgl;0.5000;L;10.95;21.90;;;02.05.2025;10.95;3858891010090;Kozmetika
DJEÈJA MAST JGL 150 ml;246094;Jgl;0.1500;L;5.49;36.60;;;02.05.2025;5.49;3858891010076;Kozmetika
ULJE HOLYPLANT BADEMOVO 125 ml;246098;Holyplant;0.1250;l;6.19;49.52;;;02.05.2025;6.19;3858891010045;Kozmetika
KEKS DOMAÆICA KOKOS 275 g;246167;Domaèica;0.2750;kg;3.19;11.60;;;02.05.2025;2.49;3850102521388;Hrana
KOBASICA KRANJSKA 230 g;246177;;0.2300;kg;3.19;13.87;;;02.05.2025;3.19;3838876021754;Hrana
KOB.KRANJSKA SA SIROM 320 g;246189;Ppk;0.3200;kg;2.69;8.41;;;02.05.2025;2.69;3858890185171;Hrana
JED.BRIT.WILKINSON Q.TI.SE.3/1;246198;Quattro;3.0000;kom;4.99;1.66;;4.99;02.05.2025;7.19;4027800707706;Kozmetika
JED.BRIT.WILKINSON Q.SE.WO.3/1;246210;Wilkinson;3.0000;kom;7.19;2.40;;;02.05.2025;7.19;4027800429103;Kozmetika
POSEBNA PIL./PUR.WUDY 1000 g;246231;Wudy;1.0000;kg;3.44;3.44;;;02.05.2025;3.44;8008110562335;Hrana
SLA.TROSTRUKA ÈOK.DESPAR 200 g;246307;Despar;0.2000;kg;1.99;9.95;;;02.05.2025;1.99;8001300671077;Hrana
SLAD. PISTACIJA DESPAR 200 g;246310;Despar;0.2000;kg;1.99;9.95;;;02.05.2025;1.99;8001300671053;Hrana
SLAD.PANNA COTTA DESPAR 200 g;246316;Despar;0.2000;kg;1.99;9.95;;;02.05.2025;1.99;8001300671046;Hrana
SLAD.VANILIJA S ÈOK.DESP.500 g;246329;Despar;0.5000;kg;3.99;7.98;;;02.05.2025;3.99;8001300670933;Hrana
EN.NAP.MONSTER ULTRA 0,5 L;246333;Monster;0.5000;l;1.95;3.90;;;02.05.2025;1.95;5060337500104;Piæa
BIO SLADOL. VANILIJA NP 480 ml;246335;SPAR Natur*pur;0.4800;L;5.99;12.48;;;02.05.2025;5.99;9100000744568;Hrana
BIO SLADOLED ÈOKOLAD.NP 480 ml;246336;SPAR Natur*pur;0.4800;L;5.99;12.48;;;02.05.2025;5.99;9100000716596;Hrana
KULEN PIK 330 g;246353;Pik;0.3300;kg;7.99;24.21;;;02.05.2025;7.99;3850139050028;Hrana
ÈAÈKALICE DRVENE 190/1 ;246417;;190.0000;kom;1.32;0.01;;;02.05.2025;1.32;4008033576512;Proizvodi za kuæanstvo
INST. KAVA CREMA FRANCK 80 g;246437;Franck;0.0800;kg;5.29;66.13;;;02.05.2025;5.29;3850291055268;Piæa
KAVA SPAR PREM.NICARAGUA 500 g;246444;SPAR PREMIUM;0.5000;kg;11.49;22.98;;;02.05.2025;11.49;9100100003824;Piæa
KAVA SPAR PREM.NICARAGUA 500 g;246445;SPAR PREMIUM;0.5000;kg;9.99;19.98;;;02.05.2025;9.99;9100100004517;Piæa
DOBRA ZOBEN.KA©A ©UM.VOÆE 65 g;246451;;0.0650;kg;0.99;15.23;;;02.05.2025;0.99;8595054904302;Hrana
DOBRA ZOB.KA©A SA ©LJIVA.65 g;246453;;0.0650;kg;0.99;15.23;;;02.05.2025;0.99;8595054904227;Hrana
SLADOLED CEDEVITA LEDO 105 ml ;246504;Ledo;0.1050;L;1.49;14.19;;;02.05.2025;1.49;3850116107233;Hrana
MLIJ.FIT ÈOKOLADA DUKAT 0,5 L ;246577;;0.5000;L;2.29;4.58;;;02.05.2025;2.29;3850354007814;Hrana
MLIJE.FIT VANILIJA DUKAT 0,5 L;246580;Dukat;0.5000;L;2.29;4.58;;;02.05.2025;2.29;3850354007838;Hrana
Tlaèenica;246605;Silma;1.0000;kg;6.29;6.29;;;02.05.2025;6.29;3859892782269;Hrana
VREÆE ZA SMEÆE 110L 10/1 ;246616;;10.0000;kom;1.79;0.18;;;02.05.2025;1.79;8009986010746;Proizvodi za kuæanstvo
VREÆE ZA SMEÆE 30L 20/1 ;246620;;20.0000;kom;3.19;0.16;;;02.05.2025;3.19;8009986010784;Proizvodi za kuæanstvo
SIRUTKA OD KRAV.MLIJ.DUKAT 1 L;246694;Dukat;1.0000;L;1.29;1.29;;;02.05.2025;1.29;3850354014478;Hrana
SR.SOMAT TEKUÆINA LEMON 750 ml;246766;;0.7500;l;3.99;5.32;;;02.05.2025;3.99;9000101003789;Sredstva za èi¹æenje
LAK ZA NO.EVELIN CO.E.99 12 ml;246779;;1.0000;kom;2.69;2.69;;;02.05.2025;2.69;5901761915464;Kozmetika
LAK ZA NO.EVELIN C.E.100 12 ml;246780;;1.0000;kom;2.69;2.69;;;02.05.2025;2.69;5901761915471;Kozmetika
ÈAJ PLANINSKI SPAR PREM. 40 g;246793;SPAR PREMIUM;0.0400;kg;4.19;104.75;;;02.05.2025;4.19;9100000765853;Piæa
ÈAJ ZELENI SPAR PREMIUM 140 g;246794;SPAR PREMIUM;0.1400;kg;4.49;32.07;;;02.05.2025;4.49;9100000765938;Piæa
LAK ZA NO.EVELIN C.E.124 12 ml;246814;;1.0000;kom;2.69;2.69;;;02.05.2025;2.69;5901761967166;Kozmetika
LAK Z.NOK.EVELIN 8U1 SIL.12 ml;246843;Eveline;1.0000;kom;3.89;3.89;;;02.05.2025;3.89;5901761971873;Kozmetika
VINO MENEGHETTI MALVAZ.0,75 L;246883;;0.7500;L;19.02;25.36;;;02.05.2025;19.02;3858889488368;Piæa
PJEN.MISAL BLANC DE BLA.0,75 L;246885;;0.7500;l;21.39;28.52;;;02.05.2025;21.39;3859891273065;Piæa
PIVO BENEDIKT. P©ENIÈNO 0,5 L;246911;Benediktiner;0.5000;L;2.02;4.04;;;02.05.2025;2.02;4052197000017;Piæa
PIVO BENEDIKTINER TAMNO 0,5 L;246914;Benediktiner;0.5000;L;2.02;4.04;;;02.05.2025;2.02;4052197000925;Piæa
PJEN.ROBBY BUBBLE BLUE.0,75 L;246916;;0.7500;L;3.88;5.17;;;02.05.2025;3.88;8595004661330;Piæa
INDIJSKI ORA©ÈIÆI SPAR 300 g;246925;SPAR;0.3000;kg;4.79;15.97;;;02.05.2025;4.79;9100000707242;Hrana
MLI.ZA T.LACTOVIT LACTO.400 ml;246950;Lactovit;0.4000;L;5.79;14.48;;;02.05.2025;5.79;8410190585997;Kozmetika
PREZERV.BILLY BOY FUN 12/1;246964;Billy Boy;12.0000;kom;;0.50;5.99;6.89;02.05.2025;6.89;4008600236788;Toaletne potrep¹tine
PREZE.BILLY BOY EXTR.LUBR.12/1;246966;Billy Boy;12.0000;kom;;0.50;5.99;6.89;02.05.2025;6.89;4008600236542;Toaletne potrep¹tine
PREZE.BILLY BOY DOTTED 12/1;246967;;12.0000;kom;;0.50;5.99;6.89;02.05.2025;6.89;4008600236429;Toaletne potrep¹tine
SIR BOVI BLUE KRI©KA 150 g;246970;Vindija;0.1500;kg;3.19;21.27;;;02.05.2025;3.19;3850108052831;Hrana
PREZERV.BILLY BOY FUN 3/1;246971;Billy Boy;3.0000;kom;3.09;1.03;;;02.05.2025;3.09;4008600237846;Toaletne potrep¹tine
VINO FERENAC MALVAZIJA 0,75 L;246977;;0.7500;L;11.58;15.44;;;02.05.2025;11.58;3857500045409;Piæa
VINO ST. EMIL.GRAND CRU 0,75 L;246990;;0.7500;L;24.18;32.24;;;02.05.2025;24.18;3359841149636;Piæa
VINO CHATEAU TOUR DE CA.0.75 L;246994;;0.7500;L;10.99;14.65;;;02.05.2025;10.99;3359841149353;Piæa
VINO BORDEAUX SUPERIEUR 0,75 L;246996;;0.7500;L;7.98;10.64;;;02.05.2025;7.98;3359841149438;Piæa
PLOÈICA TEKMAR PRO.ÈOK.60 g;247231;Tekmar;0.0600;kg;2.09;34.83;;;02.05.2025;2.09;8585004502573;Hrana
WHISKEY GENTLEMAN JACK 0,7 L;247236;Gentleman Jack;0.7000;L;39.29;56.13;;;02.05.2025;38.82;5099873038758;Piæa
PLOÈICA TEKMAR PRO.VANIL.60 g;247238;Tekmar;0.0600;kg;2.09;34.83;;;02.05.2025;2.09;8585004502566;Hrana
SP SPU®VE 3/1;247293;Splendid;3.0000;kom;1.49;0.50;;;02.05.2025;1.49;9100000433073;Proizvodi za kuæanstvo
SP SPU®VE 3/1;247301;Splendid;3.0000;kom;1.49;0.50;;;02.05.2025;1.49;9100000433097;Proizvodi za kuæanstvo
SIR NAREZANI 3 VRSTE SB 250 g;247331;S-Budget;0.2500;kg;2.99;11.96;;;02.05.2025;2.99;9100000705378;Hrana
TJEST.RUMMO LINGUINE 500 g;247339;;0.5000;kg;1.99;3.98;;;02.05.2025;1.99;8008343200134;Hrana
TJEST.RUMMO PENNE RIGATE 500 g;247347;;0.5000;kg;1.99;3.98;;;02.05.2025;1.99;8008343200660;Hrana
TJEST.RUMMO FUSILLI 500 g;247349;;0.5000;kg;1.99;3.98;;;02.05.2025;1.99;8008343200486;Hrana
TJEST.RUMMO TAGLIATELLE 500 g;247360;;0.5000;kg;2.99;5.98;;;02.05.2025;2.99;8008343201070;Hrana
VINO PRODAN CHARDONNAY 0,75 L;247392;;0.7500;L;6.58;8.77;;;02.05.2025;6.58;3859890283126;Piæa
VINO PRODAN TERAN N.ÈEP 0,75 L;247399;;0.7500;L;5.58;7.44;;;02.05.2025;5.58;3859890283508;Piæa
RAKIJA PRODAN TRAVARICA 0,5 L ;247407;;0.5000;L;10.28;20.56;;;02.05.2025;10.28;3859890283171;Piæa
VINO PRODAN MALVA.NAV.0,75 L ;247408;;0.7500;L;5.72;7.63;;;02.05.2025;5.72;3859890283492;Piæa
VAFEL LOACKER KAKAO/MLIJ.175 g;247442;Loacker;0.1750;kg;2.19;12.51;;;02.05.2025;2.19;8000380180721;Hrana
BOMBONI MAOAM 22 g;247493;Haribo;0.0220;kg;0.49;22.27;;;02.05.2025;0.49;4001686519042;Hrana
ÈIPS ÈIPI ÈIPS PAPRIKA 190 g;247597;Chio;0.1900;kg;2.99;15.74;;;02.05.2025;2.99;3856021300646;Hrana
ZOBENA DOBRA KA©A KOKOS 65 g;247725;;0.0650;kg;0.99;15.23;;;02.05.2025;0.99;8595054904364;Hrana
ZOBENA DOBRA KA©A ÈOKOLAD.65 g;247726;;0.0650;kg;0.99;15.23;;;02.05.2025;0.99;8595054904258;Hrana
GIN TANQUERAY 0,7 L;247736;;0.7000;L;25.99;37.13;;;02.05.2025;25.89;5000281015248;Piæa
PA©TETA GAVRILOVIÆ PIKAN.100 g;247738;Gavrilovic;0.1000;kg;1.52;15.20;;;02.05.2025;1.52;3858890206968;Hrana
NAREZAK GAVR.©UNKA PIK.150 g;247740;Gavrilovic;0.1500;kg;2.59;17.27;;;02.05.2025;2.59;3858890207002;Hrana
MESNI DORUÈAK GAVRIL.PIK.150 g;247741;Gavrilovic;0.1500;kg;2.15;14.33;;;02.05.2025;2.15;3858890206982;Hrana
ZAÈIN ÈE©NJAK KOTANYI 40 g;247790;;0.0400;kg;3.29;82.25;;;02.05.2025;2.99;9001414040720;Hrana
Sir Pagus Pa¹ka Sirana;247851;Paska Sirana;1.0000;kg;23.79;23.79;;;02.05.2025;23.79;3859892884239;Hrana
MASLAC PREMIUM U KADICI 250 g;247892;SPAR PREMIUM;0.2500;kg;3.59;14.36;;;02.05.2025;3.59;3856021201486;Hrana
JOG.VOÆ.KIDS JAG/TOPER 2x110 g;247903;Danone;0.2200;kg;1.99;9.05;;;02.05.2025;1.99;8713788121936;Hrana
ÈOK.RITTER SPORT KOKOS 100 g;247915;Ritter Sport;0.1000;kg;1.79;17.90;;;02.05.2025;1.79;4000417298003;Hrana
KAVA DESPAR BEZ KOFEINA 250 g;247962;Despar;0.2500;kg;5.49;21.96;;;02.05.2025;3.99;8001300500247;Piæa
®EL. MLJEV.BIJ.10 g DR.OETKER;248064;Dr. Oetker;0.0100;kg;0.99;99.00;;;02.05.2025;0.99;5997381375603;Hrana
VRHNJE KIS.25%M.M.ZBREG.900 g;248082;Z Bregov;0.9000;kg;4.49;4.99;;;02.05.2025;4.49;3850108036411;Hrana
MILERAM 22%MM KANT Z BRE.900 g;248083;Z Bregov;0.9000;kg;4.59;5.10;;;02.05.2025;4.59;3850108036398;Hrana
AVOKADO READY TO EAT kom;248092;;1.0000;kom;2.49;2.49;;;02.05.2025;2.49;8713807000549;Hrana
MANGO READY TO EAT kom;248095;;1.0000;kom;2.29;2.29;;;02.05.2025;2.29;8713807000747;Hrana
KARAMELA PIONIR LJE©NJAK 800 g;248178;Pionir;0.8000;kg;10.39;12.99;;;02.05.2025;10.39;8602300216673;Hrana
BOMBONI PIONIR VOÆNI MIX 300 g;248182;Pionir;0.3000;kg;3.29;10.97;;;02.05.2025;3.29;8602300219773;Hrana
BOMBONI BEBETO MARSHMALOW 60 g;248186;Bebeto;0.6000;kg;0.99;1.65;;;02.05.2025;0.99;8690146101284;Hrana
BOMB.BEBETO MARSH.RAINBOW 60 g;248187;Bebeto;0.6000;kg;0.99;1.65;;;02.05.2025;0.99;8690146091882;Hrana
KULEN NAREZAK 100 g ;248244;Pik;0.1000;kg;2.75;27.50;;;02.05.2025;2.75;3850139012132;Hrana
SP KRPE SPU®VASTE 8/1 19285;248257;Splendid;8.0000;kom;2.79;0.35;;;02.05.2025;2.79;9100000433110;Proizvodi za kuæanstvo
KOLAÈ JAPANSKI VJETAR 100 g;248373;;0.1000;kg;1.73;17.30;;;02.05.2025;1.73;3858889612107;Hrana
SKU©A RIO MARE ®AR M.ULJ.120 g;248381;Rio Mare;0.1200;kg;3.79;31.58;;;02.05.2025;3.79;8004030622012;Hrana
VINDI PIÆE JABUKA-KRU©KA 2 L;248398;;2.0000;L;2.59;1.30;;;02.05.2025;1.99;3850108073065;Piæa
VINDI PIÆE NARANÈA-NEKTAR. 2 L;248415;;2.0000;L;2.59;1.30;;;02.05.2025;1.99;3850108073072;Piæa
WHISKEY GLENLIVET RESER. 0,7 L;248461;Glenlivet;0.7000;L;40.02;57.17;;;02.05.2025;40.02;5000299609347;Piæa
RUM HAVANA 7 YO 0,7 L;248469;;0.7000;L;30.02;42.89;;;02.05.2025;30.02;8501110080439;Piæa
DET.JAR KAMILICA&VITA.E 900 ml;248484;Jar;0.9000;L;4.69;5.21;;;02.05.2025;4.69;4015400997542;Sredstva za èi¹æenje
TP VIOLETA KAMILICA 3SL.16/1 ;248504;Violeta;16.0000;kom;5.99;0.37;;;02.05.2025;5.99;3859892288686;Toaletne potrep¹tine
PAPR.PREMIUM PUNJ.TUNOM 240 g;248553;SPAR PREMIUM;0.1600;kg;5.99;37.44;;;02.05.2025;5.99;8001300241331;Hrana
NAMAZ DESPAR CRNE MASL.190 g;248557;Despar;0.1900;kg;2.19;11.53;;;02.05.2025;2.19;8001300240075;Hrana
UM.DEVELEY BBQ SQUEEZE 250 ml;248564;Develey;0.2500;l;3.19;12.76;;;02.05.2025;3.19;4006824000246;Hrana
JUHA PRAH NAT.PUR POVRTN.120 g;248565;SPAR Natur*pur;0.1200;kg;2.79;23.25;;;02.05.2025;2.79;9100000716992;Hrana
UM.DEVELEY SLATKO KISEL.250 ml;248570;Develey;0.2500;l;3.19;12.76;;;02.05.2025;3.19;4006824000970;Hrana
UMAK DEVELEY HAMBURGER 250 ml;248572;Develey;0.2500;l;3.19;12.76;;;02.05.2025;3.19;4006824004404;Hrana
LEPINJE VEGGIE BY NENI 400 g;248575;SPAR Veggie;0.4000;kom;2.09;5.23;;;02.05.2025;2.05;9100000707952;Hrana
DET.JAR LEMON 450 ml ;248598;Jar;0.4500;L;1.99;4.42;;;02.05.2025;1.99;4015400922407;Sredstva za èi¹æenje
DET.JAR APLLE 450 ml ;248603;Jar;0.4500;L;1.99;4.42;;;02.05.2025;1.99;4015400922599;Sredstva za èi¹æenje
DET.JAR POMEGRANATE 450 ml ;248606;Jar;0.4500;L;2.45;5.44;;;02.05.2025;2.45;4015400922674;Sredstva za èi¹æenje
DET.JAR KAMILICA&VIT.E 450 ml ;248608;Jar;0.4500;L;;4.42;1.99;2.45;02.05.2025;2.45;4015400991274;Sredstva za èi¹æenje
DET.JAR TEATREE&MINT 450 ml ;248609;Jar;0.4500;L;1.99;4.42;;;02.05.2025;1.99;4015400991311;Sredstva za èi¹æenje
PAP.RUÈNIK LOVELY 3SL 4/1;248630;Lovely;4.0000;kom;3.99;1.00;;;02.05.2025;4.19;9100000156521;Proizvodi za kuæanstvo
DET.JAR LEMON 1,35 L;248636;Jar;1.3500;L;6.59;4.88;;;02.05.2025;6.59;8001090621689;Sredstva za èi¹æenje
DET.JAR TEATREE&MINT 1,35 L;248639;Jar;1.3500;L;6.59;4.88;;;02.05.2025;6.59;8001090621887;Sredstva za èi¹æenje
DET.JAR KAMILICA&VIT.E 1,35 L;248659;Jar;1.3500;L;6.59;4.88;;;02.05.2025;6.59;8001090621849;Sredstva za èi¹æenje
©LJIVA BEZ KO©TICA NATUR.200 g;248663;Natura;0.2000;kg;2.71;13.55;;;02.05.2025;2.71;3859892798505;Hrana
PISTACIJA NATURA 150 g;248672;Natura;0.1500;kg;4.19;27.93;;;02.05.2025;4.19;3859892798826;Hrana
IND. ORAH SLANI NATURA 100 g;248675;Natura;0.1000;kg;3.39;33.90;;;02.05.2025;3.39;3859892798802;Hrana
MARELICA NATURA 200 g;248676;Natura;0.2000;kg;3.85;19.25;;;02.05.2025;3.85;3859892798499;Hrana
DET.JAR LEMON 900 ml;248678;Jar;0.9000;L;4.69;5.21;;;02.05.2025;4.69;4015400795193;Sredstva za èi¹æenje
BUÈINE SJEMENKE NATURA 150 g;248679;Natura;0.1500;kg;2.24;14.93;;;02.05.2025;2.24;3859892798475;Hrana
BRUSNICA NATURA 200 g;248682;Natura;0.2000;kg;3.18;15.90;;;02.05.2025;3.18;3859892798468;Hrana
DET.JAR POMEGRANATE 900 ml;248684;Jar;0.9000;L;4.69;5.21;;;02.05.2025;4.69;4015400922834;Sredstva za èi¹æenje
DET.JAR APPLE 900 ml;248686;Jar;0.9000;L;4.69;5.21;;;02.05.2025;4.69;4015400922797;Sredstva za èi¹æenje
DET.JAR TEATREE&MINT 900 ml;248689;Jar;0.9000;L;4.69;5.21;;;02.05.2025;4.69;4015400991434;Sredstva za èi¹æenje
Kobasica seljaèka;248826;Ave;1.0000;kg;15.99;15.99;;;02.05.2025;22.49;3831020333895;Hrana
SMOKVENJAK ADRIA NARANÈA 100 g;248828;Adria;0.1000;kg;4.25;42.50;;;02.05.2025;4.25;3858890262575;Hrana
WHISKEY BALLANTINES 4,5L;248887;Ballantines;4.5000;L;119.99;26.66;;;02.05.2025;119.99;5010106014936;Piæa
INS.MLIJ.NA.NESQUIK PLUS 490 g;248901;Nesquik;0.4900;kg;7.49;15.29;;;02.05.2025;7.49;7613034916891;Piæa
PINJOLI NATURA 80 g;248903;Natura;0.0800;kg;5.49;68.63;;;02.05.2025;5.49;3859893124174;Hrana
KIKIRIKI LJUS.PEÈ.NATURA 400 g;248904;Natura;0.4000;kg;3.39;8.48;;;02.05.2025;3.39;3859892798901;Hrana
KARAMEL.WERTHER´S TOFFEE 120 g;248911;Werthers Original;0.1200;kg;2.09;17.42;;;02.05.2025;2.09;4014400915143;Hrana
ÈOK. PRUTIÆI ADRIA RUM 120 g;248935;Adria;0.1200;kg;1.19;9.92;;;02.05.2025;1.19;3858890263695;Hrana
LIZALICA BRKOVI 15 g;248941;DUPIN;0.0150;kg;1.66;110.67;;;02.05.2025;1.66;8435124854147;Hrana
LIZALICA CRAZY FRUIT 13 g;248944;DUPIN;0.0130;kg;0.32;24.62;;;02.05.2025;0.32;8423467008082;Hrana
GEL ZA T.FEL.A.C.B.250+150 ml;248977;Felce Azzurra;0.4000;L;2.85;7.13;;;02.05.2025;2.85;8001280309694;Kozmetika
SAP.DESPA.ZA RUBLJE M.&O.250 g;248981;Despar;0.2500;kg;1.79;7.16;;;02.05.2025;1.79;8001300897811;Sredstva za èi¹æenje
KRE.DESPAR ZA ZUBNU PROT.40 g;248988;Despar;1.0000;kom;2.99;2.99;;;02.05.2025;2.99;8001300900498;Kozmetika
TABL.DESPAR ZA ZUBNU PROT.32/1;248992;Despar;32.0000;kom;2.29;0.07;;;02.05.2025;2.29;8001300900481;Kozmetika
IND.ORA©ÈIÆI SPAR VITAL 200 g ;249003;SPAR Vital;0.2000;kg;3.31;16.55;;;02.05.2025;3.31;9100000708027;Hrana
IND.ORA©.S BRUSNI.NP.BIO 150 g;249009;Natur pur;0.1500;kg;3.49;23.27;;;02.05.2025;3.49;9100000730851;Hrana
MANGO KOMADI. BIO N.PUR 100 g ;249012;Natur pur;0.1000;kg;2.59;25.90;;;02.05.2025;2.59;9100000048840;Hrana
MARELICE BIO NATUR PUR 200 g ;249013;Natur pur;0.2000;kg;3.29;16.45;;;02.05.2025;3.29;9100000047508;Hrana
IND.ORA©ÈIÆ BIO N. PUR 100 g;249014;Natur pur;0.1000;kg;2.59;25.90;;;02.05.2025;2.59;9100000719207;Hrana
MOKRA HRA.ZA PSE SCO.PRE.100 g;249027;Scotty;0.1000;kg;.79;7.90;;;02.05.2025;.79;9100000701028;Proizvodi za kuæanstvo
TRAJNI KRUH S ORAHOM S.VI.250g;249038;SPAR Vital;0.2500;kg;1.49;5.96;;;02.05.2025;1.50;9100000773575;Hrana
MOKRA HRA.ZA PSE SCO.PRE.100 g;249042;Scotty;0.1000;kg;.79;7.90;;;02.05.2025;.79;9100000701042;Proizvodi za kuæanstvo
HRANA ZA PSE SCOTTY PREM.300 g;249069;Scotty;0.3000;kg;1.29;4.30;;;02.05.2025;1.29;9100000789798;Proizvodi za kuæanstvo
POSLASTICA ZA PSE SC.PREM.20 g;249073;Scotty;0.0200;kg;0.59;29.50;;;02.05.2025;0.59;9100000693682;Proizvodi za kuæanstvo
HRANA ZA PSE SCOTTY SENS.300 g;249074;Scotty;0.3000;kg;1.29;4.30;;;02.05.2025;1.29;9100000690186;Proizvodi za kuæanstvo
BUÈINE SJEMEN. BIO N.PUR 200 g;249104;Natur pur;0.2000;kg;3.29;16.45;;;02.05.2025;3.29;9100000091532;Hrana
RI®A PREMIUM DIVLJA 100% 200 g;249152;SPAR Premium;0.2000;kg;3.29;16.45;;;02.05.2025;3.31;9100000765099;Hrana
Hrenovke frankfurter;249228;Ave;1.0000;kg;12.87;12.87;;;02.05.2025;12.87;3831020334113;Hrana
BOMBONI S VENTILATOROM MIX 8 g;249302;Ajax;0.0800;kg;6.19;77.38;;;02.05.2025;6.19;8714786226388;Hrana
SIR D®IUGAS RIBANI 40%MM 40 g;249327;D¾iugas;0.0400;kg;0.99;24.75;;;02.05.2025;0.99;4770299394789;Hrana
GEL TU©.NIVEA MEN ACTI.500 ml;249601;Nivea;0.5000;L;5.99;11.98;;;02.05.2025;5.99;9005800243306;Kozmetika
GRISINI SEZAM 125 g;249603;;0.1250;kg;1.19;9.52;;;02.05.2025;1.19;8005803010661;Hrana
GEL TU©.NIVEA CRE.SOFT 500 ml;249604;Nivea;0.5000;L;5.89;11.78;;;02.05.2025;5.89;9005800282503;Kozmetika
GRISINI RU®MARIN 125 g;249607;;0.1250;kg;1.19;9.52;;;02.05.2025;1.19;8005803010371;Hrana
NAMAZ HUMUS NATUR VEGGIE 125 g;249614;SPAR Veggie;0.1250;kg;2.39;19.12;;;02.05.2025;2.39;9100000706603;Hrana
VEG.OKRUGLICE FALAFEL 100 g;249663;SPAR Veggie;0.1000;kg;2.29;22.90;;;02.05.2025;2.29;9100000706788;Hrana
PA©TETA GAVRILOVIÆ PIKANT 50 g;249680;Gavrilovic;0.0500;kg;1.09;21.80;;;02.05.2025;1.09;3858890207118;Hrana
ORA©.MIX SPAR CHILI 150 g;249686;SPAR;0.1500;kg;2.69;17.93;;;02.05.2025;2.38;9100000709246;Hrana
IND.ORAH-BRUS.MIX SEEBER.150 g;249691;Seeberger;0.1500;kg;4.99;33.27;;;02.05.2025;4.99;4008258155004;Hrana
©AM.OLIVAL NEUTRAL 250ml;249820;Olival;0.2500;L;6.29;25.16;;;02.05.2025;6.29;3859892751715;Kozmetika
©AM.OLIVAL MENTA/LAVANDA 250ml;249826;Olival;0.2500;L;6.29;25.16;;;02.05.2025;6.29;3859892751722;Kozmetika
©AM.OLIVAL RU®MAR.LIMUN 250ml;249829;Olival;0.2500;L;6.29;25.16;;;02.05.2025;6.29;3859892751739;Kozmetika
RAKIJA DEGENIJA MEDICA 1 L;249908;;1.0000;L;10.99;10.99;;;02.05.2025;10.99;3859889693240;Piæa
VINO IVAN KATUNAR ®LAHT.0,75 L;249932;;0.7500;L;10.89;14.52;;;02.05.2025;10.89;3859890869122;Piæa
VINO BUHAÈ GRA©EVINA 0,75 L;249936;;0.7500;L;6.89;9.19;;;02.05.2025;6.89;3859892110529;Piæa
VINO BORTOLI SHIRAZ 0,75 L;249959;;0.7500;L;4.54;6.05;;;02.05.2025;4.54;9300752305721;Piæa
VINO SAVANHA SHIRAZ 0,75 L;249961;;0.7500;L;4.69;6.25;;;02.05.2025;4.69;6007498000059;Piæa
VINO TARAPACA SYRAH 0,75 L;249963;;0.7500;L;6.66;8.88;;;02.05.2025;6.66;7804340902702;Piæa
SIR RIBANI MIX DESPAR 100 g;249976;Despar;0.1000;kg;1.39;13.90;;;02.05.2025;1.39;8001300651925;Hrana
VODA JANA VITAMIN I.LIM. 0,5 L;249990;Jana;0.5000;L;1.19;2.38;;;02.05.2025;1.19;3858890871975;Piæa
PROSPORT SUPER FRUITS 0,75 L;249997;;0.7500;L;1.59;2.12;;;02.05.2025;1.59;3858890871944;Piæa
LISNATI KEKS DESPAR GLAS.200 g;250033;Despar;0.2000;kg;1.25;6.25;;;02.05.2025;1.25;8001300800101;Hrana
D®EM PREMIUM MARELICA 340 g;250037;Premium;0.3400;kg;2.99;8.79;;;02.05.2025;2.99;8001300501152;Hrana
D®EM PREMIUM TRE©NJA 340 g;250040;Premium;0.3400;kg;2.99;8.79;;;02.05.2025;2.99;8001300501169;Hrana
BRA©NO DESPAR TIP 00 1 kg;250041;DESPAR;1.0000;kg;1.49;1.49;;;02.05.2025;1.45;8001300425625;Hrana
©PAROGE DESPAR 300 g;250061;Despar;0.3000;kg;3.99;13.30;;;02.05.2025;3.99;8001300673804;Hrana
ULJE MASL.EXT.DJ.FARCHIONI 1 L;250081;;1.0000;L;13.99;13.99;;;02.05.2025;13.99;8007153005434;Hrana
DESPAR NEKTAR BRESKVA 1 L;250089;Despar;1.0000;L;1.99;1.99;;;02.05.2025;2.02;8001300151951;Piæa
BRUSCHETTE DESPAR PIZZA 150g;250098;DESPAR;0.1500;kg;1.59;10.60;;;02.05.2025;1.59;8001300800224;Hrana
TARALINI PREMIUM PAPRIKA 300 g;250128;SPAR Premium;0.3000;kg;1.79;5.97;;;02.05.2025;1.79;8001300501077;Hrana
TARALINI PREM.MASL.ULJE 300 g;250132;SPAR Premium;0.3000;kg;1.79;5.97;;;02.05.2025;1.79;8001300500858;Hrana
TARALINI PREMIUM KOMORAÈ 300 g;250134;SPAR Premium;0.3000;kg;1.79;5.97;;;02.05.2025;1.79;8001300500841;Hrana
Kare u ovitku;250142;Gavrilovic;1.0000;kg;18.99;18.99;;;02.05.2025;18.99;3858892727843;Hrana
©unka pur.Gran Podere;250224;AiA;1.0000;kg;13.99;13.99;;;02.05.2025;13.99;98008110544389;Hrana
MORTADELA BOLOGNA 120 g;250228;Montorsi;0.1200;kg;2.59;21.58;;;02.05.2025;2.59;8005153004327;Hrana
PR©UT S.DANIELE NAREZAK 70 g;250232;Montorsi;0.0700;kg;4.55;65.00;;;02.05.2025;4.55;8005153003139;Hrana
COPPA PARMA NAREZAK 100 g;250237;Montorsi;0.1000;kg;3.69;36.90;;;02.05.2025;3.69;8005153004631;Hrana
PR©UT PARMA NAREZAK 70 g;250239;Montorsi;0.0700;kg;4.35;62.14;;;02.05.2025;4.35;8005153000022;Hrana
©UNKA KUHANA NAREZAK 120 g;250241;Montorsi;0.1200;kg;3.49;29.08;;;02.05.2025;3.49;8005153004310;Hrana
SALAMA MILANO NAREZAK 100 g;250245;Montorsi;0.1000;kg;3.29;32.90;;;02.05.2025;3.29;8005153004754;Hrana
NAMAZ NATURETA KRASTAVCI 280 g;250246;Natureta;0.2800;kg;3.99;14.25;;;02.05.2025;3.99;3831029513892;Hrana
®ITNA KA©ICA ÈOKOLINO 1,8 kg;250255;Èokolino;1.8000;kg;13.99;7.77;;;02.05.2025;13.99;3850104235863;Hrana
SPU®.ZA KUPANJE XME DESPAR ;250259;Despar;1.0000;kom;0.69;0.69;;;02.05.2025;0.69;8001300850731;Toaletne potrep¹tine
SPU®.ZA KUP.CLASS. XME DESPAR ;250264;Despar;1.0000;kom;.52;0.52;;;02.05.2025;.52;8001300850755;Toaletne potrep¹tine
TROPIC MIX NATURA 150 g;250265;Natura;0.1500;kg;3.14;20.93;;;02.05.2025;3.14;3859892798918;Hrana
BUÈINE GOLICE NATURA 150 g;250266;Natura;0.1500;kg;2.52;16.80;;;02.05.2025;2.52;3859892798796;Hrana
BOLERO MIX NATURA 150 g;250268;Natura;0.1500;kg;3.18;21.20;;;02.05.2025;3.18;3859892798857;Hrana
SUHO VOÆE MIX NATURA 150 g;250269;Natura;0.1500;kg;2.84;18.93;;;02.05.2025;2.84;3859892798864;Hrana
PJEN.FREIX.ICE COLG SE. 0,75 L;250274;Freixenet;0.7500;l;13.59;18.12;;;02.05.2025;13.59;8410036805807;Piæa
DESERT MONTE SNACK ZOTT 4X29 g;250332;Zott;0.1160;kg;1.99;17.16;;;02.05.2025;1.99;4014500513485;Hrana
Kulenova seka Belje;250361;Belje;1.0000;kg;26.99;26.99;;;02.05.2025;26.99;3850257051747;Hrana
TORTA JAB.,KARAMELA,KREM.1800g;250400;;1.8000;kg;20.63;11.46;;;02.05.2025;20.63;5413476970831;Hrana
MAÈJA HRANA WHISK.PILET.1,4 kg;250419;Whiskas;1.4000;kg;8.99;6.42;;;02.05.2025;8.99;5900951259180;Proizvodi za kuæanstvo
VINO ORAHOV.GRA©EV.VR 0,75 L;250433;;0.7500;l;8.12;10.83;;;02.05.2025;8.12;3858889830884;Piæa
OTOPINA LACALUT AKTIV 300 ml;250443;Lacalut;0.3000;L;5.69;18.97;;;02.05.2025;5.69;4016369726297;Kozmetika
ZUB.PASTA LACALUT WHITE 75 ml;250448;Lacalut;0.0750;L;4.29;57.20;;;02.05.2025;4.29;4016369726365;Kozmetika
ZUB.PASTA LACALUT AKTIV 75 ml;250451;Lacalut;0.0750;L;4.29;57.20;;;02.05.2025;4.29;4016369728680;Kozmetika
ZUB.PASTA LACALUT 75 ml;250453;Lacalut;0.0750;L;4.29;57.20;;;02.05.2025;4.29;4016369726358;Kozmetika
LIMUN TRAVA 125 g;250495;;1.0000;kom;1.99;1.99;;;02.05.2025;1.99;3859891295678;Hrana
SPRE.MRAVI I ®OHARI 3U1 400 ml;250501;;0.4000;l;5.99;14.98;;;02.05.2025;5.99;5000204024562;Proizvodi za kuæanstvo
KA©ICA FRUTEK JABUKA BIO 120 g;250536;Fructal;0.1200;kg;1.26;10.50;;;02.05.2025;1.26;3838945016483;Hrana
SR.SOMAT ZA ÈI©.PERILIC.3X20 g;250538;Somat;0.0600;kg;3.99;66.50;;;02.05.2025;3.99;9000100999786;Sredstva za èi¹æenje
BOMBONIJERA MOZART VREÆ.264 g;250555;Mozart;0.2640;kg;4.49;17.01;;;02.05.2025;4.49;9001508084609;Hrana
VITAMIN C NATUR.500MG DIR.30 g;250566;Naturel;0.0300;kg;2.89;96.33;;;02.05.2025;3.59;3858887246946;Hrana
DIREKT MAGN.+VIT.NATUREL.30 g;250569;Naturel;0.0300;kg;2.89;96.33;;;02.05.2025;3.59;3858889365034;Hrana
D®EM BAK.TAJ.NARANÈA 375 g;250578;Bakina Tajna;0.3750;kg;3.99;10.64;;;02.05.2025;3.99;8606011030498;Hrana
D®EM BAK.TAJ.SMOKVA 375 g;250579;Bakina Tajna;0.3750;kg;4.99;13.31;;;02.05.2025;4.99;8600103131551;Hrana
RI®A GALLO CRVENA 500 g;250580;Gallo;0.5000;kg;4.19;8.38;;;02.05.2025;4.19;8001420005226;Hrana
PELATI BIO RAJÈICA MUTTI 400 g;250583;Mutti;0.2600;kg;3.79;14.58;;;02.05.2025;3.79;8005110413544;Hrana
POLPA BIO RAJÈICA MUTTI 400 g;250585;Mutti;0.2600;kg;3.79;14.58;;;02.05.2025;3.79;8005110413520;Hrana
PRAL.SPAR PREMIUM ©KOLJK.250 g;250595;SPAR PREMIUM;0.2500;kg;4.49;17.96;;;02.05.2025;4.49;9100000770925;Hrana
PREZERVATIV DUREX CLASSIC 18/1;250699;Durex;18.0000;kom;12.59;0.70;;;02.05.2025;12.59;5997321771885;Toaletne potrep¹tine
PREZ.DUREX FEEL THIN 18/1;250701;Durex;18.0000;kom;14.95;0.83;;;02.05.2025;14.95;5052197044973;Toaletne potrep¹tine
ULJE MAS.EXT.DJ.HAR ORGULA 1 L;250730;Orgula;1.0000;L;13.99;13.99;;;02.05.2025;13.49;3859890446200;Hrana
ULJE MAS.EX.DJ.TRAD ORGULA 1 L;250733;;1.0000;L;13.99;13.99;;;02.05.2025;16.99;3859890446217;Hrana
SIR MEKI GRABANCIJA© 350 g;250780;Vindija;0.3500;kg;5.79;16.54;;;02.05.2025;5.79;3850108054026;Hrana
VREÆE ZA SMEÆE 50L 15/1 ;250794;;15.0000;kom;2.19;0.15;;;02.05.2025;2.19;8009986014874;Proizvodi za kuæanstvo
MIX ORA©.I VOÆA SEEBERGE.150 g;250800;Seeberger;0.1500;kg;4.99;33.27;;;02.05.2025;4.99;4008258051030;Hrana
GIN MG MASTERS 0,7 L;250801;;0.7000;L;15.99;22.84;;;02.05.2025;15.99;8411640000435;Piæa
 KRUH ÖLZ SENDVIÈ INTEGR.750 g;250818;;0.7500;kg;4.14;5.52;;;02.05.2025;4.14;9005300010347;Hrana
KRUH  ÖLZ  SENDVIÈ 750 g;250819;Ölz;0.7500;kg;4.14;5.52;;;02.05.2025;4.14;9005300010743;Hrana
SIR KREM ABC TUNA 100 g ;250848;Belje;0.1000;kg;1.39;13.90;;;02.05.2025;1.39;3850257060169;Hrana
MINI BAGUETTE S-BUDGET 300 g;250863;S-BUDGET;0.3000;kg;0.99;3.30;;;02.05.2025;0.99;9100000864488;Hrana
PAN.PILEÆ.MEDALJONI SPAR 900 g;250900;SPAR;0.9000;kg;8.99;9.99;;;02.05.2025;8.99;3856021200854;Hrana
PIVO BAVARIA 0,5 L 5+1 GRATIS;250944;Bavaria;2.5000;L;7.62;3.05;;;02.05.2025;7.62;8600105004099;Piæa
PASTA ZA ZUBE PARODONTAX 75 ml;250974;Parodontax;0.0750;L;5.99;79.87;;;02.05.2025;5.59;5054563950499;Kozmetika
ÈOK.MIKADO BITT.BRUS.72%100 g;251074;Mikado;0.1000;kg;2.99;29.90;;;02.05.2025;2.99;3858888573683;Hrana
PA©T.S JADR.KOZIC.PREMI.165 g;251082;SPAR;0.1650;kg;3.79;22.97;;;02.05.2025;3.79;3856021201943;Hrana
PASTA PATAKS T.MASALA 165 g;251118;Blue Dragon;0.1650;kg;;15.70;2.59;4.19;02.05.2025;4.19;5011308700917;Hrana
PASTA PATAKS TANDOORI 170 g;251133;Pataks;0.1700;kg;;15.24;2.59;4.19;02.05.2025;4.19;5011308700351;Hrana
ALGE BL.DRAGON SUSHI 11 g;251136;;0.0110;kg;;217.27;2.39;3.59;02.05.2025;3.59;5010338303006;Hrana
PANKO BL.DRAGON MIX 120 g;251139;;0.1200;kg;;24.92;2.99;4.39;02.05.2025;4.39;5010338014902;Hrana
HRANA ZA MAÈKE MOL.TEL.4X100 g;251186;Molly;0.4000;kg;1.99;4.98;;;02.05.2025;1.99;9100000720975;Proizvodi za kuæanstvo
NAMAZ VEG.SJ.KON.MED.2X50 g;251199;Vegetariana;0.1000;kg;2.24;22.40;;;02.05.2025;2.24;3859892560485;Hrana
NAMAZ SA SJ.KONOPLJE 2X50 g;251201;Vegetariana;0.1000;kg;2.24;22.40;;;02.05.2025;2.24;3859892560478;Hrana
ORA©.MIX S BRUS.S BUDGET 250 g;251419;S-Budget;0.2500;kg;3.29;13.16;;;02.05.2025;2.69;9100000771175;Hrana
JUHA TOSCANA 620 g;251470;;0.6200;kg;2.79;4.50;;;02.05.2025;2.79;8014190017122;Hrana
JUHA MINESTRONE 620 g;251471;;0.6200;kg;2.79;4.50;;;02.05.2025;2.79;8014190017139;Hrana
JUHA KREM OD MRKVE 620 g;251473;;0.6200;kg;2.79;4.50;;;02.05.2025;2.79;8014190017092;Hrana
ULJE MASL.EX.DJ.PREM ORGU.1 L;251524;Orgula;1.0000;L;14.99;14.99;;;02.05.2025;17.99;3859890446224;Hrana
BAKALAR MANTECATO MASL.90 g;251661;Alden;0.0900;kg;2.52;28.00;;;02.05.2025;2.52;3859891792160;Hrana
BAKALAR MANTECATO KLAS.90 g;251664;Alden;0.0900;kg;2.19;24.33;;;02.05.2025;2.19;3859891792016;Hrana
LAK ZA NOKTE EVELINE 101 12ml;251680;;1.0000;kom;2.69;2.69;;;02.05.2025;2.69;5901761915488;Kozmetika
LAK ZA NOKTE EVELINE 130 12 ml;251687;;1.0000;kom;2.69;2.69;;;02.05.2025;2.69;5901761939194;Kozmetika
LAK ZA NOKTE EVELINE 30 12 ml;251708;;1.0000;kom;2.69;2.69;;;02.05.2025;2.69;5907609387141;Kozmetika
LAK ZA NOKTE EVELINE 00 5 ml;251712;;1.0000;kom;1.79;1.79;;;02.05.2025;1.79;5907609351890;Kozmetika
LAK ZA NOKTE EVELINE 496 5 ml;251713;;1.0000;kom;1.79;1.79;;;02.05.2025;1.79;5907609357243;Kozmetika
LAK ZA NOKTE EVELINE 684 5 ml;251717;;1.0000;kom;1.79;1.79;;;02.05.2025;1.79;5907609384164;Kozmetika
LAK ZA NOKTE EVELINE 685 5 ml;251718;;1.0000;kom;1.79;1.79;;;02.05.2025;1.79;5907609384171;Kozmetika
TEK.ZA WC DUCK POWER 2X750ml;251727;Duck;1.5000;L;3.05;2.03;;;02.05.2025;3.05;3858889570216;Sredstva za èi¹æenje
®ITARICE KRA© EX RINGS 250 g;251728;Kra¹;0.2500;kg;2.59;10.36;;;02.05.2025;2.59;3850102509140;Hrana
TAB.FINISH ALL IN ONE 100/1;251731;Finish;100.0000;kom;18.95;0.19;;;02.05.2025;18.95;5999109583475;Sredstva za èi¹æenje
JUHA MAGGI KREM RAJÈ. BOS.56 g;251799;Maggi;0.0560;kg;;15.89;0.89;1.39;02.05.2025;1.39;7613287419866;Hrana
JUHA MAGGI KREM GLJIVE 52 g;251801;Maggi;0.0520;kg;;17.12;0.89;1.39;02.05.2025;1.39;7613287204745;Hrana
NAPITAK ALPRO NEPR.BADEM 1 L;251826;Alpro;1.0000;l;3.79;3.79;;;02.05.2025;2.39;5411188122661;Piæa
RAKIJE PATRIK MIX 4X0,05 L;251827;;0.2000;L;14.79;73.95;;;02.05.2025;14.79;3859890672609;Piæa
LIKERI PATRIK MIX 4X0,05 L;251828;;0.2000;L;14.09;70.45;;;02.05.2025;14.09;3859890672593;Piæa
UNIVERZ.SRED.DOMESTOS 750 ml;251832;Domestos;0.7500;L;2.95;3.93;;;02.05.2025;2.15;8710908675089;Sredstva za èi¹æenje
GLADE SPRAY VANILIJA 300 ml;251904;Glade;0.3000;L;3.69;12.30;;;02.05.2025;3.69;5000204350906;Sredstva za èi¹æenje
NAPITAK NATUR PUR PIR 1 L;251910;Natur pur;1.0000;l;;1.49;1.49;1.56;02.05.2025;1.56;9100000708737;Piæa
SPAR VITAL KOKOS MLIJE.400 ml;251911;SPAR Vital;0.4000;l;2.19;5.48;;;02.05.2025;2.19;9100000717029;Hrana
ODST.MRLJA BIOSHOUT SPR.500 ml;251914;Bioshout;0.5000;L;4.65;9.30;;;02.05.2025;4.65;5000204350814;Sredstva za èi¹æenje
ROCHER FERRERO 100 g;251921;Ferrero;0.1000;kg;4.39;43.90;;;02.05.2025;4.39;8000500192801;Hrana
PA©TETA ARGETA KOKO©.SLAV.95 g;252013;Argeta;0.0950;kg;1.39;14.63;;;02.05.2025;1.39;3838471031394;Hrana
WHISKEY JAMESON BLACK BA.0,7 L;252053;;0.7000;L;44.12;63.03;;;02.05.2025;44.12;5011007024000;Piæa
VINO ORMO® RUME. MU©KAT 0,75 L;252057;;0.7500;L;9.29;12.39;;;02.05.2025;9.29;3830078701809;Piæa
ÈOK.MILKA KARAMELA KIKIR.276g;252062;Milka;0.2760;kg;6.79;24.60;;;02.05.2025;6.79;7622210612267;Hrana
LAK ZA KOSU MODESTA 500 ml;252069;Modesta;0.5000;L;4.49;8.98;;;02.05.2025;4.49;3850177000634;Kozmetika
RIBLJI ©TAPIÆI SPAR FF 250 g;252082;SPAR free from;0.2500;kg;3.99;15.96;;;02.05.2025;3.99;9100000714226;Hrana
ULJE REPICE S-BUDGET 1 L;252085;S-Budget;1.0000;L;1.99;1.99;;;02.05.2025;1.99;9100000709062;Hrana
SIR EMMENT.NAREZANI S-BU 400 g;252086;S-Budget;0.4000;kg;5.49;13.73;;;02.05.2025;5.49;9100000057187;Hrana
VINO ZL.PL.GR.CRU MAGNUM 1,5 L;252089;;1.5000;L;65.02;43.35;;;02.05.2025;65.02;3859888437296;Piæa
RAJÈIC.PASIRANA FRUCTAL 500 ml;252146;Fructal;0.5000;l;1.09;2.18;;;02.05.2025;1.09;3838945029155;Hrana
LJE©NJAK NATURA 150 g;252165;;0.1500;kg;2.84;18.93;;;02.05.2025;2.84;3859892798833;Hrana
GRO®ÐICA NATURA SUHA 200 g;252166;;0.2000;kg;1.44;7.20;;;02.05.2025;1.44;8697435900016;Hrana
CIKLA PODRAVKA REZANCI 680 g;252168;Podravka;0.3800;kg;2.29;6.03;;;02.05.2025;2.29;3850104292118;Hrana
BADEM NPS NATURA 200 g ;252169;Natura;0.2000;kg;4.19;20.95;;;02.05.2025;4.19;3859892798789;Hrana
BADEM PEÈENI SLANI NATURA 100g;252170;Natura;0.1000;kg;2.69;26.90;;;02.05.2025;2.69;3859892798871;Hrana
SIR ZRN.POS.NOEM DO10%MM 215 g;252201;Noem;0.2000;kg;1.59;7.95;;;02.05.2025;1.59;9019100351401;Hrana
COMPLETE COLOR CREME N67 ÈOK.;252229;Annyer;1.0000;kom;4.19;4.19;;;02.05.2025;4.19;3850177007824;Kozmetika
COMPLETE COLOR CREME N54 KEST.;252230;Annyer;1.0000;kom;4.19;4.19;;;02.05.2025;4.19;3850177007831;Kozmetika
COMPLETE COLOR CREME RM55 MAH.;252231;Annyer;1.0000;kom;4.19;4.19;;;02.05.2025;4.19;3850177007909;Kozmetika
COMPLETE COLOR CREME N50 SMEÐA;252232;Annyer;1.0000;kom;4.19;4.19;;;02.05.2025;4.19;3850177007848;Kozmetika
COMPLETE COLOR CREME B98 SREB.;252234;Annyer;1.0000;kom;4.19;4.19;;;02.05.2025;4.19;3850177007794;Kozmetika
COMPLETE COLOR CREME D20 CRNA;252235;Annyer;1.0000;kom;4.19;4.19;;;02.05.2025;4.19;3850177007947;Kozmetika
COMPLETE COLOR CREME N80 P.P;252237;Annyer;1.0000;kom;4.19;4.19;;;02.05.2025;4.19;3850177007800;Kozmetika
SOL HIMALAJ.SITNA KOTANY120 g;252241;Kotanyi;0.1200;kg;2.19;18.25;;;02.05.2025;1.98;9001414040034;Hrana
©AMPON REVITAL KOPRIVA 300 ml;252245;Annyer;0.3000;L;3.09;10.30;;;02.05.2025;3.09;3850177005509;Kozmetika
©AMPON REVITAL ÈIÈAK 300 ml;252247;Annyer;0.3000;L;3.09;10.30;;;02.05.2025;3.09;3850177005523;Kozmetika
GEL EXTRA STRONG 470 ml;252249;Annyer;0.4700;L;6.09;12.96;;;02.05.2025;6.09;3850177007428;Kozmetika
GEL ZA KOSU BLUE 100 ml;252250;Annyer;0.1000;L;3.39;33.90;;;02.05.2025;3.39;3850177007152;Kozmetika
GEL ZA KOSU GREEN 100 ml;252251;Annyer;0.1000;L;3.39;33.90;;;02.05.2025;3.39;3850177007138;Kozmetika
ANNYER BLANCHE 40 g;252264;Annyer;1.0000;kom;3.39;3.39;;;02.05.2025;3.39;3850177008067;Kozmetika
HIDROGEN ANNYER CR.12% 120 ml ;252266;Annyer;0.1200;L;2.99;24.92;;;02.05.2025;2.99;3850177008128;Kozmetika
GAZ. PIÆE VINDI TANGERINA1,5 L;252302;;1.5000;L;1.59;1.06;;;02.05.2025;1.59;3850108070842;Piæa
VINO TELUS PLAVAC MALI 0,75 L;252339;;0.7500;L;7.19;9.59;;;02.05.2025;7.19;3857500014122;Piæa
VINO MUSKAT ®UTI SM 0,75 L;252341;;0.7500;L;8.99;11.99;;;02.05.2025;8.99;3859892237202;Piæa
VINO CABE. SAUVIGNON SM 0,75 L;252348;;0.7500;L;8.49;11.32;;;02.05.2025;8.49;3859892237189;Piæa
ZOBENA DOBRA  KA©A JABUKA 65 g;252394;;0.0650;kg;0.99;15.23;;;02.05.2025;0.99;8595054904326;Hrana
SOK FRUCTAL PREMIUM MULTIV.1 L;252395;Fructal;1.0000;L;2.29;2.29;;;02.05.2025;2.29;3838945027854;Piæa
ÈAJ AGRISTAR KOM.ANIS KIM 40 g;252401;Agristar;0.0400;kg;2.25;56.25;;;02.05.2025;2.25;3858886504849;Piæa
ÈAJ AGRISTAR ÐUMBIR CIMET 40 g;252402;Agristar;0.0400;kg;2.39;59.75;;;02.05.2025;2.39;3858886504832;Piæa
VINO BRAÈ 1903 BOGONDON 0,75 L;252403;;0.7500;L;11.39;15.19;;;02.05.2025;11.39;3859892605339;Piæa
VINO BRAÈ 1903 GODIMENT 0,75 L;252405;;0.7500;L;10.49;13.99;;;02.05.2025;10.49;3859892605315;Piæa
ÈAJ FRANCK KAMI.ÐU.BIR 40 g;252411;Franck;0.0400;kg;2.39;59.75;;;02.05.2025;2.39;3858881088306;Piæa
PIZZA MINI MARG.DESPAR 9x30 g;252416;Despar;0.2700;kg;2.99;11.07;;;02.05.2025;2.99;9100000803616;Hrana
PIZZA MINI ©UNKA DESPAR 9x30 g;252427;Despar;0.2700;kg;2.99;11.07;;;02.05.2025;2.99;9100000803654;Hrana
RI®A NATUREL DOMAÆA JELA 1 kg;252476;Naturel;1.0000;kg;4.99;4.99;;;02.05.2025;4.99;3858889360954;Hrana
PAP.RUÈ.VIOLETA LOVE 3SL.3/1;252479;Violeta;3.0000;kom;3.29;1.10;;;02.05.2025;2.29;3859892288952;Proizvodi za kuæanstvo
UNIV.SRED.SANYTOL 1 L;252627;Sanytol;1.0000;L;3.39;3.39;;;02.05.2025;3.39;3045206312202;Sredstva za èi¹æenje
MED VAR®AK CVJETNI 12 g VREÆ.;252744;;0.0120;kg;0.26;21.67;;;02.05.2025;0.26;3859888673953;Hrana
PANIRANI ODR. COTOLETTA  220 g;252823;AiA;0.2200;kg;2.29;10.41;;;02.05.2025;2.29;8008110258719;Hrana
UL.ALWAYS DNEVNI TRIO E.L.44/1;252926;Always;44.0000;kom;2.99;0.07;;;02.05.2025;2.99;4015400563846;Toaletne potrep¹tine
UL.ALWAYS DNEV.TRIO LIGHT 58/1;252933;Always;58.0000;kom;2.99;0.05;;;02.05.2025;2.99;4015400565574;Toaletne potrep¹tine
UL.ALWAYS DNEV.TRIO NO.F. 60/1;252942;Always;60.0000;kom;3.05;0.05;;;02.05.2025;3.05;4015400563747;Toaletne potrep¹tine
PUDING DR.OET.ZA MAÐARI.100 g;252996;Dr. Oetker;0.1000;kg;1.19;11.90;;;02.05.2025;1.19;5997381360647;Hrana
PUDING DR.OETK.ZA KREM©NI.80 g;253004;Dr. Oetker;0.0800;kg;1.19;14.88;;;02.05.2025;1.19;5997381360616;Hrana
KA©A DR.OETKER VANIL.CHIA 50 g;253015;Dr. Oetker;0.0500;kg;0.99;19.80;;;02.05.2025;0.99;5997381370950;Hrana
KA©A DR.OETKER MAL.CHIA 50 g;253019;Dr. Oetker;0.0500;kg;0.99;19.80;;;02.05.2025;0.99;5997381370967;Hrana
BOMBONI SMARTIES MINI 158 g;253041;Smarties;0.1580;kg;4.49;28.42;;;02.05.2025;4.49;7613287115782;Hrana
UMAK HEINZ WORCESTER 150 ml;253369;Heinz;0.1500;l;3.31;22.07;;;02.05.2025;3.31;5000157073020;Hrana
UMAK HEINZ BBQ 480 g;253411;Heinz;0.4800;kg;5.29;11.02;;;02.05.2025;5.3;8410066144198;Hrana
UMAK HEINZ SOJA 150 ml;253412;Heinz;0.1500;l;3.71;24.73;;;02.05.2025;3.71;5000157073006;Hrana
SIR KREM ABC JUNIOR 100 g;253417;Belje;0.1000;kg;1.35;13.50;;;02.05.2025;1.35;3850257060190;Hrana
PUDING DR.OETKER VANIL.BG.38 g;253425;Dr. Oetker;0.0380;kg;1.29;33.95;;;02.05.2025;1.29;5997381360586;Hrana
PUDING DR.OETKER ÈOK.BG.49 g;253427;Dr. Oetker;0.0490;kg;1.29;26.33;;;02.05.2025;1.29;5997381360593;Hrana
SNACK NATUREL RI®A LAN 100 g;253435;Naturel;0.1000;kg;1.59;15.90;;;02.05.2025;1.59;8606012163157;Hrana
MANDULAT DESPAR PREMIUM 90 g;253436;SPAR PREMIUM;0.0900;kg;1.99;22.11;;;02.05.2025;1.99;8001300802006;Hrana
BABY MRKVA SPAR 400 g;253482;SPAR;0.2650;kg;1.79;6.75;;;02.05.2025;1.79;9100000801070;Hrana
KRASTAVCI SPAR DELIKATES 670 g;253488;SPAR;0.3700;kg;2.49;6.73;;;02.05.2025;2.49;9100000803593;Hrana
KEKS MILKA SENSSOFT 156 g;253502;Milka;0.1560;kg;3.39;21.73;;;02.05.2025;3.39;7622210689597;Hrana
KEKS MILKA SENSATI.CHOCO 156 g;253503;Milka;0.1560;kg;3.39;21.73;;;02.05.2025;3.39;7622210689610;Hrana
TORTA S VOÆEM LATICA 750 g;253513;Vindija;0.7500;kg;7.96;10.61;;;02.05.2025;7.96;3850261359723;Hrana
TORTA CHEESECAKE LATICA 650 g;253514;Vindija;0.6500;kg;6.63;10.20;;;02.05.2025;6.63;3850261359716;Hrana
PJENU©AC YIPPY GRO®ÐE 0,75 L;253524;;0.7500;L;3.99;5.32;;;02.05.2025;3.99;9008700166973;Piæa
PJENU©AC YIPPY VI©NJA 0,75 L;253525;;0.7500;L;3.99;5.32;;;02.05.2025;3.99;9008700166997;Piæa
SIR CAMEM. S PAPROM VIND.100 g;253535;Vindija;0.1000;kg;2.69;26.90;;;02.05.2025;2.69;3850108051919;Hrana
Velebitska kobasica;253536;Gavrilovic;1.0000;kg;10.59;10.59;;;02.05.2025;10.59;3858890208085;Hrana
SIR CAMEM.S ÈILI.VINDIJA 100 g;253545;Vindija;0.1000;kg;2.69;26.90;;;02.05.2025;2.69;3850108051964;Hrana
SAPUN TEK.JASMIN&MAGNO.300 ml;253557;Afrodita;0.3000;L;3.49;11.63;;;02.05.2025;3.49;3831070652267;Kozmetika
ULJNI GEL TU©.AFR.BADEM 250 ml;253569;Afrodita;0.2500;L;2.95;11.80;;;02.05.2025;2.95;3831070652427;Kozmetika
ULJNI GEL TU©.AFRO.GRO®.250 ml;253572;Afrodita;0.2500;L;2.95;11.80;;;02.05.2025;2.95;3831070652199;Kozmetika
HRANA ZA PSE FRISK.PIL.1,5 kg;253653;Friskies;1.5000;kg;6.49;4.33;;;02.05.2025;6.51;7613034230485;Proizvodi za kuæanstvo
HRANA ZA PSE FRISK.MESO 1,5 kg;253654;Friskies;1.5000;kg;6.49;4.33;;;02.05.2025;6.51;7613034241207;Proizvodi za kuæanstvo
HRANA ZA PSE FRISK.BAL.10 kg;253655;Friskies;10.0000;kg;36.99;3.70;;;02.05.2025;36.99;7613031395491;Proizvodi za kuæanstvo
TJESTENINA FREE FROM FUS.500 g;253670;SPAR free from;0.5000;kg;;3.38;1.69;1.99;02.05.2025;1.99;9100000720784;Hrana
TJESTEN.FREE FROM PENNE 500 g ;253671;SPAR free from;0.5000;kg;;3.38;1.69;1.99;02.05.2025;1.99;9100000720807;Hrana
SOJA KOMADI BIO VEGGIE 150 g;253679;SPAR Veggie;0.1500;kg;2.49;16.60;;;02.05.2025;2.49;9100000969770;Hrana
SOJA GRANULAT VEGGIE 180 g;253680;SPAR Veggie;0.1800;kg;2.59;14.39;;;02.05.2025;2.59;9100000969756;Hrana
PAP.RUÈNICI PALOMA MUL.2 S.4/1;253754;Paloma;4.0000;kom;2.79;0.70;;;02.05.2025;2.79;3838952025775;Proizvodi za kuæanstvo
MAÈJA HRANA FRISKIES JUN.300 g;253762;Friskies;0.3000;kg;2.45;8.17;;;02.05.2025;2.45;7613031868384;Proizvodi za kuæanstvo
HRANA ZA MAÈKE FRIS.LOS.1,5 kg;253764;Friskies;1.5000;kg;7.16;4.77;;;02.05.2025;7.16;7613033923562;Proizvodi za kuæanstvo
HRANA ZA MAÈ.FRIS.IN.PI.1,5 kg;253765;Friskies;1.5000;kg;7.16;4.77;;;02.05.2025;7.16;7613031341887;Proizvodi za kuæanstvo
TJESTEN.FREE FROM SPAG.500 g;253868;SPAR free from;0.5000;kg;;3.38;1.69;1.99;02.05.2025;1.99;9100000720760;Hrana
MAÈJA PA©TETA GOUR.GOLD 4X85g;253890;Gourmet;0.3400;kg;3.09;9.09;;;02.05.2025;3.31;7613032956240;Proizvodi za kuæanstvo
MAÈJA HRA.GOURM.GOLD UM.4X85 g;253891;Gourmet;0.3400;kg;3.09;9.09;;;02.05.2025;3.31;7613032958824;Proizvodi za kuæanstvo
MAJONEZA THOMY VREÆIC.XL 380 g;253901;Thomy;0.3800;kg;3.79;9.97;;;02.05.2025;3.49;7613035904958;Hrana
Kruh fini kukuruzni 750 g;253943;Bäckerei SPAR;0.7500;kg;1.09;1.45;;0.99;02.05.2025;1.72;;Hrana
NAMAZ NATURA ZDENKA 150 g;253998;Zdenka;0.1500;kg;2.25;15.00;;;02.05.2025;2.25;3858888596941;Hrana
NAMAZ PIKANT ZDENKA 150 g;253999;Zdenka;0.1500;kg;2.09;13.93;;;02.05.2025;2.09;3858888596958;Hrana
NAMAZ ZDENKA KAJMAK 150 g;254002;Zdenka;0.1500;kg;1.99;13.27;;;02.05.2025;1.99;3858888596972;Hrana
NAMAZ ZDENKA ORIGINAL 150 g;254007;Zdenka;0.1500;kg;1.99;13.27;;;02.05.2025;1.99;3858888596965;Hrana
TLAÈENICA SELJAÈKA 300 g;254028;Krainer;0.3000;kg;4.29;14.30;;;02.05.2025;4.29;9004286420300;Hrana
PJEN.VINO HUGO GR.LIMUN 0,75 L;254073;Exclusive bei SPAR;0.7500;L;3.18;4.24;;;02.05.2025;3.18;4002391302509;Piæa
SENF ESTRAGON MAUTNERMA.350 g;254082;;0.3500;kg;2.59;7.40;;;02.05.2025;1.69;9011900184401;Hrana
SENF ESTRAGON S-BUDGET 330 g;254091;S-BUDGET;0.3300;kg;1.59;4.82;;;02.05.2025;1.59;9100000716930;Hrana
SENF KREM S-BUDGET 330 g;254092;S-BUDGET;0.3300;kg;1.79;5.42;;;02.05.2025;1.79;9100000716916;Hrana
SIRUP SUNQUICK CRNI RIB. 0,7 L;254098;Sunquick;0.7000;L;6.02;8.60;;;02.05.2025;6.02;5775345206237;Piæa
SIRUP SUNQUICK BRES-NARA.0,7 L;254105;Sunquick;0.7000;L;5.52;7.89;;;02.05.2025;5.52;5775345121172;Piæa
SIRUP SUNQUICK NARANÈA 0,7 L;254106;Sunquick;0.7000;L;5.52;7.89;;;02.05.2025;5.52;5775345121233;Piæa
ÈIPS OD JABUKE SPAR VITAL 50 g;254126;SPAR Vital;0.0500;kg;0.89;17.80;;;02.05.2025;0.89;3856021202209;Hrana
JABUKOVAÈA ST.LISAC 0,5 LP.A ;254135;;0.5000;L;1.25;2.50;;;02.05.2025;1.25;3850103003494;Piæa
VINO GRA©EVINA 2 L KG PET;254144;;2.0000;L;5.45;2.73;;;02.05.2025;5.45;3859891270149;Piæa
PIVO SAN SERV. CRVENO 0,33 L ;254158;;0.3300;L;2.72;8.24;;;02.05.2025;2.72;3859893049033;Piæa
PIVO SAN SERVOLO TAMNO 0,33 L;254162;;0.3300;L;2.72;8.24;;;02.05.2025;2.72;3859893049095;Piæa
PIVO SAN SERVO.SVIJETLO 0,33 L;254163;;0.3300;L;2.28;6.91;;;02.05.2025;2.28;3859893049019;Piæa
BOJA PALETTE ICC RV6 7-887;254217;Palette;1.0000;kom;;3.49;3.49;4.25;02.05.2025;4.25;9000101003277;Kozmetika
©AMPINJONI DROGA U OCTU 280 g;254256;Droga Kolinska;0.1700;kg;3.39;19.94;;;02.05.2025;3.39;3830042562221;Hrana
DATULJA RFS;254268;;1.0000;kg;3.05;3.05;;;02.05.2025;3.05;3858889331732;Hrana
KEKS JAFFA VI©NJA CHOCO 155 g;254297;Jaffa;0.1550;kg;1.29;8.32;;;02.05.2025;1.29;8600114006244;Hrana
AJVAR NATURETA SLATKI 290 g;254299;Natureta;0.2900;kg;3.29;11.34;;;02.05.2025;3.29;3831029507457;Hrana
PIVO GRIMBERGEN BLANCHE 0,33 L;254301;;0.3300;L;2.28;6.91;;;02.05.2025;2.28;3858887585502;Piæa
AJVAR NATURETA LJUTI 290 g;254306;Natureta;0.2900;kg;3.29;11.34;;;02.05.2025;3.29;3831029507532;Hrana
MASLAC Z BREGOV 125 g;254339;Z Bregov;0.1250;kg;1.99;15.92;;;02.05.2025;1.99;3850108060126;Hrana
JU.KOCKA MAGGI POVRTNA 129,6 g;254344;Maggi;0.1296;kg;2.29;17.67;;;02.05.2025;2.29;8585002438645;Hrana
KEKS CHOCO COOKIES ORIGI.200 g;254348;Koestlin;0.2000;kg;2.15;10.75;;;02.05.2025;2.15;3856014120084;Hrana
ZAÈ.PAPR.TUCANA ©AFRAM 100 g;254351;Safram;0.1000;kg;1.85;18.50;;;02.05.2025;1.85;3859892109370;Hrana
SOL HIMALAJ.SITNA ©AFRAM 250 g;254354;Safram;0.2500;kg;2.91;11.64;;;02.05.2025;2.91;3859892109394;Hrana
Sir svj.polum.Euromilk 2x5 kg;254375;Euro Milk;1.0000;kg;4.99;4.99;;;02.05.2025;4.99;3859889770224;Hrana
UMAK SPAR CARBONARA 390 g;254423;SPAR Qualitätsmarke;0.3900;kg;2.79;7.15;;;02.05.2025;2.79;8710671155122;Hrana
PIVO KASAÈKO 0,5 L P.A.;254482;;0.5000;L;1.55;3.10;;;02.05.2025;1.55;3859889094085;Piæa
©AMPON H&S NOURISH HAIR 400 ml;254493;Head&Shoulders;0.4000;L;;12.48;4.99;6.19;02.05.2025;6.19;4084500819689;Kozmetika
RI®A SCOTTI BASMATI 4x125 g;254551;Scotti;0.5000;kg;6.19;12.38;;;02.05.2025;6.19;5941832000859;Hrana
RI®A SCOTTI PARBOILED 4x125 g;254558;Scotti;0.5000;kg;2.89;5.78;;;02.05.2025;2.91;5941832000873;Hrana
LASAGNE FREE FROM 250 g;254848;SPAR free from;0.2500;kg;1.99;7.96;;;02.05.2025;1.99;9100000801759;Hrana
FLIPS PUFULETI  KUKURUZNI 85 g;254866;VENDO;0.0850;kg;.79;9.29;;;02.05.2025;.79;9120072150050;Hrana
MAR.ZA ÈI©Æ.NAOÈ.SPLEN.54/1;254896;Splendid;54.0000;kom;1.25;0.02;;;02.05.2025;1.25;9100000800608;Toaletne potrep¹tine
BAKALAR PRE©ANI POLOVINA;254924;;1.0000;kg;44.99;44.99;;;02.05.2025;44.99;;Hrana
DOMAÆA BAKLAVA 500 g;254955;;0.5000;kg;4.09;8.18;;;02.05.2025;4.09;5319990443861;Hrana
BAZA GLADE AUT LAV.-JAS.269 ml;254979;Glade;0.2690;L;11.99;44.57;;;02.05.2025;11.99;5000204073645;Sredstva za èi¹æenje
TEK.DUCK ZA WC UNI©TA.K.750 ml;254982;Duck;0.7500;L;1.69;2.25;;1.69;02.05.2025;1.69;5000204545784;Sredstva za èi¹æenje
TEKU.ZA WC DUCK LAV.5U1 750 ml;254988;Duck;0.7500;L;1.69;2.25;;1.69;02.05.2025;1.69;5000204164527;Sredstva za èi¹æenje
ÈAJ AHMAD ENG. BREAKFAST 40 g;255026;Ahmad;0.0400;kg;3.45;86.25;;;02.05.2025;3.45;0054881005555;Piæa
POSEBNA PILEÆA S BUDGET 200 g;255038;S-Budget;0.2000;kg;0.99;4.95;;;02.05.2025;0.99;3856021202650;Hrana
BOMB.GUM.HARIBO BOBICE 100 g;255039;Haribo;0.1000;kg;1.59;15.90;;;02.05.2025;1.59;4001686705315;Hrana
ULJE OD KOKOSA BM 200 ml;255047;Encian;0.2000;L;3.99;19.95;;;02.05.2025;3.99;3858890102130;Hrana
ZAÈIN KURKUMA PODRAVKA 44 g;255050;Podravka;0.0440;kg;;35.23;1.55;2.59;02.05.2025;2.59;3856020201326;Hrana
SODA BIKARBONA DOLCELA 200 g;255062;Podravka;0.2000;kg;0.99;4.95;;;02.05.2025;0.99;8594004496874;Hrana
SIR EMENTALER REZAN.SPAR 150 g;255089;SPAR;0.1500;kg;2.29;15.27;;;02.05.2025;2.29;3856021202025;Hrana
SIR EDAMAC REZANI SPAR 150 g;255091;SPAR;0.1500;kg;1.99;13.27;;;02.05.2025;1.99;3856021201967;Hrana
SIR GAUDA REZANI  SPAR 150 g;255092;SPAR;0.1500;kg;1.99;13.27;;;02.05.2025;1.99;3856021201981;Hrana
ÈOKOLADA VRUÆA SPAR 8/1 200 g;255102;SPAR;0.2000;kg;3.15;15.75;;;02.05.2025;3.15;8710671151308;Piæa
©unka peèena PIK;255134;Pik;1.0000;kg;13.59;13.59;;13.59;02.05.2025;13.59;3850139628104;Hrana
KRO©TULE 150g;255144;;0.1500;kg;3.05;20.33;;;02.05.2025;3.05;8015854301403;Hrana
BU ®ICA ZA SUÐE 3/1 19286;255159;S-BUDGET;3.0000;kom;1.49;0.50;;;02.05.2025;1.49;9100000433011;Proizvodi za kuæanstvo
SPAR ÈAÈKALICE 220/1 23274;255169;SPAR Qualitätsmarke;220.0000;kom;1.99;0.01;;;02.05.2025;1.99;9100000632650;Proizvodi za kuæanstvo
SPAR ÈAÈKALICE 3X150 19909;255171;SPAR Qualitätsmarke;3.0000;kom;1.32;0.44;;;02.05.2025;1.32;9100000632667;Proizvodi za kuæanstvo
BIO RIKULA 100 g;255202;;0.1000;kg;2.39;23.90;;;02.05.2025;2.39;3859893093302;Hrana
Kulenov cvijet;255229;Gavrilovic;1.0000;kg;21.99;21.99;;;02.05.2025;21.99;3858892720387;Hrana
ÈOKOLADA SCHOGETTEN BL&W.100 g;255241;Schogetten;0.1000;kg;1.29;12.90;;;02.05.2025;1.29;4000415039707;Hrana
ÈOKOLADA SCHOGETTEN NOIS.100 g;255242;Schogetten;0.1000;kg;1.29;12.90;;;02.05.2025;1.29;4000415851705;Hrana
PAPRIÈICE SPAR JALAPENOS 340 g;255294;SPAR;0.1900;kg;1.59;8.37;;;02.05.2025;1.64;9100000802480;Hrana
BIO MANGO NP 400 g;255307;SPAR Natur*pur;0.4000;kg;3.19;7.98;;;02.05.2025;3.19;3831115313993;Hrana
BIO KOMORAÈ NP 400 g;255308;SPAR Natur*pur;0.4000;kg;1.99;4.98;;;02.05.2025;1.99;8019796200220;Hrana
ZAÈ.MIX PEÈ.®AR KOTANYI 100 g;255309;Kotanyi;0.1000;kg;2.69;26.90;;;02.05.2025;1.34;9001414006832;Hrana
SIR TILZIT REZANI SPAR 150 g;255318;SPAR Qualitätsmarke;0.1500;kg;2.09;13.93;;;02.05.2025;2.09;3856021202001;Hrana
DVOPEK MINI CLASSIC 120 g;255319;Naturel;0.1200;kg;1.39;11.58;;;02.05.2025;1.39;3858889361593;Hrana
DVOPEK MINI INTEGRALNI 120 g;255321;Naturel;0.1200;kg;1.39;11.58;;;02.05.2025;1.39;3858889361586;Hrana
DALMATINSKI MIKS 300 g NAREZAK;255338;Pivac;0.3000;kg;7.99;26.63;;;02.05.2025;7.99;3858884995021;Hrana
SIR CAM.PAN. S BRUS.SPAR 350 g;255357;SPAR;0.3500;kg;3.79;10.83;;;02.05.2025;3.79;9100000694252;Hrana
Svinjska lopatica bk 2D HR;255374;;1.0000;kg;5.3;5.30;;;02.05.2025;5.3;3858881619234;Hrana
VINDI COCKT.NARANÈA-JABUKA 2 L;255428;;2.0000;l;2.15;1.08;;;02.05.2025;2.15;3850108072808;Piæa
VINDI COCKT.NARANÈA-MANDAR.2 L;255431;;2.0000;l;2.15;1.08;;;02.05.2025;2.15;3850108072815;Piæa
KIKIRIKI LJUSKA S BUDGET 400 g;255485;S-Budget;0.4000;kg;1.59;3.98;;1.59;02.05.2025;1.85;3856021202063;Hrana
SPREJ ZA IZRAST BLOND 75 ml;255499;LOREAL;0.0750;L;7.29;97.20;;;02.05.2025;7.29;3600523192854;Kozmetika
SPREJ ZA IZRAST BEIGE 75 ml;255500;LOREAL;0.0750;L;7.29;97.20;;;02.05.2025;7.29;3600523192847;Kozmetika
SPREJ ZA IZRAST CHIATA 75 ml;255501;LOREAL;0.0750;L;7.29;97.20;;;02.05.2025;7.29;3600523192830;Kozmetika
SPREJ ZA IZRAST BRUN 75 ml;255502;LOREAL;0.0750;L;7.29;97.20;;;02.05.2025;7.29;3600523192878;Kozmetika
SIR ISTAR.TVR.KRAV.ANDRO 400 g;255511;;0.4000;kg;6.79;16.98;;;02.05.2025;6.79;3859892331108;Hrana
SIR S MASLINAMA ANDRO 330 g;255513;;0.3300;kg;6.79;20.58;;;02.05.2025;6.79;3859892331146;Hrana
SIR TVR. S PAPROM ANDRO 330 g;255515;;0.3300;kg;6.79;20.58;;;02.05.2025;6.79;3859892331139;Hrana
HRANA ZA PSE PED.ADULT 2,6 kg;255520;Pedigree;2.6000;kg;12.99;5.00;;;02.05.2025;12.99;5998749144961;Proizvodi za kuæanstvo
MAÈJA HRANA SHEBA LOSOS 85 g;255522;Sheba;0.0850;kg;1.09;12.82;;;02.05.2025;1.09;4770608257279;Proizvodi za kuæanstvo
MAÈJA HRANA SHEBA LOSOS 85 g;255535;Sheba;0.0850;kg;1.09;12.82;;;02.05.2025;1.09;4008429069772;Proizvodi za kuæanstvo
MAÈJA HRANA SHEBA OBR.4X85 g;255537;Sheba;0.3400;kg;3.29;9.68;;;02.05.2025;3.29;4770608263928;Proizvodi za kuæanstvo
MAÈJA HRANA SHEBA PERAD 4X85 g;255538;Sheba;0.3400;kg;3.29;9.68;;;02.05.2025;3.29;4770608264819;Proizvodi za kuæanstvo
ENERGET.PIÆE HELL CLAS. 0,25 L;255539;;0.2500;L;1.09;4.36;;;02.05.2025;1.09;5999884034469;Piæa
ENER.NAPITAK HELL JAB. 0,25 L;255541;;0.2500;L;1.09;4.36;;;02.05.2025;1.09;5999884034612;Piæa
ENER.NAP.HELL CRV.GRO®. 0,25 L;255542;;0.2500;L;1.09;4.36;;;02.05.2025;1.09;5999884034506;Piæa
KOKICE SPAR MASLAC 300 g;255558;SPAR;0.3000;kg;1.39;4.63;;;02.05.2025;1.39;9100000758299;Hrana
PAN.PILEÆI ODREZAK LEDO 400 g;255565;Ledo;0.4000;kg;7.49;18.73;;;02.05.2025;7.49;3850116103907;Hrana
PAN.PIL.CORDON BLEU LEDO 400 g;255566;Ledo;0.4000;kg;7.49;18.73;;;02.05.2025;7.49;3850116103891;Hrana
KIKIRIKI PR®EN SPAR VITA.300 g;255580;SPAR Vital;0.3000;kg;2.09;6.97;;;02.05.2025;2.09;9100000709932;Hrana
NAMAZ VITAL KVINOJA PAPR.140 g;255586;SPAR Vital;0.1400;kg;1.99;14.21;;;02.05.2025;1.99;9100000804552;Hrana
NAMAZ VITAL ©PINAT KONOP.140 g;255593;SPAR Vital;0.1400;kg;2.09;14.93;;;02.05.2025;2.09;9100000804613;Hrana
SMOKVE NATUR PUR 200 g;255655;Natur pur;0.2000;kg;3.29;16.45;;;02.05.2025;3.29;9100000809397;Hrana
ÐUMBIR KOCKE NATUR PUR 200 g;255658;Natur pur;0.2000;kg;3.99;19.95;;;02.05.2025;3.99;9100000809373;Hrana
MJE©.ORA©AST. PLODOV.N.P.200 g;255667;Natur pur;0.2000;kg;4.43;22.15;;;02.05.2025;4.43;9100000808901;Hrana
BRUSNICA NATUR PUR 100 g;255675;Natur pur;0.1000;kg;3.15;31.50;;;02.05.2025;3.15;9100000800189;Hrana
DATULJE NAT. PUR BEZ.KO©.200 g;255680;Natur pur;0.2000;kg;1.85;9.25;;;02.05.2025;1.85;9100000800523;Hrana
MASL.PUNJ. SIR I TART.190 g;255686;Zigante Tartufi;0.1100;kg;7.99;72.64;;;02.05.2025;7.99;3859892787271;Hrana
ÈET.ZA ZUB.AQUAFRESH FLEX M.T.;255698;Aquafresh;1.0000;kom;3.35;3.35;;;02.05.2025;3.35;5054563124272;Kozmetika
ÈIPS PRINGLES TEXAS BBQ 165 g;255701;Pringles;0.1650;kg;3.49;21.15;;;02.05.2025;3.49;5053990161966;Hrana
PAN.PILEÆI FIN.PERUTNINA 750 g;255708;Perutnina;0.7500;kg;9.99;13.32;;;02.05.2025;9.99;3838977017717;Hrana
BEAUTY KISS LIP BALM PRO.4,8 g;255745;Beauty Kiss;1.0000;kom;0.95;0.95;;;02.05.2025;0.95;9100000985633;Kozmetika
LAK ZA NOKTE EVELI.M.521 5 ml;255778;Eveline;1.0000;kom;1.79;1.79;;;02.05.2025;1.79;5907609351975;Kozmetika
LAK ZA NOKTE EVELI.M.371 5 ml;255779;Eveline;1.0000;kom;1.79;1.79;;;02.05.2025;1.79;5907609351951;Kozmetika
LAK ZA NOKTE EVEL.M.253 5 ml;255782;Eveline;1.0000;kom;1.79;1.79;;;02.05.2025;1.79;5907609357304;Kozmetika
LAK ZA NOKTE EVEL.M.688 5 ml;255791;Eveline;1.0000;kom;1.79;1.79;;;02.05.2025;1.79;5907609384232;Kozmetika
MICELARNA VODA NIVEA 400ml;255890;Nivea;0.4000;L;7.99;19.98;;;02.05.2025;7.99;9005800273464;Kozmetika
SRE.CILIT BANG ZA UKL.P.750 ml;255913;Cilit;0.7500;L;4.99;6.65;;;02.05.2025;4.99;5900627067309;Sredstva za èi¹æenje
TJ.MARODI CHIFFERI RIGAT.400 g;255925;;0.4000;kg;;2.98;1.19;1.99;02.05.2025;1.99;3859888666061;Hrana
EKSP.PROIZ.VITAL KUK.KVI.120 g;255986;SPAR Vital;0.1200;kg;1.39;11.58;;;02.05.2025;1.39;8001300801894;Hrana
JUNEÆE MLJEVENO MESO 540 g;256052;;0.5400;kg;6.99;12.94;;;02.05.2025;6.79;3850139540628;Hrana
MIJE©ANO MLJEVENO LIGHT 540 g;256053;;0.5400;kg;4.49;8.31;;4.49;02.05.2025;5.79;3850139446517;Hrana
PRA.ZA PECIVO NATUR PUR 3X21 g;256055;Natur pur;0.0630;kg;.79;12.54;;;02.05.2025;.79;9100000803746;Hrana
ZAÈIN TEKUÆI MAGGI 125 g;256114;Maggi;0.1250;kg;2.49;19.92;;;02.05.2025;2.49;40052694;Hrana
KIKIRIKI SPAR WASABI 150 g;256201;SPAR;0.1500;kg;1.45;9.67;;;02.05.2025;1.45;8710671151582;Hrana
PIVO GRIÈKA VJE©TICA 0,5 L;256216;;0.5000;l;;3.66;1.83;2.19;02.05.2025;2.29;3857500003218;Piæa
KEKS LILLY VANILIN KRA© 220 g;256221;Kra¹;0.2200;kg;1.79;8.14;;;02.05.2025;1.79;3850120700055;Hrana
CAPPUCINO NESC. BEZ KOF.125 g;256287;Nescafe;0.1250;kg;4.19;33.52;;;02.05.2025;4.19;3033710075324;Piæa
PAH.ZOBENE NAT.PUR SITNE 500 g;256326;Natur pur;0.5000;kg;1.79;3.58;;;02.05.2025;1.85;9100000027289;Hrana
ÈET.ZA ZU.AQUAFRESH E.CL.M.1+1;256405;Aquafresh;2.0000;kom;3.99;2.00;;;02.05.2025;3.99;5054563927910;Kozmetika
 KAVA MLJEVENA S BUDGET 200 g;256407;S-Budget;0.2000;kg;3.79;18.95;;;02.05.2025;3.79;3856021202858;Piæa
KAVA MLJEVENA S BUDGET 500 g;256409;S-Budget;0.5000;kg;;12.98;6.49;8.89;02.05.2025;8.89;3856021202872;Piæa
HRSKAVI KRUH S.B.SEZAM 250g;256425;S-BUDGET;0.2500;kg;1.25;5.00;;;02.05.2025;1.25;9100000800769;Hrana
HRSKAVI KRUH S.B.KLASIK 250 g;256428;S-BUDGET;0.2500;kg;1.25;5.00;;;02.05.2025;1.25;9100000800745;Hrana
DVOPEK S BUDGET 320g;256438;S-BUDGET;0.3200;kg;1.46;4.56;;;02.05.2025;1.46;9100000801773;Hrana
TORTILLE SPAR P©ENIÈ.6/1 370 g;256466;SPAR Qualitätsmarke;0.3700;kg;1.79;4.84;;;02.05.2025;1.79;8710671145598;Hrana
OKRUGLI.VAN.©UM.VOÆ.LEDO 500 g;256469;Ledo;0.5000;kg;2.99;5.98;;;02.05.2025;2.99;3850116102443;Hrana
BOMBONI SKITTLES FRUITS 125 g;256495;Skittles;0.1250;kg;2.99;23.92;;;02.05.2025;2.99;4009900500166;Hrana
KRU©NE MRVICE FREE FROM 300 g;256555;SPAR free from;0.3000;kg;;10.30;3.09;4.39;02.05.2025;4.39;9100000802688;Hrana
RI®IN SIRUP NATUR PUR 350 g;256557;Spar Natur pur;0.3500;kg;3.59;10.26;;;02.05.2025;3.59;9100000720166;Hrana
CAPPUCCIN.FRANCK CLASSIC 112 g;256608;Franck;0.1120;kg;3.89;34.73;;;02.05.2025;3.89;3858881088313;Piæa
CAPPUCCINO FRANCK IRI.CR.160 g;256614;Franck;0.1600;kg;3.89;24.31;;;02.05.2025;3.89;3858881088344;Piæa
CAPPUCCINO FRANCK VANIL.148 g;256625;Franck;0.1480;kg;3.89;26.28;;;02.05.2025;3.89;3858881088337;Piæa
CAPPUCCINO FRANCK ÈOKOL. 144 g;256627;Franck;0.1440;kg;3.89;27.01;;;02.05.2025;3.89;3858881088320;Piæa
CAPPUCCINO FRANCK KOK&BJ.148 g;256629;Franck;0.1480;kg;3.89;26.28;;;02.05.2025;3.89;3858881088351;Piæa
CAPPUCCINO FRANCK MA.©EÆ.112 g;256632;Franck;0.1120;kg;3.89;34.73;;;02.05.2025;3.89;3858881088382;Piæa
HRENOVKA POLI 330 g;256640;Poli;0.3300;kg;1.96;5.94;;;02.05.2025;1.99;3838977033656;Hrana
MAÈJA HRANA FRIS.HAIRB.1,5 kg;256693;Friskies;1.5000;kg;7.16;4.77;;;02.05.2025;7.16;7613287146786;Proizvodi za kuæanstvo
HRANA ZA PSE FRIS.GOV.KR.100 g;256707;Friskies;0.1000;kg;0.89;8.90;;;02.05.2025;0.89;7613035800823;Proizvodi za kuæanstvo
PROTEIN.KREKER SPAR VITAL 200g;256717;SPAR Vital;0.2000;kg;3.49;17.45;;;02.05.2025;3.49;3856021202148;Hrana
HRANA ZA PSE FRIS.AD.PIL.100 g;256718;Friskies;0.1000;kg;0.89;8.90;;;02.05.2025;0.89;7613035800847;Proizvodi za kuæanstvo
HRANA ZA PSE FRIS.JUN.PI.100 g;256719;Friskies;0.1000;kg;0.89;8.90;;;02.05.2025;0.89;7613035800861;Proizvodi za kuæanstvo
®VAKE ORBIT WHITE CLASSIC 14 g;256731;Orbit;0.0140;kg;0.99;70.71;;;02.05.2025;0.99;40099484;Hrana
NAPOL. MANNER MLIJ.LJE©.125 g;256733;Manner;0.1250;kg;1.39;11.12;;;02.05.2025;1.39;9000331625614;Hrana
JOG.GRÈKI TIP SPAR 10%M.M.1 kg;256740;SPAR Qualitätsmarke;1.0000;kg;2.99;2.99;;;02.05.2025;2.99;9100000830773;Hrana
POVRÆE MIX BIO NATUR PUR 300 g;256743;Natur pur;0.3000;kg;2.19;7.30;;;02.05.2025;2.19;9100000800486;Hrana
GRA©AK BIO NATUR PUR 300 g;256744;Spar Natur pur;0.3000;kg;2.19;7.30;;;02.05.2025;2.19;9100000800462;Hrana
©PINAT KREM SPAR 600 g;256745;SPAR Qualitätsmarke;0.6000;kg;1.99;3.32;;;02.05.2025;1.99;9100000066127;Hrana
SIR CHEDDAR CRVENI DUB.DA.200g;256746;Euroser;0.2000;kg;3.49;17.45;;;02.05.2025;3.49;5902431270395;Hrana
SIR CHEDD.BIJELI DUBLIN 200 g;256747;Euroser;0.2000;kg;3.49;17.45;;;02.05.2025;3.49;5902431270418;Hrana
TUNA SALATA GIANA EXOTIC 185 g;256749;Giana;0.1850;kg;2.39;12.92;;;02.05.2025;2.39;8594012796539;Hrana
KULENOV CVIJET NAREZAK 80 g;256750;Gavrilovic;0.0800;kg;2.35;29.38;;;02.05.2025;2.35;3858890209044;Hrana
TUNA SALATA GIANA WESTERN 185g;256752;Giana;0.1850;kg;2.39;12.92;;;02.05.2025;2.39;8595241502717;Hrana
KUKURUZ KLIP SPAR 340 g;256791;SPAR;0.1900;kg;1.99;10.47;;;02.05.2025;1.99;9100000801971;Hrana
ULJE SUNCOKRET. ZVIJEZDA 1,2 L;256807;Zvijezda;1.2000;L;1.89;1.58;;;02.05.2025;1.89;3856015313249;Hrana
PAPRIKA S-BUDGET REZANA 2400 g;256827;S-Budget;1.2500;kg;6.99;5.59;;;02.05.2025;6.99;3856021202919;Hrana
VODA PRIR. IZV.CETINA 0,75 L;256828;Cetina;0.7500;l;.72;0.96;;;02.05.2025;.72;3859890129370;Piæa
KOBASICA ZIMSKA S BUDGET 300 g;256829;S-Budget;0.3000;kg;3.89;12.97;;;02.05.2025;3.89;3856021203787;Hrana
KOBASICA ÈAJNA S BUDGET 300 g;256831;S-Budget;0.3000;kg;3.99;13.30;;;02.05.2025;3.99;3856021203763;Hrana
ROLL ON FA INVISIBLE SEN.50 ml;256897;Fa;0.0500;L;3.20;64.00;;;02.05.2025;3.20;9000101047141;Kozmetika
GERMKNEDLE SPAR 370 g;256902;SPAR;0.3700;kg;2.29;6.19;;;02.05.2025;2.29;9100000899763;Hrana
DEO SPRAY FA INVISIB. S.150 ml;256904;Fa;0.1500;L;3.20;21.33;;;02.05.2025;3.20;9000101045765;Kozmetika
©TAPIÆI S-BUDGET SLANI 150 g;256929;S-Budget;0.1500;kg;1.99;13.27;;;02.05.2025;1.99;9100000802787;Hrana
©TAPIÆI S-BUDGET SIR 150 g;256932;S-Budget;0.1500;kg;1.99;13.27;;;02.05.2025;1.99;9100000802763;Hrana
®ITNA KA©ICA LJE©.ÈOKOL.500 g;256970;Èokolino;0.5000;kg;4.89;9.78;;;02.05.2025;4.89;3850104227530;Hrana
PIVO KRU©OVICE SVETLE 0,5 L PA;256977;;0.5000;l;1.25;2.50;;;02.05.2025;1.25;3850103090036;Piæa
MAST SVINJSKA S BUDGET 1 kg;256978;S-Budget;1.0000;kg;2.20;2.20;;;02.05.2025;2.20;3856021203657;Hrana
KOBASICA KRANJSKA 300 g;257080;Pik;0.3000;kg;4.45;14.83;;;02.05.2025;4.45;3850139180015;Hrana
KOBASICA S BUDGET ZA KUH.300 g;257098;S-Budget;0.3000;kg;3.39;11.30;;;02.05.2025;3.39;3856021203824;Hrana
KOB.DOMAÆA S BUDG.SUHA 200 g;257099;S-Budget;0.2000;kg;2.99;14.95;;;02.05.2025;2.99;3856021203800;Hrana
SIR TOUNJSKI CASEUS 700 g ;257116;;0.7000;kg;10.99;15.70;;;02.05.2025;10.99;3857500021205;Hrana
KEKS INTEGRALNI DESPAR 350 g;257117;Despar;0.3500;kg;1.39;3.97;;;02.05.2025;1.32;8001300803980;Hrana
SIR GORSKI ZAÈ.BILJ.CASE.340 g;257118;;0.3400;kg;6.49;19.09;;;02.05.2025;6.49;3857500021298;Hrana
MEDENA PITA S BUDGET 300 g;257119;S-BUDGET;0.3000;kg;4.89;16.30;;;02.05.2025;4.89;3856021203749;Hrana
SIR GORSKI DIMLJENI CASE.340 g;257120;;0.3400;kg;6.49;19.09;;;02.05.2025;6.49;3857500021274;Hrana
GRISSINI INTEGRAL.DESPAR 180 g;257124;DESPAR;0.1800;kg;1.39;7.72;;;02.05.2025;1.39;8001300800583;Hrana
SKU©A DESPAR FILET NATUR 125 g;257135;Despar;0.0900;kg;1.99;22.11;;;02.05.2025;1.99;8001300240051;Hrana
VOÆNI PIRE NAT.PUR BAN.KR.90 g;257148;Spar Natur pur;0.0900;kg;.89;9.89;;;02.05.2025;.89;9100000707716;Hrana
VOÆNI PIRE NP.JAG.BAN.90 g;257153;Spar Natur pur;0.0900;kg;.89;9.89;;;02.05.2025;.89;9100000707792;Hrana
VOÆNI PIRE NAT.PUR JAB.MR.90 g;257157;Spar Natur pur;0.0900;kg;.89;9.89;;;02.05.2025;.89;9100000707754;Hrana
KREMA BECUTAN BADEM 100 ml;257249;Becutan;0.1000;L;4.79;47.90;;;02.05.2025;4.79;5310001242589;Kozmetika
MI.VODA NIVEA ZA SUHU K.400 ml;257252;Nivea;0.4000;L;7.99;19.98;;;02.05.2025;7.99;9005800299914;Kozmetika
MI.VODA NIVEA ZA NORM.K.400 ml;257253;Nivea;0.4000;L;7.99;19.98;;;02.05.2025;7.99;9005800299907;Kozmetika
GRAH GIANA ©ARENI 800 g;257333;Giana;0.4800;kg;1.75;3.65;;;02.05.2025;1.75;8595241511276;Hrana
HRENOVKA POLI 130 g;257344;Poli;0.1300;kg;1.02;7.85;;;02.05.2025;1.04;3850220153928;Hrana
©UNKA PUREÆA SPAR 100 g;257351;SPAR;0.1000;kg;2.45;24.50;;;02.05.2025;1.98;3858889119989;Hrana
GEL ZA TU©.DOVE C.F.XXL 400 ml;257371;Dove;0.4000;L;5.99;14.98;;;02.05.2025;5.99;8710908317828;Kozmetika
GEL ZA TU©.DOVE MEN XXL 400 ml;257372;Dove;0.4000;L;5.99;14.98;;;02.05.2025;5.99;8720181313448;Kozmetika
OSV.ZA WC DESPAR S IZBJ.2x40 g;257427;Despar;0.0800;kg;1.19;14.88;;;02.05.2025;1.19;8001300897927;Sredstva za èi¹æenje
CHAMPAGNE MOET ROSE 0,75 L;257436;;0.7500;l;83.02;110.69;;;02.05.2025;83.02;3185370074831;Piæa
VODKA BELVEDERE 0,7 L;257441;;0.7000;l;47.02;67.17;;;02.05.2025;47.02;5901041003003;Piæa
POSLASTICA ZA PSE SCOTTY 500 g;257449;Scotty;0.5000;kg;2.99;5.98;;;02.05.2025;2.99;8001300480471;Proizvodi za kuæanstvo
KOMPOT S-BUDGET ANANAS 820 g;257464;S-Budget;0.4900;kg;2.99;6.10;;;02.05.2025;2.99;9100000835044;Hrana
DEO SPR.REXONA ACTIVE S.150ml;257525;Rexona;0.1500;L;4.79;31.93;;;02.05.2025;2.99;8710908760716;Kozmetika
ULJE MASL.EXT.DJE.DESPAR 0,5 L;257546;Despar;0.5000;L;6.49;12.98;;;02.05.2025;7.49;8001300243458;Hrana
ULJE MAS.EXT.DJE.DESPAR 0,25 L;257557;Despar;0.2500;L;4.49;17.96;;;02.05.2025;4.99;8001300085720;Hrana
ULJE SALATNO S BUDGET 1 L;257578;S-Budget;1.0000;L;;3.19;3.19;3.99;02.05.2025;3.99;3856021203848;Hrana
PAP.RUÈNIK DESPAR 2 SL.1/1;257597;Despar;1.0000;kom;5.49;5.49;;;02.05.2025;5.49;8001300811688;Proizvodi za kuæanstvo
JAJA SPAR M RAZRED 6/1;257600;SPAR Qualitätsmarke;6.0000;kom;1.85;0.31;;;02.05.2025;1.85;3856021203084;Hrana
SIR DALMATINAC PA©KA SIR.200 g;257603;Paska Sirana;0.2000;kg;4.99;24.95;;;02.05.2025;4.89;3859892884352;Hrana
SIR PA©KI OVÈJI 200 g ;257610;Paska Sirana;0.2000;kg;10.99;54.95;;;02.05.2025;10.99;3859892884291;Hrana
SIR TOPLJENI MIX  S BUDG.250 g;257611;S-Budget;0.2500;kg;2.99;11.96;;;02.05.2025;2.99;9100000779553;Hrana
JUHA GOURMET OD ©PAROGA 620 g;257617;;0.6200;kg;3.19;5.15;;;02.05.2025;3.19;8014190017061;Hrana
SIR TRAPIST PA©KA.SIRANA 200 g;257621;Paska Sirana;0.2000;kg;4.39;21.95;;;02.05.2025;4.39;3859892884390;Hrana
SIR PAGUS PA©KA SIRANA 200 g ;257628;Paska Sirana;0.2000;kom;4.89;24.45;;;02.05.2025;4.95;3859892884475;Hrana
ZAÈIN RU®MARIN VEGETA POD.20 g;257631;Podravka;0.0200;kg;;26.50;0.53;0.89;02.05.2025;0.89;3850104294495;Hrana
ZAÈIN LOVOR LIST VEGETA 5 g;257633;Podravka;0.0050;kg;;106.00;0.53;0.89;02.05.2025;0.89;3850104294457;Hrana
ZAÈIN BOSILJAK VEGETA PODR.5 g;257634;Podravka;0.0050;kg;;106.00;0.53;0.89;02.05.2025;0.89;3850104294563;Hrana
KAJMAK EURO-MILK 220 g;257635;Euro Milk;0.2200;kg;4.29;19.50;;;02.05.2025;4.29;3859889770354;Hrana
ZAÈIN MA®URAN VEGETA VR.6 g;257636;Podravka;0.0060;kg;;88.33;0.53;0.89;02.05.2025;0.89;3850104294402;Hrana
ZAÈIN KOPAR VEGETA PODRAV.10 g;257637;Podravka;0.0100;kg;;53.00;0.53;0.89;02.05.2025;0.89;3850104294518;Hrana
ZAÈ.PAPRIKA SLAT.VEG.POD.200 g;257638;Podravka;0.2000;kg;;9.30;1.86;3.09;02.05.2025;3.09;3850104294648;Hrana
ZAÈ.MAJÈ.DU©ICA VEGETA PO.15 g;257639;Podravka;0.0050;kg;;106.00;0.53;0.89;02.05.2025;0.89;3850104294396;Hrana
ZAÈIN ÈE©NJAK VEGETA PODR.25 g;257640;Podravka;0.0250;kg;;26.00;0.65;1.09;02.05.2025;1.09;3850104294440;Hrana
ZAÈIN VLASAC VEGETA PODRAV.3 g;257641;Podravka;0.0030;kg;;186.67;0.56;0.89;02.05.2025;0.89;3850104294525;Hrana
ZAÈIN CURRY VEGETA 40 g;257642;Vegeta;0.0400;kg;;38.75;1.55;2.59;02.05.2025;2.59;3850104294723;Hrana
ZAÈ.MU©KATNI ORAH VEGETA 15 g;257643;Vegeta;0.0150;kg;;79.33;1.19;1.99;02.05.2025;1.99;3850104294488;Hrana
ZAÈ.PAPAR ©AR.VEGETA PODR.40 g;257644;Podravka;0.0400;kg;;59.75;2.39;3.99;02.05.2025;3.99;3850104294730;Hrana
ZAÈIN VEGETA ÐUMBIR PODRA.30 g;257645;Vegeta;0.0300;kg;;51.67;1.55;2.59;02.05.2025;2.59;3850104294655;Hrana
ZAÈ.PAP.CRNI ZRNO VEG.POD.42 g;257646;Podravka;0.0420;kg;;56.90;2.39;3.99;02.05.2025;3.99;3856020233051;Hrana
ZAÈIN CIMET VEGETA PODR.45 g;257647;Podravka;0.0450;kg;1.99;44.22;;;02.05.2025;1.99;3856020233082;Hrana
KREMA ZA L.EVELINE MA.53 30 ml;257648;Eveline;1.0000;kom;6.79;6.79;;;02.05.2025;6.79;5907609399045;Kozmetika
KREMA ZA L.EVELINE MA.52 30 ml;257649;Eveline;1.0000;kom;6.79;6.79;;;02.05.2025;6.79;5907609399113;Kozmetika
ZAÈIN VEGETA MU©.ORAH CIJ.15 g;257650;Vegeta;0.0150;kg;1.89;126.00;;;02.05.2025;1.89;3850104294471;Hrana
KREMA ZA L.EVELINE MA.51 30 ml;257651;Eveline;1.0000;kom;6.79;6.79;;;02.05.2025;6.79;5907609399014;Kozmetika
ZAÈ.PAPRIKA SLAT.VEG.POD.400 g;257652;Podravka;0.4000;kg;;8.38;3.35;5.59;02.05.2025;5.59;3850104294600;Hrana
KREMA ZA L.EVELINE MA.50 30 ml;257654;Eveline;1.0000;kom;6.79;6.79;;;02.05.2025;6.79;5907609399076;Kozmetika
ZAÈ.CIMET VEGETA PODRAV.25 g;257655;Podravka;0.0250;kg;;23.60;0.59;0.99;02.05.2025;0.99;3850104294433;Hrana
ZAÈ.LJUTA PAPR.VEG.PODR.100 g;257661;Vegeta;0.1000;kg;;10.10;1.01;1.69;02.05.2025;1.69;3850104294624;Hrana
ZAÈIN ORIGANO USITNJENI  5 g;257662;;0.0050;kg;;106.00;0.53;0.89;02.05.2025;0.89;3850104294570;Hrana
ZAÈIN PAPAR CRNI ZRNO POD.15 g;257663;;0.0150;kg;;59.33;0.89;1.49;02.05.2025;1.49;3850104294419;Hrana
ZAÈ.PAPRIKA SLATKA MLJEV.100 g;257664;;0.1000;kg;;10.10;1.01;1.69;02.05.2025;1.69;3850104294631;Hrana
ZAÈ.KLINÈIÆ CIJELI VEGETA 18 g;257665;Podravka;0.0180;kg;;56.11;1.01;1.69;02.05.2025;1.69;3850104294556;Hrana
ZAÈIN PER©IN USITNJENI VEG.7 g;257667;;0.0070;kg;;75.71;0.53;0.89;02.05.2025;0.89;3850104294549;Hrana
ZAÈ.PAPAR CRNI MLJEV.VEG.100 g;257670;;0.1000;kg;;23.90;2.39;3.99;02.05.2025;3.99;3850104294617;Hrana
ZAÈIN CHILI I SOL VEGETA 40 g;257674;Vegeta;0.0400;kg;3.99;99.75;;;02.05.2025;3.99;3850104294709;Hrana
ZAÈ.PAPAR CRNI VEGETA POD.20 g;257680;Vegeta;0.0200;kg;;44.50;0.89;1.49;02.05.2025;1.49;3850104294426;Hrana
ZAÈ.PAPRI.SLATKA VEG.POD.50 g;257681;Vegeta;0.0500;kg;;11.80;0.59;0.99;02.05.2025;0.99;3850104294594;Hrana
MASKA ZA LICE GARNIER TISSUE;257729;Garnier;1.0000;kom;2.99;2.99;;;02.05.2025;2.99;3600542385329;Kozmetika
SKU©A DELAM.FIL.MED.ULJE 125 g;257749;Delamaris;0.0810;kg;3.69;45.56;;;02.05.2025;3.69;3838929568298;Hrana
PA©TETA OD TUNE DELAMARIS 50 g;257750;Delamaris;0.0500;kg;1.39;27.80;;;02.05.2025;1.32;38380952;Hrana
KEKS SCHAR PETIT BG.165 g;257824;Schar;0.1650;kg;;17.39;2.87;3.59;02.05.2025;3.59;8008698012857;Hrana
KEKS SCHAR QUADRITOS 40 g;257826;Schar;0.0400;kg;;36.75;1.47;1.84;02.05.2025;1.84;8008698005293;Hrana
USKRSNE SALVETE DAISY;257851;;1.0000;kom;1.99;1.99;;;02.05.2025;1.99;5901720765222;Proizvodi za kuæanstvo
DEO SPR.NIVEA BLACK&W.M.150 ml;257872;Nivea;0.1500;L;4.99;33.27;;;02.05.2025;4.99;9005800280707;Kozmetika
DEO ROLL-ON NIVEA BLA&W.50 ml;257877;Nivea;0.0500;L;4.99;99.80;;;02.05.2025;4.99;42316763;Kozmetika
DEO SPR.NIVEA BLACK&W.®.150 ml;257880;Nivea;0.1500;L;4.99;33.27;;;02.05.2025;4.99;9005800280400;Kozmetika
VINO BARON D´ARIGN.ROSE 0,75 L;257917;Baron d'Arignac;0.7500;L;3.59;4.79;;;02.05.2025;3.59;3500610051111;Piæa
VINO PARIS SEDUCTION 0,75 L;257922;;0.7500;L;4.72;6.29;;;02.05.2025;4.72;3263280114974;Piæa
MAJONEZA THOMY DELIGHT 220 g;257923;Thomy;0.2200;kg;;10.41;2.29;3.19;02.05.2025;3.19;7613036012805;Hrana
BLANC FOUSSY ICE ROSE 0,75 L;257927;;0.7500;L;5.72;7.63;;;02.05.2025;5.72;3500610096174;Piæa
VINO ENTRE.CAB.SAU./MER.0,75 L;257933;;0.7500;L;5.99;7.99;;;02.05.2025;5.99;3500610103513;Piæa
GEL TU©.NIVEA MEN SPORT 500 ml;257939;Nivea;0.5000;L;5.99;11.98;;;02.05.2025;5.99;4005808782734;Kozmetika
ÈOBANAC POVRÆE S-BUDGET 400 g;257952;S-Budget;0.4000;kg;2.69;6.73;;;02.05.2025;2.69;3856021202100;Hrana
GRAH S KOBASICOM S-BUD.400 g;257953;S-Budget;0.4000;kg;2.59;6.48;;;02.05.2025;2.59;3856021202087;Hrana
ÈOKOLADNI ZEC MERCI 120g;257990;Merci;0.1200;kg;;4.08;0.49;0.99;02.05.2025;0.99;4014400915181;Hrana
KOLAÈ BRESKVICE 320 g;258069;;0.3200;kg;4.19;13.09;;;02.05.2025;4.19;3830056440829;Hrana
REFI.AIRWICK FR.M.CHERR.250 ml;258093;Airwick;0.2500;L;6.69;26.76;;;02.05.2025;6.69;5997321757964;Sredstva za èi¹æenje
TIJESTO ZA PIZZU SPAR 400 g;258116;SPAR Qualitätsmarke;0.4000;kg;;3.98;1.59;1.89;02.05.2025;1.89;9100000042268;Hrana
SIR POL.KU.PLEMIÆ.S PAPR.200 g;258140;Euro Milk;0.2000;kg;4.29;21.45;;;02.05.2025;4.29;3858891730110;Hrana
SALAT.SPAR KONTINENT.MIX 180 g;258191;SPAR Qualitätsmarke;0.1800;kg;1.39;7.72;;;02.05.2025;1.39;3856021204265;Hrana
KEKS OREO 176 g;258198;Oreo;0.1760;kg;2.19;12.44;;;02.05.2025;1.59;7622210765338;Hrana
KEKS OREO 110 g;258200;Oreo;0.1100;kg;1.69;15.36;;;02.05.2025;1.19;7622210765932;Hrana
VINO DEGRASSI ROSE 0,75L;258254;;0.7500;l;15.78;21.04;;;02.05.2025;15.78;3859891805334;Piæa
VINO DEGRASSI ISTRIAN 0,75 L;258256;;0.7500;l;12.32;16.43;;;02.05.2025;12.32;3859891805105;Piæa
VINO DEGRASSI REFO©K 0,75 L;258257;;0.7500;l;19.12;25.49;;;02.05.2025;19.12;3859891805310;Piæa
VINO DEGRASSI MERLOT 0,75L;258259;;0.7500;l;23.12;30.83;;;02.05.2025;23.12;3859891805136;Piæa
VINO DEGRAS.MALV.SELEKC.0,75 L;258260;;0.7500;l;22.02;29.36;;;02.05.2025;22.02;3859891805563;Piæa
VINO DEGRAS.CS.CONTAR.0,75 L;258261;;0.7500;l;23.12;30.83;;;02.05.2025;23.12;3859891805655;Piæa
ÈIPS OD BANANE NATURA 100 g;258262;Natura;0.1000;kg;1.45;14.50;;;02.05.2025;1.45;3859893124228;Hrana
BRAZILSKI ORAH NATURA 100 g;258263;Natura;0.1000;kg;2.24;22.40;;;02.05.2025;2.24;3859893124235;Hrana
KARAM.KIKI MALINA TWIST 100 g;258292;Kiki;0.1000;kg;1.03;10.30;;1.03;02.05.2025;1.29;3850102005895;Hrana
LIMUNSKA KISELINA SPAR 250 g;258301;SPAR;0.2500;kg;1.49;5.96;;;02.05.2025;1.49;9100000761251;Hrana
ZUBNA PASTA COLGATE 125 ml;258349;Colgate;0.0750;L;2.50;33.33;;;02.05.2025;2.50;8718951312845;Kozmetika
ÈOKO ©TANGICE 400g;258361;;0.4000;kg;4.69;11.73;;;02.05.2025;4.69;3858890192162;Hrana
PIVO PITTING.GREJP 2,3% 0,5 L;258366;Pittinger;0.5000;L;.85;1.70;;;02.05.2025;.82;9100000758831;Piæa
©TIRKA MERITO 525 ml;258400;;0.5250;L;3.59;6.84;;;02.05.2025;3.59;8003650009135;Sredstva za èi¹æenje
PAPIR.MAR.VIOLETA LE 3SL.15/1;258557;Violeta;15.0000;kom;2.99;0.20;;;02.05.2025;2.99;3870128012615;Toaletne potrep¹tine
BOMBONI SPAR MARSHMALLOW.150 g;258640;SPAR;0.1500;kg;0.99;6.60;;;02.05.2025;.92;8710671151247;Hrana
MAÈ.HRANA POESIE DIV.BRUS.85 g;258673;Vitakraft;0.0850;kg;.72;8.47;;;02.05.2025;.72;4008239588906;Proizvodi za kuæanstvo
MAÈJA HRANA POESIE GOV.MR.85 g;258674;Vitakraft;0.0850;kg;.72;8.47;;;02.05.2025;.72;4008239588920;Proizvodi za kuæanstvo
MAÈ.HRANA POESIE PIL.POV.85 g;258692;Vitakraft;0.0850;kg;.72;8.47;;;02.05.2025;.72;4008239588937;Proizvodi za kuæanstvo
MAÈJA HRANA POES.PUR.SIR 85 g;258693;Vitakraft;0.0850;kg;.72;8.47;;;02.05.2025;.72;4008239588913;Proizvodi za kuæanstvo
HRANA ZA KORNJAÈE MIX 45 g;258695;Vitakraft;0.0450;kg;4.9;108.89;;;02.05.2025;4.9;4008239598066;Proizvodi za kuæanstvo
HRANA ZA ZLATNE RIBE 15 g;258696;Vitakraft;0.0150;kg;2.59;172.67;;;02.05.2025;2.52;4008239598097;Proizvodi za kuæanstvo
HRANA ZA TROPSKE RIBE 55 g;258698;Vitakraft;0.0550;kg;5.59;101.64;;;02.05.2025;5.59;4008239598110;Proizvodi za kuæanstvo
POSLAST.ZA PSE BONNY BITS 55 g;258700;;0.0550;kg;3.19;58.00;;;02.05.2025;3.19;4008239340498;Proizvodi za kuæanstvo
POSL.ZA PSE FISH STI.LOS.15 g;258713;;0.0150;kg;0.59;39.33;;;02.05.2025;0.59;4008239340511;Proizvodi za kuæanstvo
POSL.ZA PSE BEEF STI.RUST.55 g;258715;;0.0550;kg;2.09;38.00;;;02.05.2025;2.09;4008239343222;Proizvodi za kuæanstvo
LIKER MARASKA BOROVNIC. 0,7 L;258753;;0.7000;l;8.29;11.84;;;02.05.2025;8.29;3850158408428;Piæa
LIKER MARASKA VI©NJEVAÈA 0,7 L;258760;;0.7000;l;11.52;16.46;;;02.05.2025;11.52;3850158401146;Piæa
ODSTR.MRLJA FROSCH BABY 300 ml;258810;Frosch;0.3000;L;;10.60;3.18;3.98;02.05.2025;3.98;4001499915222;Sredstva za èi¹æenje
ÈAJNI KOLUTIÆI S BUDGET 800 g;258857;S-Budget;0.8000;kg;2.59;3.24;;;02.05.2025;2.59;3856021202162;Hrana
JEÈAM BISERNI DESPAR 500 g;258863;DESPAR;0.5000;kg;1.19;2.38;;;02.05.2025;1.19;8001300437185;Hrana
WOK MIX 400 g ARDO;258871;Ardo;0.4000;kg;1.29;3.23;;;02.05.2025;1.29;5411361086247;Hrana
BOMBONI BEBETO JAGODA 80 g;258872;Bobi;0.0800;kg;0.99;12.38;;;02.05.2025;0.99;8690146679516;Hrana
KEKS S BUDGET KAKAO 180 g;258889;S-Budget;0.1800;kg;1.39;7.72;;;02.05.2025;1.39;9100000801612;Hrana
TORTELL.RICC/©PI.450 g AURELIA;258916;Aurelia;0.4500;kg;4.69;10.42;;;02.05.2025;4.69;3859892780654;Hrana
SAPUN BECUTAN LAVANDA 90 g;258918;Becutan;0.0900;kg;1.15;12.78;;;02.05.2025;1.15;5310001234850;Kozmetika
ORAH JEZGRA NATURA 150 g;258924;Natura;0.1500;kg;2.65;17.67;;;02.05.2025;2.65;3859893124242;Hrana
DET.BECUTAN I OMEK©IVA.2U1 1 L;258936;Becutan;1.0000;L;6.59;6.59;;;02.05.2025;6.59;5310001235475;Sredstva za èi¹æenje
VL.MAR.BAB.VIOLETA WATER.56/1;259022;Violeta;56.0000;kom;2.49;0.04;;;02.05.2025;2.49;3870128012677;Toaletne potrep¹tine
SRE.DR.BECKMANN ZA HLAD.250 ml;259043;Dr. Beckmann;0.2500;L;3.89;15.56;;;02.05.2025;3.89;4008455598819;Sredstva za èi¹æenje
KRE.ZA RUKE 48 ZA©TITNA 50 ml;259050;48;0.0500;L;1.72;34.40;;;02.05.2025;1.72;3838980810343;Kozmetika
©ARAN FILET DIMLJENI 150 g;259051;;0.1500;kg;3.49;23.27;;;02.05.2025;3.58;3858889831638;Hrana
KR.48 ZA©TITNA ZA L.I T.150 ml;259052;48;0.1500;L;3.49;23.27;;;02.05.2025;3.49;3838980813849;Kozmetika
SOS G.OLIVAL N.UBO.60 ml;259123;Olival;0.0600;l;5.99;99.83;;;02.05.2025;5.99;3859893186196;Proizvodi za kuæanstvo
VOÆ.ORA©.MIX  SPAR VITAL 150 g;259143;SPAR Vital;0.1500;kg;2.33;15.53;;;02.05.2025;2.33;3856021202186;Hrana
MLINCI DOMAÆI S BUDGET 400 g;259158;S-BUDGET;0.4000;kg;1.98;4.95;;;02.05.2025;1.98;3856021204296;Hrana
MLIJEÈNI DESERT LINO ÈOK.200 g;259295;Lino;0.2000;kg;2.29;11.45;;;02.05.2025;2.29;3850104294150;Hrana
MLIJEÈNI DESERT LINO GR.200 g;259297;Lino;0.2000;kg;2.29;11.45;;;02.05.2025;2.29;3850104294167;Hrana
MLIJEÈNI DES.LINO KEKS 200 g;259302;Lino;0.2000;kg;2.29;11.45;;;02.05.2025;2.29;3850104294143;Hrana
SLADOLED B&J HALF BAKED 465 ml;259325;Ben & Jerry's;0.4650;L;8.79;18.90;;;02.05.2025;8.79;8711327371002;Hrana
SLAD.B&J COOKIE DOUGH 465 ml;259331;Ben & Jerry's;0.4650;L;8.79;18.90;;;02.05.2025;8.79;8711327373105;Hrana
MAJONEZA S-BUDGET VREÆICA 85 g;259471;S-Budget;0.0850;kg;0.69;8.12;;;02.05.2025;0.69;3856021204180;Hrana
MAJONEZA S-BUDGET STAKL.620 g ;259474;S-Budget;0.6200;kg;2.99;4.82;;;02.05.2025;2.99;3856021228728;Hrana
©UNKA U OVITKU NAREZAK 125 g;259532;Pik;0.1250;kg;2.39;19.12;;;02.05.2025;2.39;3850139171051;Hrana
LEDENI ÈAJ SPAR ZELE.ÈAJ 1,5 L;259533;SPAR;1.5000;l;1.45;0.97;;;02.05.2025;1.42;5999138200053;Piæa
ULJE MASL.BRACHIA I PRIJAT.1 L;259543;;1.0000;L;16.49;16.49;;;02.05.2025;16.49;3859891526512;Hrana
VODA JANA VITAMIN I LIM. 1,5 L;259545;Jana;1.5000;l;1.79;1.19;;;02.05.2025;1.79;3858890873085;Piæa
GEL MR.MUSCLE VODOINSTAL.2x1 L;259553;Mr. Muscolo;2.0000;L;9.69;4.85;;;02.05.2025;9.69;3859892295097;Sredstva za èi¹æenje
©AMP.NIVEA MEN ACTIVE 400 ml;259601;Nivea;0.4000;L;4.85;12.13;;;02.05.2025;4.85;9005800244693;Kozmetika
©AMP.NIVEA VOLUME CARE 400 ml;259604;Nivea;0.4000;L;4.85;12.13;;;02.05.2025;4.85;9005800223490;Kozmetika
GEL TU.NIVEA MEN ENERGY 500 ml;259608;Nivea;0.5000;L;5.99;11.98;;;02.05.2025;5.99;4005900047700;Kozmetika
KOMPOT DESPAR KRU©KA 420 g;259619;Despar;0.2300;kg;1.99;8.65;;;02.05.2025;1.99;8001300501725;Hrana
KIKIRIKI EUROCOMPANY SL.70 g;259622;EUROCOMPANY;0.0700;kg;0.63;9.00;;0.63;02.05.2025;0.63;3872084003560;Hrana
KIKIRIKI EUROCOMPAN.NESL.125 g;259623;EUROCOMPANY;0.1250;kg;1.31;10.48;;1.29;02.05.2025;1.31;3872084007964;Hrana
IND.ORAH EUROCOMPAN.NESL.125 g;259624;EUROCOMPANY;0.1250;kg;2.92;23.36;;2.89;02.05.2025;2.92;3872084007957;Hrana
IND.ORAH EUROCOMPANY NESL.75 g;259631;EUROCOMPANY;0.0750;kg;1.77;23.60;;1.74;02.05.2025;1.77;3872084009401;Hrana
ÈIPS OD BANANE EUROCOMPAN 75 g;259632;EUROCOMPANY;0.0750;kg;1.03;13.73;;0.99;02.05.2025;1.03;3872084003041;Hrana
ANANAS SUHI EUROCOMPANY 80 g;259634;EUROCOMPANY;0.0800;kg;1.35;16.88;;1.35;02.05.2025;1.35;3872084009302;Hrana
ÐUMBIR SUHI EUROCOMPANY 80g;259635;EUROCOMPANY;0.0800;kg;1.16;14.50;;1.14;02.05.2025;1.16;3872084009326;Hrana
©LJIVA SUHA B.K. EUROCOM.175 g;259636;EUROCOMPANY;0.1750;kg;1.94;11.09;;1.94;02.05.2025;1.94;3872084003126;Hrana
MARELICA SUHA EUROCOMPAN.150 g;259640;EUROCOMPANY;0.1500;kg;2.35;15.67;;2.35;02.05.2025;2.35;3872084010605;Hrana
BRUSNICA SUHA EUROCOMPANY100 g;259652;EUROCOMPANY;0.1000;kg;1.40;14.00;;1.39;02.05.2025;1.40;3872084001078;Hrana
SIR GRANA PADAN.AMBROSI 200 g;259701;Ambrosi;0.2000;kg;6.29;31.45;;;02.05.2025;6.29;8002503211138;Hrana
SIR GRA.PAD.KOC.AMBROSI 150 g ;259704;Ambrosi;0.1500;kg;4.99;33.27;;;02.05.2025;4.99;8002503231471;Hrana
SIR PARM.REGGI.AMBROSI 200 g ;259711;Ambrosi;0.2000;kg;7.69;38.45;;;02.05.2025;7.69;8002503201269;Hrana
MLI.SUN AFRODITA KID.F30 200ml;259718;Afrodita;0.2000;L;21.49;107.45;;;02.05.2025;21.49;3831070652687;Kozmetika
MARMELADA SUN AFRODITA 200 ml;259721;Afrodita;0.2000;L;14.99;74.95;;;02.05.2025;14.99;3831070652601;Kozmetika
INSTAN.NAPITAK SPAR NAR. 500 g;259750;SPAR;0.5000;kg;;3.98;1.99;2.39;02.05.2025;2.39;3856021204449;Piæa
INST. NAPITAK SPAR LIMUN 500 g;259753;SPAR;0.5000;kg;;3.98;1.99;2.39;02.05.2025;2.39;3856021204463;Piæa
DRA®EJE ÈOKOL. S BUDGET 200 g;259765;S-Budget;0.2000;kg;2.49;12.45;;;02.05.2025;2.49;3856021204029;Hrana
DRA®EJE ÈOKOLADNE SPAR 80 g;259768;SPAR;0.0800;kg;1.29;16.13;;;02.05.2025;1.29;3856021204203;Hrana
VAFL NUTELLA B-READY 44 g;259793;Nutella;0.0440;kg;1.29;29.32;;;02.05.2025;1.29;8000500264850;Hrana
®VAKE AIRWAVES CH.MENTHOL 14 g;259810;Wrigley;0.0140;kg;.99;70.71;;;02.05.2025;.99;42102120;Hrana
TRAKE RAID PROTIV MUHA 4/1;259814;Raid;4.0000;kom;2.89;0.72;;;02.05.2025;2.89;4000290001608;Proizvodi za kuæanstvo
EL.APARATIÆ RAID S TEK.2/1;259816;Raid;4.0000;kom;12.29;3.07;;;02.05.2025;12.49;5000204919721;Proizvodi za kuæanstvo
ROOT RETOUCHER SYOSS S.120 ml ;259837;Syoss;0.1200;L;6.29;52.42;;;02.05.2025;6.29;9000101052978;Kozmetika
ROOT RETOUCHER SYOSS T.120 ml ;259839;Syoss;0.1200;L;6.29;52.42;;;02.05.2025;6.29;9000101052794;Kozmetika
ROOT RETOUCHER SYOSS K.120 ml ;259840;Syoss;0.1200;L;6.29;52.42;;;02.05.2025;6.29;9000101052855;Kozmetika
OSLIÆ S-BUDGET BEZ GLAV.1000 g;259846;S-Budget;1.0000;kg;4.99;4.99;;;02.05.2025;4.99;3856021204760;Hrana
PAPRIKA PEPPA.PIKANT SIR 250 g;259877;Peppadew;0.1400;kg;4.99;35.64;;;02.05.2025;4.99;6007788002299;Hrana
PU®EV GEL JARDIN NATUR.125 ml;259883;;0.1250;L;4.59;36.72;;;02.05.2025;4.59;4260132322418;Kozmetika
KOBAS.ZA PEÈ. BRATWURST 360 g;259898;Landhof;0.3600;kg;4.99;13.86;;;02.05.2025;5.04;9002077077207;Hrana
KEKS SPAR PREL.ÈOKOLADOM 175 g;259905;SPAR;0.1750;kg;1.69;9.66;;;02.05.2025;1.69;8710671006493;Hrana
VL.MAR.BIBO S KAMILICOM 80/1;259907;Bibo;80.0000;kom;1.29;0.02;;;02.05.2025;1.29;3859890063353;Toaletne potrep¹tine
VL.MARAMICE BIBO MAKE UP 25/1;259910;Bibo;25.0000;kom;1.85;0.07;;;02.05.2025;1.85;3859890063162;Kozmetika
VL.MAR.BLISTA UNIVERZALNE 50/1;259911;Blista;50.0000;kom;1.59;0.03;;;02.05.2025;1.59;3859890063056;Sredstva za èi¹æenje
PILEÆA PRSA BEZ KO®E;259912;Perutnina;1.0000;kg;6.99;6.99;;;02.05.2025;6.99;3850220115810;Hrana
SAP.DALAN PEARL IN OCEAN 100 g;259915;Dalan;0.1000;kg;0.59;5.90;;;02.05.2025;0.59;8690529507634;Kozmetika
KREKERI DESPAR INTEGRA. 500 g;259917;Despar;0.5000;kg;2.38;4.76;;;02.05.2025;2.38;8001300802013;Hrana
SAP.DALAN FRUIT GARDEN 100g;259918;Dalan;0.1000;kg;0.59;5.90;;;02.05.2025;0.59;8690529507658;Kozmetika
KREKERI DESPAR SLANI 500 g;259919;Despar;0.5000;kg;2.39;4.78;;;02.05.2025;2.39;8001300802037;Hrana
VREÆICE ZA ZAMRZ.PELD 3L 30/1;259927;;30.0000;kom;1.69;0.06;;;02.05.2025;1.69;8009986015819;Proizvodi za kuæanstvo
VREÆICE ZA ZAMRZ.PELD 5L 25/1;259928;;25.0000;kom;1.89;0.08;;;02.05.2025;1.89;8009986015826;Proizvodi za kuæanstvo
SRED.VIKING ZA KAMENAC 750ml;259937;;0.7500;L;1.99;2.65;;;02.05.2025;1.99;8692900631013;Sredstva za èi¹æenje
JUHA ALPSKA PODRAVKA 64 g ;259960;Podravka;0.0640;kg;1.39;21.72;;;02.05.2025;1.49;3850104295218;Hrana
JUHA PROLJETNA PODRAVKA 50 g ;259971;Podravka;0.0500;kg;0.99;19.80;;;02.05.2025;0.99;3850104295201;Hrana
SIR ZRNATI S VLASCEM DUK.200 g;259979;Dukat;0.2000;kg;2.29;11.45;;;02.05.2025;2.29;3850355005307;Hrana
TRAKE CERA DI CUPRA 20/1 ;259983;Cera Di Cupra;20.0000;kom;3.32;0.17;;;02.05.2025;3.32;8002140053733;Kozmetika
TJEST. TJESTENINKA PU®IÆ 1 kg;260109;;1.0000;kg;2.25;2.25;;;02.05.2025;2.25;3859888344945;Hrana
L.ÈAJ BRESKVA 1.5 L PET VINDI;260230;Vindija;1.5000;L;1.65;1.10;;;02.05.2025;1.65;3850108071801;Piæa
VINO JOSIÆ ROSE 0,75 L;260237;;0.7500;L;13.25;17.67;;;02.05.2025;13.25;3859890442097;Piæa
LIKER DEGENIJA ORAHOVAC 1 L;260244;;1.0000;L;11.02;11.02;;;02.05.2025;11.02;3859889693097;Piæa
LIKER DEGENIJA AMARO 1 L;260246;;1.0000;L;10.89;10.89;;;02.05.2025;10.89;3859889693073;Piæa
VINO FRANKOVKA DIKA 0.187L;260264;;0.1870;L;1.49;7.97;;;02.05.2025;1.49;3859888852976;Piæa
VINO GRA©EVINA DIKA 0.187L;260265;;0.1870;L;1.49;7.97;;;02.05.2025;1.49;3859888852501;Piæa
VINO ROSE IURIS 0.75 L;260281;;0.7500;l;6.49;8.65;;;02.05.2025;6.49;3859891102495;Piæa
PJENU©.MIA MOSCATO ROSE 0,75 L;260302;;0.7500;L;8.99;11.99;;;02.05.2025;8.99;8410384012087;Piæa
PIVO SARAJEVSKO PREMIUM 0,5 L;260318;;0.5000;L;2.75;5.50;;;02.05.2025;2.75;3870028001627;Piæa
PIVO SARAJEVSKO LIM. 0.5 L;260319;;0.5000;L;1.39;2.78;;;02.05.2025;1.39;3870028000767;Piæa
VINO CHARD.+GRA©.IURIS 0,75 L;260343;;0.7500;l;6.02;8.03;;;02.05.2025;6.02;3859891102013;Piæa
PROSECCO BOTTEGA POETI 0.75 L;260363;;0.7500;L;12.99;17.32;;;02.05.2025;12.99;8005829000646;Piæa
RAKIJA TRAVARICA MARASKA 1 L;260372;;1.0000;L;12.49;12.49;;;02.05.2025;12.02;3850158302108;Piæa
WHISKY GLENFIDDICH 12Y 0.7 L ;260374;;0.7000;L;51.99;74.27;;;02.05.2025;51.99;5010327000176;Piæa
 VODKA AMUNDSEN 0,7 L;260379;;0.7000;L;17.02;24.31;;;02.05.2025;17.02;5902573006616;Piæa
SKENDERBEU X.O. 0,5 L;260390;;0.5000;L;35.69;71.38;;;02.05.2025;35.69;5300000085010;Piæa
SKENDERBEU A.C. 0.5 L;260391;;0.5000;L;13.79;27.58;;;02.05.2025;13.79;5300000085058;Piæa
PROSECCO MIONETTO BRUT 0,75 L ;260395;;0.7500;L;14.89;19.85;;;02.05.2025;14.89;8006220001669;Piæa
COCKTAIL PINA COLADA 0.33 L ;260398;;0.3300;L;1.59;4.82;;;02.05.2025;1.59;4740098002932;Piæa
COCKTAIL MOJITO 0.33 L;260399;;0.3300;L;1.59;4.82;;;02.05.2025;1.59;4740098002833;Piæa
COCKTAIL CUBA LIBRE 0.33 L;260400;;0.3300;L;1.59;4.82;;;02.05.2025;1.59;4740098002956;Piæa
VINO MERLOT MEDEA 0.75 L;260403;;0.7500;L;8.42;11.23;;;02.05.2025;8.42;3859892001544;Piæa
COCKTAIL SEX ON THE BE.0,33 L ;260407;;0.3300;L;1.59;4.82;;;02.05.2025;1.59;4740098002857;Piæa
COCKTAIL COSMOPOLITAN 0.33 L ;260408;;0.3300;L;1.59;4.82;;;02.05.2025;1.59;4740098002871;Piæa
COCKTAIL BLUE LAGOON 0.33 L ;260409;;0.3300;L;1.59;4.82;;;02.05.2025;1.59;4740098002918;Piæa
AJVAR PODRAVKA LJUTI 195 g;260560;Podravka;0.1950;kg;1.84;9.44;;;02.05.2025;1.84;3850104022524;Hrana
CIKORIJA 500 g;260597;;0.5000;kg;2.49;4.98;;;02.05.2025;2.49;8717154170016;Hrana
TJ.TJESTENINKA REZANCI 400 g ;260716;;0.4000;kg;2.12;5.30;;;02.05.2025;2.12;3859888344143;Hrana
TJ.TJESTENINKA REZANCI 400 g;260717;;0.4000;kg;2.12;5.30;;;02.05.2025;2.12;3859888344136;Hrana
TJ.TJESTENINKA FIDELINI 400 g;260720;;0.4000;kg;2.12;5.30;;;02.05.2025;2.12;3859888344112;Hrana
TJ.TJESTENINKA ÈIPKASTI 400 g;260925;;0.4000;kg;2.12;5.30;;;02.05.2025;2.12;3859888344242;Hrana
PAPRIKA CRVENA ©PIC 500 g ;261024;;0.5000;kg;2.49;4.98;;;02.05.2025;2.49;8032140234412;Hrana
SIR GOUDA ZDENKA 400 g;261220;Zdenka;0.4000;kg;5.79;14.48;;;02.05.2025;5.79;3858888590505;Hrana
SIR SVJE®I MASNI ZDENKA 500 g;261222;Zdenka;0.5000;kg;2.99;5.98;;;02.05.2025;2.99;3858888590222;Hrana
DOD.JEL.BON APETIT CLASS.250 g;261662;Bon Apetit;0.2500;kg;0.99;3.96;;;02.05.2025;0.99;3859892920012;Hrana
SREDSTVO MR.PROPER LEMON 1 L ;261977;Mr. Proper;1.0000;L;3.69;3.69;;;02.05.2025;3.69;8006540919026;Sredstva za èi¹æenje
SREDSTVO MR.PROPER OCEAN 1 L;261978;Mr. Proper;1.0000;L;3.59;3.59;;;02.05.2025;3.59;8006540918968;Sredstva za èi¹æenje
ZUBNA P.HIMALAYA DENTAL 100 g;262485;Himalaya;0.1000;kg;2.99;29.90;;;02.05.2025;2.99;8901138500306;Kozmetika
BOMB.GUM.TROL.KIS.CRVI 200 g;262562;Trolli;0.2000;kg;1.32;6.60;;;02.05.2025;1.32;4000512010869;Hrana
ÈETK.ORAL B PROEXP 1+1 ;263000;Oral B;1.0000;kom;5.04;5.04;;;02.05.2025;5.04;3014260022051;Kozmetika
ÈIPS BONITAS PAPRIKA 30 g;263002;Vitaminka;0.0300;kg;.31;10.33;;;02.05.2025;.31;5310005015240;Hrana
ÈIPS BONITAS SLANI 30 g;263004;Vitaminka;0.0300;kg;0.24;8.00;;;02.05.2025;0.24;5310005015226;Hrana
ZUBNA P.HIMALAYA SPARKLY 75 ml;263026;Himalaya;0.0750;L;2.99;39.87;;;02.05.2025;2.99;8901138825591;Kozmetika
HREN LUDBRE©KI NARIBANI 200 g;263105;;0.2000;kg;2.49;12.45;;;02.05.2025;2.49;3859893697005;Hrana
DOLCELA ©LAGFIX 3X8 g;263123;;0.0240;kg;0.99;41.25;;;02.05.2025;0.99;3850104272073;Hrana
HREN LUDBRE©KI EX.LJUTI 200 g;263407;;0.2000;kg;2.99;14.95;;;02.05.2025;2.99;3859893697890;Hrana
DOD.JEL.BON APETIT NATUR 250 g;263420;Bon Apetit;0.2500;kg;1.59;6.36;;;02.05.2025;1.59;3859892920036;Hrana
CHIPS TORTILLA ZANUY MEX 200 g;263570;DUPIN;0.2000;kg;2.49;12.45;;;02.05.2025;2.49;8411778164054;Hrana
SIR DIMEK MAP VINDIJA 150 g ;263609;Dimek;0.1500;kg;2.99;19.93;;;02.05.2025;2.99;3850108057744;Hrana
NAMAZ VEGETARIANA MASLI.2X50 g;263648;Vegetariana;0.1000;kg;1.89;18.90;;;02.05.2025;1.89;3859892560300;Hrana
SLA.VANIL.ÈOKOL.DELTA 2000 ml;263666;;2.0000;L;2.99;1.50;;;02.05.2025;2.99;3859889283564;Hrana
KRAKOVI ZA PEKU FROZY 1000 g;263868;Frozy;1.0000;kg;10.99;10.99;;;02.05.2025;10.99;3858891040073;Hrana
GAMBERI PEDRO 100/200 500 g;263980;Pedro;0.5000;kg;5.29;10.58;;;02.05.2025;5.29;3858883225655;Hrana
NAMAZ MLIJEÈ.MOJA KRAVICA 70 g;264194;Moja kravica;0.0700;kg;;5.57;0.39;.55;02.05.2025;.55;3870199000993;Hrana
HOT CHOC DARK 25 g ANAMARIJA;264353;Anamarija;0.0250;kg;0.49;19.60;;;02.05.2025;0.49;3858881773653;Piæa
DOMAÆA SARMA CARNEX 400 g;264461;Carnex;0.4000;kg;3.69;9.23;;;02.05.2025;3.69;8600012700336;Hrana
NAPOLITANKE BALCONI LJE©.175 g;264486;Balconi;0.1750;kg;1.06;6.06;;;02.05.2025;1.06;8001585008063;Hrana
ÈAJ NATURAVITA ZELE. S LI.40 g;264507;;0.0400;kg;1.99;49.75;;;02.05.2025;1.99;3858884090597;Piæa
CHIPS TORT.ZANUY NACHO.200 g  ;264646;DUPIN;0.2000;kg;2.39;11.95;;;02.05.2025;2.39;8411778164252;Hrana
FOLIJA ALUMINIJSKA 20 m;264824;;1.0000;kom;4.39;4.39;;;02.05.2025;4.39;3859893097324;Proizvodi za kuæanstvo
UMAK SOJA MANJE SOLI 150 ml;265355;Kikkoman;0.1500;l;5.99;39.93;;;02.05.2025;5.99;8715035130104;Hrana
RAJÈICA PASIRANA GIANA 500 g;265757;Eigenbedarf;0.5000;kg;1.09;2.18;;;02.05.2025;1.09;8595241527062;Hrana
ÈOK.JAJE KINDER MAXI MIN.100g;265877;Kinder;0.1000;kg;8.79;87.90;;;02.05.2025;8.79;8000500247914;Hrana
KUKURUZ ©EÆ.BONDUEL.BIO 340 g;265948;Bonduelle;0.2850;kg;3.39;11.89;;;02.05.2025;3.39;3083680577472;Hrana
KUKURUZ BONDUELLE CHILLI 310 g;265949;Bonduelle;0.2550;kg;2.99;11.73;;;02.05.2025;2.99;3083681043815;Hrana
ZUB.PASTA SIGNAL WHITE 125 ml ;266022;Signal;0.1250;L;2.99;23.92;;;02.05.2025;2.99;5900300349388;Kozmetika
BUÐOLA NARESCI DOBRO 90 g;266078;Dobro;0.0900;kg;2.69;29.89;;;02.05.2025;2.69;3850133800797;Hrana
PR©UT NARESCI DOBRO 90 g;266081;Dobro;0.0900;kg;3.19;35.44;;;02.05.2025;3.19;3850133800773;Hrana
KREMA CERA DI CUPRA ROSA 75 ml;300028;Cera Di Cupra;0.0750;L;3.97;52.93;;;02.05.2025;3.97;8002140050114;Kozmetika
KRE.CERA DI CUPRA ROSA 100 ml;300032;Cera Di Cupra;0.1000;L;5.25;52.50;;;02.05.2025;5.25;8002140151408;Kozmetika
BALZAM ELF ZA KOSU ®UTI 500 ml;300056;Elf;0.5000;L;2.19;4.38;;;02.05.2025;2.19;8008423610204;Kozmetika
PILEÆI BATAK 500 g;300072;Perutnina;0.5000;kg;2.79;5.58;;;02.05.2025;2.79;3850220115773;Hrana
PILEÆI FILE ZABATKA 500 g;300074;Perutnina;0.5000;kg;3.89;7.78;;3.89;02.05.2025;4.69;3850220115797;Hrana
PILEÆI ODRESCI OD FILEA 400 g;300080;Perutnina;0.4000;kg;5.97;14.93;;;02.05.2025;5.97;3850220117210;Hrana
PILEÆI MEDALJONI 400 g;300082;Perutnina;0.4000;kg;5.97;14.93;;;02.05.2025;5.97;3850220117203;Hrana
TABLETA ZA KOMARCE VAPE 30/1;300099;VAPE;30.0000;kom;3.59;0.12;;;02.05.2025;3.59;8006320079100;Proizvodi za kuæanstvo
TEK.SAP.FRESH&CLEAN 300ml;300106;Fresh&Clean;0.3000;L;1.99;6.63;;;02.05.2025;1.99;8002340012530;Kozmetika
PILEÆI FILE 500 g;300151;Perutnina;0.5000;kg;4.79;9.58;;4.79;02.05.2025;4.59;3850220115827;Hrana
GEL.TU©.L´ANGELICA M.500 ml;300159;L'Angelica;0.5000;L;2.99;5.98;;;02.05.2025;2.99;8017331077085;Kozmetika
GEL.TU©.L´ANGELICA P.500 ml;300161;L'Angelica;0.5000;L;2.99;5.98;;;02.05.2025;2.99;8017331077061;Kozmetika
GEL.TU©.L´ANGELICA A.500 ml;300163;L'Angelica;0.5000;L;2.50;5.00;;;02.05.2025;2.50;8017331077122;Kozmetika
MESNI NAREZAK ASCOMMER.100 g ;300189;Ascommerce;0.1000;kg;1.09;10.90;;;02.05.2025;1.09;3858881331020;Hrana
VINO SKARAMUÈA PO©IP 0,75 L;300195;;0.7500;l;14.89;19.85;;;02.05.2025;14.89;3859888214309;Piæa
TP VIOLETA PURE&STRONG 10/1;300218;Violeta;10.0000;kom;;0.28;2.79;2.89;02.05.2025;2.89;3859892288761;Toaletne potrep¹tine
©TAPIÆI SPAR KIKIRIKI 150 g;300240;SPAR;0.1500;kg;;5.93;0.89;1.09;02.05.2025;1.09;3856021203930;Hrana
©UNKA KUHANA PIK 350 g;300337;Pik;0.3500;kg;4.68;13.37;;;02.05.2025;4.68;3850139360028;Hrana
ÈOK. BANANA S BUDGET 17 g;300529;S-Budget;0.0170;kg;0.20;11.76;;;02.05.2025;0.20;3856021204241;Hrana
VODA FIJI 0,5 L;300532;;0.5000;l;2.42;4.84;;;02.05.2025;2.42;9417574000083;Piæa
PIVO STAROPRAMEN 4X0,5 L;300535;Staropramen;2.0000;l;5.61;2.81;;;02.05.2025;4.61;3850131004784;Piæa
VODA ZA U.LISTERINE ZERO 500ml;300542;Listerine;0.5000;L;7.29;14.58;;;02.05.2025;7.29;3574661337258;Kozmetika
ZAÈ.PIL.TIKKA MASALA KOTA.20 g;300566;Kotanyi;0.0200;kg;1.79;89.50;;;02.05.2025;1.69;9001414135495;Hrana
VAFL NUTELLA B READY 132 g;300570;Nutella;0.1320;kg;2.89;21.89;;;02.05.2025;2.89;8000500227848;Hrana
BOMB.JELLY KICKS MAL.JAG.100 g;300574;Kandit;0.1000;kg;0.89;8.90;;;02.05.2025;0.89;3858889864766;Hrana
ÈOKO.ZA KUH.BIJELA KAND.200 g;300588;Kandit;0.2000;kg;3.99;19.95;;3.59;02.05.2025;3.59;3858889864360;Hrana
JELO U ÈA©I JAP.KLAS.AJIN.93 g;300590;;0.0930;kg;;16.02;1.49;2.19;02.05.2025;2.19;5901384503635;Hrana
JELO U ÈA©I TERIYAKI PIL.96 g;300592;;0.0930;kg;;16.02;1.49;2.19;02.05.2025;2.19;5901384503642;Hrana
JELO U ÈA©I JUNETINA WAS.93 g;300593;;0.0930;kg;;16.02;1.49;2.19;02.05.2025;2.19;5901384503659;Hrana
BIO ©PAROGA 250 g;300714;;0.2500;kg;3.99;15.96;;;02.05.2025;3.99;3857500057501;Hrana
BADEM JEZGRA NATUR PUR 200 g;300730;SPAR Natur*pur;0.2000;kg;4.39;21.95;;;02.05.2025;4.39;9100000048871;Hrana
PIVO GRIMB.DOUB. AMBREE 0,33 L;300735;;0.3300;l;2.28;6.91;;;02.05.2025;2.28;3080216034645;Piæa
ORAH JEZGRA NATUR PUR 150 g;300736;Spar Natur pur;0.1500;kg;3.09;20.60;;;02.05.2025;3.09;9100000048925;Hrana
PIVO GRIMBERGEN BLONDE 0,33 L;300738;;0.3300;l;2.28;6.91;;;02.05.2025;2.28;3858887585489;Piæa
LJE©NJAK CIJELI NAT.PUR 200 g;300740;Spar Natur pur;0.2000;kg;4.49;22.45;;;02.05.2025;4.49;9100000048826;Hrana
GRO®ÐICE NATUR PUR 250 g;300742;Natur pur;0.2500;kg;2.49;9.96;;;02.05.2025;2.49;9100000789231;Hrana
KAPS.KAVA FRANCK ESP.STR.120 g;300790;Franck;0.1200;kg;6.50;54.17;;;02.05.2025;6.50;3858881088269;Piæa
ÈAJNO PECIVO S MARELICOM 300 g;300803;;0.3000;kg;3.49;11.63;;;02.05.2025;3.49;3859888257955;Hrana
SREDSTVO SANYTOL 500 ml;300949;Sanytol;0.5000;L;3.39;6.78;;;02.05.2025;3.39;3045200765004;Sredstva za èi¹æenje
SIR CHEDD.SLICE PRESIDEN.100 g;300963;President;0.1000;kg;2.39;23.90;;;02.05.2025;2.39;8595021607441;Hrana
KAVA NATUR PUR BIO LUNGO 50 g;300981;Spar Natur pur;0.0500;kg;3.99;79.80;;;02.05.2025;3.99;9100000945620;Piæa
NAPOLITAN.BALCONI KAKAO 175 g;301156;Balconi;0.1750;kg;1.06;6.06;;;02.05.2025;1.06;8001585008070;Hrana
LA RIVE CUTE W EDP 100ml;301269;La Rive;1.0000;kom;11.25;11.25;;;02.05.2025;11.25;5906735232592;Kozmetika
PREZ.YOU&ME LUBRICATED 12/1;301270;Primeros;12.0000;kom;6.29;0.52;;;02.05.2025;6.29;8594068382526;Toaletne potrep¹tine
GIN MARE 0,7 L ;301289;;0.7000;l;50.42;72.03;;;02.05.2025;50.42;8411640000459;Piæa
GIN MOMBASA CLUB 0,7 L ;301296;;0.7000;L;23.92;34.17;;;02.05.2025;23.92;8437011284006;Piæa
©EÆ.BIJELI KOCKA RIO PAK 500 g;301308;;0.5000;kg;2.39;4.78;;;02.05.2025;2.39;3859888279476;Hrana
©EÆ.SMEÐI KOCKA RIO PAK 500 g;301312;;0.5000;kg;2.65;5.30;;;02.05.2025;2.65;3859888279483;Hrana
PIÆE VINDI VI©NJA LIM.MRK. 2 L;301346;;2.0000;l;2.59;1.30;;;02.05.2025;1.99;3850108072266;Piæa
PIÆE VINDI LIMUN-NARAN. +C 2 L;301347;;2.0000;l;2.59;1.30;;;02.05.2025;1.99;3850108072259;Piæa
MASKARA EVELINE REVELASHES;301362;Eveline;1.0000;kom;5.39;5.39;;;02.05.2025;5.39;5901761941500;Kozmetika
®ITNA KA©ICA LJE©.ÈOKOL.1 kg;301367;Èokolino;1.0000;kg;;5.99;5.99;8.49;02.05.2025;8.49;3850104017476;Hrana
TU© ZA OÈI EVELINE CRNI 4 ml;301377;Eveline;1.0000;kom;4.39;4.39;;;02.05.2025;4.39;5901761910797;Kozmetika
®ITNA KA©ICA LJE©.ÈOKOL.200 g;301416;Èokolino;0.2000;kg;2.59;12.95;;;02.05.2025;2.59;3850104230059;Hrana
KEKS TARALLUCCI MUL.BIAN.350 g;301424;Mulino Bianco;0.3500;kg;2.89;8.26;;;02.05.2025;2.89;8076809572828;Hrana
KEKS GALLETTI MUL.BIANCO 350 g;301426;Mulino Bianco;0.3500;kg;2.89;8.26;;;02.05.2025;2.89;8076809572873;Hrana
PREPEÈENAC CRISP INTEGRAL.250g;301433;Naturel;0.2500;kg;2.04;8.16;;;02.05.2025;2.04;3858889362118;Hrana
PREPEÈENAC CRISP CLASSIC 250 g;301435;Naturel;0.2500;kg;2.04;8.16;;;02.05.2025;2.04;3858889362101;Hrana
SIR ZA GRILL SPAR BBQ 250 g;301468;SPAR Qualitätsmarke;0.2500;kg;3.49;13.96;;;02.05.2025;3.49;9100000818917;Hrana
D®EM DIDA BO®A ©IPAK 700 g;301471;Dida Boza;0.7000;kg;5.69;8.13;;;02.05.2025;5.69;3859893011443;Hrana
VINO IURIS TRAM.+GRA©.0,75 L;301488;;0.7500;l;6.72;8.96;;;02.05.2025;6.72;3859891102020;Piæa
KEKSIÆI FREE FROM KOKOS 150 g;301492;SPAR free from;0.1500;kg;3.19;21.27;;;02.05.2025;3.14;3831115315782;Hrana
KEKSIÆI FREE FROM 200 g;301498;SPAR free from;0.2000;kg;3.79;18.95;;;02.05.2025;3.79;3831115313016;Hrana
KEKSI FREE FROM KAKAO 125 g;301502;SPAR free from;0.1250;kg;;15.92;1.99;2.79;02.05.2025;2.79;3831115315768;Hrana
KEKSI FREE FROM VANILIJA 125 g;301504;SPAR free from;0.1250;kg;;15.92;1.99;2.79;02.05.2025;2.79;3831115313047;Hrana
KRUH FREE FROM SJEMEN.200 g;301509;SPAR free from;0.2000;kg;2.19;10.95;;;02.05.2025;2.19;3831115313115;Hrana
KRUH FREE FROM NAREZANI 200 g;301511;SPAR free from;0.2000;kg;1.69;8.45;;;02.05.2025;1.69;3831115313108;Hrana
D®EM DIDA BO®A ©IPAK 240 g;301514;;0.2400;kg;3.69;15.38;;;02.05.2025;3.69;3859893011429;Hrana
PIVO ISTARSKO 0,5 L LIMENKA;301557;Istarsko;0.5000;L;1.25;2.50;;;02.05.2025;1.25;3850172201234;Piæa
PIVO GARDEN STOUT 0,33 L;301623;;0.3300;l;1.62;4.91;;;02.05.2025;1.62;3859893153037;Piæa
PIVO GARDEN PALE ALE 0,33 L;301628;;0.3300;l;1.82;5.52;;;02.05.2025;1.82;3859893153877;Piæa
BOM.GUM.VEGGIE KIS.JAGO.200 g;301630;SPAR Veggie;0.2000;kg;1.49;7.45;;;02.05.2025;1.49;9100000808840;Hrana
ÈIPS SPAR PREMIUM WASABI 100 g;301647;SPAR PREMIUM;0.1000;kg;2.19;21.90;;;02.05.2025;2.19;9100000994369;Hrana
SIR HALLOUMI KLASIK SPAR 250 g;301650;SPAR;0.2500;kg;3.99;15.96;;;02.05.2025;3.99;9100000003702;Hrana
NAMAZ SIR.HREN S-BUDGET 150 g;301660;S-Budget;0.1500;kg;1.49;9.93;;;02.05.2025;1.49;9100000719702;Hrana
NAMAZ SIR.ZAÈINS.BILJ.SB 150 g;301662;S-Budget;0.1500;kg;1.49;9.93;;;02.05.2025;1.49;9100000719689;Hrana
PIVO KRU©OVICE SVET. 0,5 L LIM;301710;;0.5000;L;1.68;3.36;;;02.05.2025;1.68;8594009921449;Piæa
ENERGETSKO PIÆE HELL 0,5 L;301730;;0.5000;L;1.69;3.38;;;02.05.2025;1.69;5999884034209;Piæa
MAR.VIOLETA COLOR 3 SL.1/1;301744;Violeta;1.0000;kom;0.40;0.40;;;02.05.2025;0.40;3870128012622;Toaletne potrep¹tine
DESERT MONTE ZOTT 125 g ;301791;Zott;0.1250;kg;1.19;9.52;;;02.05.2025;1.19;4014500514628;Hrana
BOMBONI GUM.NIMM2 SM.YO.100 g;301794;Nimm 2;0.1000;kg;1.25;12.50;;;02.05.2025;1.25;4014400913040;Hrana
Svinjski but odrezak;302025;SPAR Qualitätsmarke;1.0000;kg;7.99;7.99;;;02.05.2025;7.99;3856021209994;Hrana
Svinjski minutni odrezak;302026;SPAR Qualitätsmarke;1.0000;kg;9.99;9.99;;;02.05.2025;9.99;3856021210006;Hrana
KARAMELA WERTHERS ORIG.CL.70 g;302033;Werthers Original;0.0700;kg;1.49;21.29;;;02.05.2025;1.49;4014400907636;Hrana
KARAMELA WERTHERS ORIG.CH.60 g;302036;Werthers Original;0.0600;kg;1.49;24.83;;;02.05.2025;1.49;4014400920840;Hrana
PEKMEZ BIOBAZA SUN 250ml;302039;Biobaza;0.2500;L;13.99;55.96;;;02.05.2025;13.99;3856020901370;Kozmetika
Svinjski file;302048;SPAR Qualitätsmarke;1.0000;kg;11.99;11.99;;;02.05.2025;11.99;3856021210020;Hrana
Svinjski vrat s kosti ;302049;SPAR Qualitätsmarke;1.0000;kg;6.39;6.39;;;02.05.2025;6.39;3856021210037;Hrana
ÈOKOLADA MARS 51 g;302051;Mars;0.0510;kg;1.09;21.37;;;02.05.2025;1.09;5900951311321;Hrana
Svinjska leða s kosti;302052;SPAR Qualitätsmarke;1.0000;kg;6.99;6.99;;;02.05.2025;6.99;3856021210044;Hrana
Svinjski vrat bez kosti ;302053;SPAR Qualitätsmarke;1.0000;kg;9.69;9.69;;;02.05.2025;9.69;3856021210051;Hrana
Svinjska potrbu¹ina sk ;302056;SPAR Qualitätsmarke;1.0000;kg;5.99;5.99;;;02.05.2025;5.99;3856021210082;Hrana
Juneæa rebra ;302075;SPAR Qualitätsmarke;1.0000;kg;10.99;10.99;;;02.05.2025;10.99;3856021210327;Hrana
Juneæa prsa;302077;SPAR Qualitätsmarke;1.0000;kg;10.99;10.99;;;02.05.2025;10.99;3856021210334;Hrana
Juneæa leða s kosti;302079;SPAR Qualitätsmarke;1.0000;kg;13.19;13.19;;;02.05.2025;13.19;3856021210358;Hrana
Juneæi but odrezak;302094;SPAR Qualitätsmarke;1.0000;kg;15.89;15.89;;;02.05.2025;15.89;3856021210426;Hrana
Svinjetina mljevena;302148;SPAR Qualitätsmarke;1.0000;kg;4.11;4.11;;;02.05.2025;4.11;3856021210228;Hrana
Banjaluèki æevapèiæi ;302149;SPAR BBQ;1.0000;kg;9.99;9.99;;;02.05.2025;9.99;3856021210242;Hrana
Pljeskavice;302152;SPAR BBQ;1.0000;kg;9.99;9.99;;;02.05.2025;9.99;3856021210273;Hrana
Mije¹ano mljeveno meso;302153;SPAR Qualitätsmarke;1.0000;kg;9.99;9.99;;;02.05.2025;9.99;3856021210303;Hrana
Junetina za gula¹;302156;SPAR Qualitätsmarke;1.0000;kg;14.49;14.49;;;02.05.2025;14.49;3856021210310;Hrana
Juneæe mljeveno meso;302161;SPAR Qualitätsmarke;1.0000;kg;13.69;13.69;;;02.05.2025;13.69;3856021210433;Hrana
Svinjetina za gula¹ ;302165;SPAR Qualitätsmarke;1.0000;kg;6.69;6.69;;;02.05.2025;6.69;3856021210075;Hrana
Ro¹tilj kobasica ;302167;SPAR BBQ;1.0000;kg;7.99;7.99;;;02.05.2025;7.99;3856021210280;Hrana
SL.SPAR VEGGIE KIKIRIKI 480 ml;302197;SPAR Veggie;0.4800;L;4.99;10.40;;;02.05.2025;4.99;9100000716473;Hrana
SLAVONSKA NAREZAK DOBRO 80 g;302205;Dobro;0.0800;kg;1.79;22.38;;;02.05.2025;1.79;3850133800841;Hrana
NAPOLI NAREZAK DOBRO 80 g;302207;Dobro;0.0800;kg;1.79;22.38;;;02.05.2025;1.79;3850133800353;Hrana
MILANO NAREZAK DOBRO 80 g;302209;Dobro;0.0800;kg;1.89;23.63;;;02.05.2025;1.89;3850133800315;Hrana
SLANINA NAREZAK  DOBRO 90 g;302212;Dobro;0.0900;kg;2.89;32.11;;;02.05.2025;2.89;3850133800827;Hrana
Salama slavonska;302213;Dobro;1.0000;kg;18.97;18.97;;;02.05.2025;18.97;3850133812707;Hrana
VOÆNA PLOÈICA HIPP BA.JA.23 g ;302235;Hipp;0.0230;kg;1.14;49.57;;;02.05.2025;1.14;4062300446052;Hrana
KA©ICA HIPPIS JAB.MAN.MA.100 g;302241;Hipp;0.1000;kg;1.35;13.50;;;02.05.2025;1.35;4062300278585;Hrana
®ITNA KA©ICA HIPP 200 g;302242;Hipp;0.2000;kg;2.42;12.10;;;02.05.2025;2.42;9062300139744;Hrana
RI®A ZLA.POLJE SMEÐA PAR 800 g;302250;Zlato Polje;0.8000;kg;4.69;5.86;;;02.05.2025;4.69;3838700640960;Hrana
WHISKEY JIM BEAM COLA 0,33 L;302322;Jim Beam;0.3300;L;3.28;9.94;;;02.05.2025;3.28;5060045581280;Piæa
KA©ICA LINO KRU©KA BAN.190 g;302506;Lino;0.1900;kg;1.59;8.37;;;02.05.2025;1.59;3850104297243;Hrana
KA©ICA LINO MAR.BRE.JAB.190 g;302508;Lino;0.1900;kg;1.59;8.37;;;02.05.2025;1.59;3850104287138;Hrana
TJ.ZL.POLJE FIDELINI JAJ.250 g;302522;Zlato Polje;0.2500;kg;1.99;7.96;;;02.05.2025;1.99;3838700011432;Hrana
PRALINE KANDIT PEPERMINT 280 g;302524;Kandit;0.2800;kg;3.99;14.25;;;02.05.2025;3.99;3858889865343;Hrana
TJ.ZLATO POLJE REZANCI 400 g;302537;Zlato Polje;0.4000;kg;2.79;6.98;;;02.05.2025;2.79;3838700013900;Hrana
SALATA STRIBOR MOZZAREL.170 g;302618;;0.1700;kg;3.09;18.18;;;02.05.2025;3.09;3858893250593;Hrana
GAZ.PIÆE PEPSI BEZ ©EÆERA 2 L ;302659;Pepsi;2.0000;l;2.05;1.03;;;02.05.2025;1.95;3830065020364;Piæa
©UNKA SCHW.SPAR NAREZAK 100 g;302729;SPAR;0.1000;kg;2.19;21.90;;;02.05.2025;2.19;3856021204425;Hrana
PRSA PILEÆA VITAL NAREZ.100 g;302798;SPAR Vital;0.1000;kg;1.69;16.90;;;02.05.2025;1.69;3856021204067;Hrana
CAPPUCCINO NESCAFE VANIL.444g;302827;Nescafe;0.4440;kg;7.99;18.00;;;02.05.2025;7.99;7613036158947;Piæa
©AMP.FRUCTIS SOS REPAIR 400 ml;302871;Garnier;0.4000;L;4.39;10.98;;;02.05.2025;4.39;3600541922846;Kozmetika
SIR BRIE SPAR 180 g;302872;SPAR Qualitätsmarke;0.1800;kg;;10.50;1.89;2.29;02.05.2025;2.29;8710671151681;Hrana
BOMBONI GUM.TROLLI BURGER 50 g;302879;Trolli;0.0500;kg;0.86;17.20;;;02.05.2025;0.86;4000512008903;Hrana
BOMBONI GUM.TROLLI MOR.S.175 g;302885;Trolli;0.1750;kg;1.45;8.29;;;02.05.2025;1.45;4000512364580;Hrana
NEKTAR VINDI VI©NJA 0,2 L;302897;;0.2000;L;0.69;3.45;;;02.05.2025;0.69;3850108074574;Piæa
©UNKA PEÈENA 125 g;302906;Pik;0.1250;kg;2.99;23.92;;;02.05.2025;2.99;3850139350401;Hrana
JO.GRÈ.TIP TZATZIKI SPAR 400 g;302982;SPAR Qualitätsmarke;0.4000;kg;3.19;7.98;;;02.05.2025;3.19;9100000822174;Hrana
MINERALNA VODA JAMNICA 1 L ;302987;Jamnica;1.0000;L;.92;0.92;;;02.05.2025;.92;3858890873054;Piæa
SPAR INTEGRAL.RA®ENI KRUH 250g;303036;SPAR Qualitätsmarke;0.2500;kg;1.19;4.76;;;02.05.2025;1.17;9100000133904;Hrana
ZUB.PASTA AQUAFRESH 125 ml;303050;Aquafresh;0.1250;L;2.99;23.92;;;02.05.2025;2.99;5054563199621;Kozmetika
ZUB.PAS.AQUAFRESH MILD 125 ml;303052;Aquafresh;0.1250;L;2.99;23.92;;;02.05.2025;2.99;5054563199645;Kozmetika
ZUB.PAS.BIOREPAIR FAST 75 ml;303137;BIOREPAIR;0.0750;L;4.49;59.87;;;02.05.2025;4.49;8017331068441;Kozmetika
ÈOKOLADNO JAJE KINDER JOY 60 g;303243;Kinder;0.0600;kg;3.79;63.17;;;02.05.2025;3.79;8000500028124;Hrana
JOGURT NP BOROVNICA 3,6% 200 g;303250;SPAR Natur*pur;0.2000;kg;0.99;4.95;;;02.05.2025;0.99;9100000819488;Hrana
VINO DAMJANIÆ BORGONJA 0,75 L;303316;;0.7500;L;15.49;20.65;;;02.05.2025;15.49;3859893140044;Piæa
VINO PRELAC MALVAZIJA 0,75 L;303317;;0.7500;L;12.79;17.05;;;02.05.2025;12.79;3857500021946;Piæa
LIKER AVELLANA LJE©NJAK 0,7 L;303329;;0.7000;L;12.02;17.17;;;02.05.2025;12.02;3859889132312;Piæa
DET.FAKS AQUAMARINE 260 g;303472;Faks;0.2600;kg;1.99;7.65;;;02.05.2025;1.99;3850105159793;Sredstva za èi¹æenje
VODA JAMN.SENSATIO.BAZGA 0,5 L;303477;Jamnica;0.5000;L;1.12;2.24;;;02.05.2025;1.12;3858890873474;Piæa
VODA JAMN.SENSATIO.BAZGA 1,5 L;303483;Jamnica;1.5000;L;1.69;1.13;;;02.05.2025;1.69;3858890873443;Piæa
ÈAJ DETOX DARVITALIS EKO 50 g;303513;Darvitalis;0.0500;kg;4.64;92.80;;;02.05.2025;4.64;3858890832501;Piæa
ÈOKOLADA MARS KING SIZE 70 g;303516;Mars;0.0700;kg;1.49;21.29;;;02.05.2025;1.49;5900951311215;Hrana
KOBASICA DRNI©KA 320 g;303524;Dimmes;0.3200;kg;3.99;12.47;;;02.05.2025;3.99;3859892362409;Hrana
ÈAJ ZELENI CIMET DARV.EKO 50 g;303539;Darvitalis;0.0500;kg;3.99;79.80;;;02.05.2025;3.99;3858890830781;Piæa
KOND.MLIJ.ZASLAÐ.NESTLE 170 g;303589;;0.1700;kg;1.79;10.53;;;02.05.2025;1.69;8410100096186;Hrana
KREMA EVELINE NATURE 50 ml ;303591;Eveline;0.0500;L;5.39;107.80;;;02.05.2025;5.39;5901761912296;Kozmetika
MIC.VODA EVELINE 3U1 400 ml;303601;Eveline;0.4000;L;4.79;11.98;;;02.05.2025;4.79;5901761919264;Kozmetika
MIC.VODA EVELINE 3U1 400 ml;303603;Eveline;0.4000;L;4.79;11.98;;;02.05.2025;4.79;5901761919400;Kozmetika
ULJE ZA PR®ENJE SUN.N.P.0,75 L;303613;Spar Natur pur;0.7500;L;3.79;5.05;;;02.05.2025;3.78;9100000820866;Hrana
SRE.TETA VIOLETA STAKLO 750 ml;303692;Teta Violeta;0.7500;L;1.86;2.48;;1.59;02.05.2025;1.59;3870128012806;Sredstva za èi¹æenje
MESNI NAREZAK GAVRILOVIÆ 150 g;303713;Gavrilovic;0.1500;kg;2.19;14.60;;;02.05.2025;2.19;3858890203349;Hrana
©TRUDLA LIÈKA JABUKA 500 g;303734;;0.5000;kg;5.79;11.58;;;02.05.2025;5.79;3859892313050;Hrana
©TRUDLA LIÈKA SIR SLANI 500 g;303735;;0.5000;kg;5.79;11.58;;;02.05.2025;5.79;3859892313074;Hrana
TEK.DET.ZA RUB.SPLENDID 1,5 L;303741;Splendid;1.5000;L;3.59;2.39;;;02.05.2025;3.59;9100000973685;Sredstva za èi¹æenje
TEK.DET.ZA RUB.SPLENDID 1,5 L;303742;Splendid;1.5000;L;3.59;2.39;;;02.05.2025;3.59;9100000973715;Sredstva za èi¹æenje
PIL. PRSA U OVITKU VITAL 500 g;303791;SPAR Vital;0.5000;kg;4.09;8.18;;;02.05.2025;4.09;3856021204081;Hrana
VOÆNA PLOÈ.HIPP MAL.BAN.23 g;303793;Hipp;0.0230;kg;1.14;49.57;;;02.05.2025;1.14;4062300446069;Hrana
PAP.RUÈNIK DESPAR 3SL 3/1 ;303832;Despar;3.0000;kom;2.49;0.83;;;02.05.2025;1.99;8001300811862;Proizvodi za kuæanstvo
LIZALICA MALOW 45 g;303893;DUPIN;0.0450;kg;2.12;47.11;;;02.05.2025;2.12;5200701005204;Hrana
MED VAR®AK BAGREM 350 g PET;303923;Varzak;0.3500;kg;5.31;15.17;;;02.05.2025;5.31;3859888673960;Hrana
Domaæi pr¹ut bez ko¾e;303926;Niko;1.0000;kg;24.99;24.99;;;02.05.2025;24.99;3859892331337;Hrana
Peèenica Niko;303938;Niko;1.0000;kg;21.99;21.99;;;02.05.2025;22.99;3859892331849;Hrana
VOÆNA PLOÈICA NP.JAB.BAN.25 g;303978;Natur pur;0.0250;kg;0.74;29.60;;;02.05.2025;0.74;9100000690322;Hrana
VOÆNA PLOÈ.NP.CRV.VOÆE 25 g;303979;Spar Natur pur;0.0250;kg;0.74;29.60;;;02.05.2025;0.74;9100000690346;Hrana
EN.PIÆE RED BULL YELLOW 0,25 L;303984;Red Bull;0.2500;L;1.69;6.76;;;02.05.2025;1.69;90415944;Piæa
SLADILO VITAL KSILITOL 300 g;303989;SPAR Vital;0.3000;kg;4.09;13.63;;;02.05.2025;4.09;9100000819563;Hrana
Peèena ¹unka;303992;Gavrilovic;1.0000;kg;13.99;13.99;;13.99;02.05.2025;13.99;3858890209631;Hrana
VINO RIZLING CAPISTRANO 1 L;304012;;1.0000;L;3.29;3.29;;;02.05.2025;3.29;3858886522171;Piæa
VINO VRANAC MAKEDONSKI 1 L;304013;;1.0000;L;3.29;3.29;;;02.05.2025;3.29;3858886522164;Piæa
PRIP.ZA ©LAG HOPLA SOJA 500 ml;304018;;0.5000;L;2.49;4.98;;;02.05.2025;2.49;8000005037416;Hrana
PRIP.ZA ©LAG BILJ. HOPL.500 ml;304019;;0.5000;L;2.39;4.78;;;02.05.2025;2.39;8000005045169;Hrana
PRIP.ZA ©LAG BILJ.HOPLA 200 ml;304021;;0.2000;L;1.29;6.45;;;02.05.2025;1.29;8000005048504;Hrana
NJOKI KARLA 500 g;304033;;0.5000;kg;2.09;4.18;;;02.05.2025;2.09;3858881505643;Hrana
MAJONEZA ZVIJEZDA SALATNA 15 g;304034;Zvijezda;0.0150;kg;0.25;16.67;;;02.05.2025;0.26;3856015316660;Hrana
SIR FETA D.O.P.FREE FROM 150 g;304039;SPAR free from;0.1500;kg;2.59;17.27;;;02.05.2025;2.59;9100000039367;Hrana
ZUB.PAS.SENSODYNE RAPID 75 ml;304041;Sensodyne;0.0750;L;7.49;99.87;;;02.05.2025;5.59;5054563027535;Kozmetika
PIVO 5. ELEMENT IPA 0,5 L;304078;;0.5000;l;2.68;5.36;;;02.05.2025;2.68;3859892222956;Piæa
PIVO 5. ELEMENT LELA 0,5 L;304079;;0.5000;l;2.22;4.44;;;02.05.2025;2.22;3859892222949;Piæa
PIVO 5. ELEMENT ABA 0,5 L;304080;;0.5000;L;2.22;4.44;;;02.05.2025;2.22;3859892222925;Piæa
BIO LUBENICA MINI NP;304088;Natur pur;1.0000;kg;1.99;1.99;;;02.05.2025;1.99;3831115307213;Hrana
PIVO HEINEKEN ZERO 0,33 L;304094;Heineken;0.3300;l;1.68;5.09;;;02.05.2025;1.68;3830001715156;Piæa
KETCHUP S-BUDGET LJUTI 1 kg;304119;S-BUDGET;1.0000;kg;1.69;1.69;;;02.05.2025;1.69;3856021215414;Hrana
CHOCO BANANA ORIGINAL 280 g;304177;Kandit;0.2800;kg;3.89;13.89;;;02.05.2025;3.89;3858889865466;Hrana
PJE.FREIX.ICE ROSE 0,75 L;304219;Freixenet;0.7500;l;11.99;15.99;;;02.05.2025;11.99;8410036806521;Piæa
KRUH SPAR KUKURUZNI 400 g;304240;SPAR Qualitätsmarke;0.4000;kg;;3.98;1.59;2.07;02.05.2025;2.07;3856021205057;Hrana
KRUH SPAR SA SJEMENK.400 g;304241;SPAR Qualitätsmarke;0.4000;kg;;3.98;1.59;2.07;02.05.2025;2.07;3856021205033;Hrana
KRUH SPAR MIJE©ANI 400 g;304242;SPAR Qualitätsmarke;0.4000;kg;;3.98;1.59;1.83;02.05.2025;1.83;3856021205019;Hrana
ULO©.ALWAYS PLAT.NIGHT 12/1;304283;Always;12.0000;kom;2.99;0.25;;;02.05.2025;2.99;8001090445070;Toaletne potrep¹tine
ULO©.ALWAYS PLAT.SUPER 14/1;304284;Always;14.0000;kom;3.18;0.23;;;02.05.2025;3.18;8001090444998;Toaletne potrep¹tine
©TRUDLA S VI©NJOM 125 g;304316;;0.1250;kg;1.40;11.20;;;02.05.2025;1.40;3858881125735;Hrana
ÈOKOLADA MILKA BADEM 300 g;304352;Milka;0.3000;kg;6.79;22.63;;;02.05.2025;6.79;7622210744883;Hrana
ÈOK.MILKA GRO®.LJE©NJAK 270 g;304353;Milka;0.2700;kg;6.79;25.15;;;02.05.2025;6.79;7622210702326;Hrana
BOMBONI NEGRO 800 g;304421;Negro;0.8000;kg;8.69;10.86;;;02.05.2025;8.69;8602300217151;Hrana
KA©ICA HIPPIS JAB.KRU.BA.100 g;304433;Hipp;0.1000;kg;1.35;13.50;;;02.05.2025;1.35;4062300278530;Hrana
KA©ICA HIPPIS JAB.BRE.100 g;304435;Hipp;0.1000;kg;1.35;13.50;;;02.05.2025;1.35;4062300278554;Hrana
KA©ICA HIPPIS JAB.BAN.JA.100 g;304436;Hipp;0.1000;kg;1.35;13.50;;;02.05.2025;1.35;4062300278547;Hrana
KA©ICA HIPPIS KRU.BAN.KI.100 g;304437;Hipp;0.1000;kg;1.35;13.50;;;02.05.2025;1.35;4062300278578;Hrana
UMAK OD RAJÈICE PREMIUM 330 g;304438;Premium;0.3300;kg;1.99;6.03;;;02.05.2025;1.99;9100000819341;Hrana
KA©ICA HIPPIS ®IT.JAB.BA.100 g;304440;Hipp;0.1000;kg;1.35;13.50;;;02.05.2025;1.35;4062300278608;Hrana
VOÆNA PLOÈ.HIPP BAN.VI©.23 g;304470;Hipp;0.0230;kg;1.14;49.57;;;02.05.2025;1.14;4062300362215;Hrana
PERLE CRNOG TARTUFA 50 g;304583;;0.0500;kg;15.99;319.80;;;02.05.2025;15.99;3858891980157;Hrana
SKU©A AQ FILETI MAS.ULJE 105 g;304601;Adriatic Queen;0.0735;kg;3.29;44.76;;;02.05.2025;3.29;3850160110074;Hrana
VINO PASSO PERF. ROSSO 0,75 L;304605;;0.7500;L;7.42;9.89;;;02.05.2025;7.42;8016608010060;Piæa
PA©TETA S-BUDGET ÈAJNA 100 g;304612;S-Budget;0.1000;kg;0.69;6.90;;;02.05.2025;0.69;3856021204951;Hrana
PA©TETA S-BUDGET JETRENA 100 g;304625;S-Budget;0.1000;kg;0.69;6.90;;;02.05.2025;0.69;3856021204937;Hrana
LESKOVAÈKA PLJESKAVICA 480 g;304637;;0.4800;kg;5.99;12.48;;;02.05.2025;5.99;3831020345959;Hrana
LESKOVAÈKI ÆEVAPI 480 g;304638;;0.4800;kg;5.99;12.48;;;02.05.2025;5.99;3831020345966;Hrana
SARAJEVSKI ÆEVAPI 480 g;304641;;0.4800;kg;5.99;12.48;;;02.05.2025;5.99;3831020345232;Hrana
KREMA HIMALAYA HRANJIVA 150 ml;304650;Himalaya;0.1500;L;3.05;20.33;;;02.05.2025;3.05;8901138506384;Kozmetika
KUPKA FELCE A.CLASSIC 650 ml;304671;Felce Azzurra;0.6500;L;4.19;6.45;;;02.05.2025;4.19;8001280068003;Kozmetika
ÈOKOLADA TWIX WHITE 46 g;304783;Twix;0.0460;kg;1.09;23.70;;;02.05.2025;1.09;5000159556804;Hrana
LAK ZA NOKTE EVELINE 190;304801;Eveline;1.0000;kom;1.79;1.79;;;02.05.2025;1.79;5901761940930;Kozmetika
BRIJAÈ WILKINSON XTREME 1/1;304813;Wilkinson;1.0000;kom;1.59;1.59;;1.49;02.05.2025;2.19;4027800110414;Kozmetika
JUHA MAGGI KREM BROKULA 52 g;305086;Maggi;0.0520;kg;;17.12;0.89;1.39;02.05.2025;1.39;7613287311412;Hrana
©PINAT S-BUDGET 400 g;305106;S-BUDGET;0.4000;kg;0.99;2.48;;;02.05.2025;0.99;3856021204746;Hrana
MAHUNA ®UTA S-BUDGET 400 g;305107;S-BUDGET;0.4000;kg;1.19;2.98;;;02.05.2025;1.19;3856021204708;Hrana
MAHUNA ZELENA S-BUDGET 400 g;305109;S-BUDGET;0.4000;kg;1.19;2.98;;;02.05.2025;1.19;3856021204722;Hrana
CARSKI MIX S-BUDGET 400 g;305112;S-BUDGET;0.4000;kg;1.29;3.23;;;02.05.2025;1.29;3856021204685;Hrana
GRA©AK S-BUDGET 400 g;305114;S-BUDGET;0.4000;kg;1.19;2.98;;;02.05.2025;1.19;3856021204647;Hrana
GRA©AK MRKVA S-BUDGET 400 g;305115;S-BUDGET;0.4000;kg;1.19;2.98;;;02.05.2025;1.19;3856021204661;Hrana
PAPRIÈICE PEPPAD.BLAGE 400 g;305211;Peppadew;0.1650;kg;3.59;21.76;;;02.05.2025;3.59;6007788005108;Hrana
BOMBONI SPAR VOÆNI 500 g;305248;SPAR;0.5000;kg;2.29;4.58;;;02.05.2025;2.29;3831115312842;Hrana
SALVETE BO®IÆNE 33x33 cm;305268;;1.0000;kom;0.99;0.99;;;02.05.2025;0.99;5997359316010;Proizvodi za kuæanstvo
BRITVICE BEAUTY KISS ® 8/1;305364;Beauty Kiss;8.0000;kom;2.65;0.33;;;02.05.2025;2.65;9100000997629;Kozmetika
BRITVICE BEAUTY KISS M 8/1;305370;Beauty Kiss;8.0000;kom;2.59;0.32;;;02.05.2025;2.65;9100000997643;Kozmetika
JUHA ORTOLANA 620g;305375;;0.6200;kg;2.79;4.50;;;02.05.2025;2.79;8014190017108;Hrana
DEO SPR.BOROTALCO PURE 150 ml;305426;Borotalco;0.1500;L;3.50;23.33;;;02.05.2025;3.50;8002410042818;Kozmetika
Sir Tilzit Valio;305427;;1.0000;kg;9.99;9.99;;;02.05.2025;9.99;4740553691015;Hrana
KAVA BARCAFFE CLASSIC 400 g;305467;Barcaffe;0.4000;kg;7.99;19.98;;;02.05.2025;7.99;3838471032308;Piæa
PRALINE ADRIA GOLD 180 g;305572;Adria;0.1800;kg;5.29;29.39;;;02.05.2025;5.29;3858890262711;Hrana
KREMA NIVEA ZA RUKE ALOE 75 ml;305577;Nivea;0.0750;L;2.59;34.53;;;02.05.2025;2.59;9005800291871;Kozmetika
PREZ.DUREX INTENSE ORGASM 10/1;305671;Durex;10.0000;kom;;1.34;13.39;16.79;02.05.2025;16.79;5052197051797;Toaletne potrep¹tine
CAPPUC.CLASSIC ARABESCA 200  g;305734;Arabesca;0.2000;kg;2.59;12.95;;;02.05.2025;2.59;3858886804123;Piæa
CAPPU.VANILIJA ARABESCA 200 g;305735;Arabesca;0.2000;kg;2.59;12.95;;;02.05.2025;2.59;3858886804130;Piæa
CAPPUC.ÈOKOLADA ARABESCA 200 g;305736;Arabesca;0.2000;kg;2.59;12.95;;;02.05.2025;2.59;3858886804147;Piæa
ÈOKOLADA KINDER DELICE 39 g;305744;Kinder;0.0390;kg;0.99;25.38;;;02.05.2025;0.99;8000500267035;Hrana
NAPOLITANKE BALCONI VAN.175 g ;305752;Balconi;0.1750;kg;1.49;8.51;;;02.05.2025;1.49;8001585008056;Hrana
ÈOKOLADA MERCI TAMNA 100 g;305771;Merci;0.1000;kg;2.79;27.90;;;02.05.2025;2.79;4014400914276;Hrana
ÈOKOL.MERCI KAVA VRHNJE 100 g;305777;Merci;0.1000;kg;2.79;27.90;;;02.05.2025;2.79;4014400914269;Hrana
ÈOKOL.MERCI BADEM LJE©.100 g;305779;Merci;0.1000;kg;2.79;27.90;;;02.05.2025;2.79;4014400914252;Hrana
Istarski ¾lomprt Ka¾un;305799;KA®UN;1.0000;kg;22.83;22.83;;;02.05.2025;22.83;3859892331313;Hrana
©AMP.H&S TEA TREE 400 ml;305807;Head&Shoulders;0.4000;L;;12.48;4.99;6.19;02.05.2025;6.19;8001090496546;Kozmetika
OSVJ.WC DUCK FRESH DISCS 36 ml;305926;Duck;1.0000;kom;2.65;2.65;;2.65;02.05.2025;2.65;5000204341508;Sredstva za èi¹æenje
OSVJ.WC DUCK FRESH DISCS 36 ml;305928;Duck;1.0000;kom;2.65;2.65;;2.65;02.05.2025;2.65;3858893906322;Sredstva za èi¹æenje
OSVJ.WC DUCK FRESH DISCS 36 ml;305947;Duck;1.0000;kom;2.65;2.65;;2.65;02.05.2025;2.65;5000204341560;Sredstva za èi¹æenje
ÈOKOLADA MILKA CIJ.LJE©.270 g;305987;Milka;0.2700;kg;6.79;25.15;;;02.05.2025;6.79;7622210702555;Hrana
GEL KURKUMA 250 ml;305988;Olival;0.2500;L;2.99;11.96;;;02.05.2025;2.99;3859893186080;Kozmetika
GEL DUREX NATURALS 100 ml;305991;Durex;0.1000;L;;118.90;11.89;14.89;02.05.2025;14.89;5997321771656;Toaletne potrep¹tine
VODA LIMUNSKA TRAVA RQ 0,5 L;306012;Römerquelle;0.5000;L;1.12;2.24;;;02.05.2025;1.12;9031100003807;Piæa
VODA ROEMERQUELLE 0,5 L;306014;Römerquelle;0.5000;L;.93;1.86;;;02.05.2025;.93;90311208;Piæa
FLIPS PUFULETI CHIO MINIO.75 g;306085;Chio;0.0750;kg;1.69;22.53;;;02.05.2025;1.69;9000159732501;Hrana
KAVA NESCAFE DG.INTENSO 3X128g;306207;Nescafe;0.3840;kg;12.99;33.83;;12.99;02.05.2025;14.99;7613287336798;Piæa
KAVA NESCAFE DG.C.A.L.3X160g;306216;Nescafe;0.4800;kg;12.99;27.06;;12.99;02.05.2025;14.99;7613287337030;Piæa
KEKS CIMETIX B© 200 g;306277;Delicia;0.2000;kg;3.19;15.95;;;02.05.2025;3.19;3859889106269;Hrana
KEKS KOKOSIX B© 175 g;306279;Delicia;0.1750;kg;3.19;18.23;;;02.05.2025;3.19;3859889106221;Hrana
SOK NATUREL CIKLA 100% 720 ml;306342;Naturel;0.7200;l;3.58;4.97;;;02.05.2025;3.58;3858889362224;Piæa
SOK NATUREL ARONIA 100% 720 ml;306344;Naturel;0.7200;l;6.25;8.68;;;02.05.2025;6.25;3858889362217;Piæa
ENERGET.PIÆE HELL FOCUS 0,25 L;306345;;0.2500;L;1.09;4.36;;;02.05.2025;1.09;5999885747733;Piæa
LED.ÈAJ XIXO BRESKVA 0,25 L;306350;;0.2500;L;.79;3.16;;;02.05.2025;.79;5999885747085;Piæa
KAVA LATTE ESPR. S BUDG.250 ml;306354;S-BUDGET;0.2500;L;1.09;4.36;;;02.05.2025;1.09;9100000444673;Piæa
OSV.WC BREF WATER OCEAN 2x50 g;306367;Bref;0.1000;kg;4.95;49.50;;;02.05.2025;4.95;9000101089769;Sredstva za èi¹æenje
REFIL GLADE AUTO.MAXI 2X269 ml;306385;Glade;0.5380;L;12.79;23.77;;;02.05.2025;12.79;3858889573354;Sredstva za èi¹æenje
GLADE SPRAY BO®UR 300 ml;306386;Glade;0.3000;L;3.79;12.63;;;02.05.2025;3.79;5000204249408;Sredstva za èi¹æenje
REFIL GLADE AUT . MAXI 269 ml;306391;Glade;0.2690;L;8.69;32.30;;;02.05.2025;8.69;5000204300918;Sredstva za èi¹æenje
KRUH INTEGRALNI PANCARRE 315 g;306441;Mulino;0.3150;kg;2.29;7.27;;;02.05.2025;2.29;8076809571982;Hrana
©unka suha dalmatinska Pivac;306449;Pivac;1.0000;kg;29.99;29.99;;;02.05.2025;29.99;3858890180220;Hrana
SIR KREM VIVIS 100 g;306465;;0.1000;kg;1.29;12.90;;;02.05.2025;1.29;3850108058734;Hrana
PR©UT RU®A NAREZAK MAP 80 g;306466;Pisinium;0.0800;kg;3.99;49.88;;;02.05.2025;3.59;3858884936109;Hrana
LIKER DEGENIJA KRU©KOVAC 1 L;306586;;1.0000;L;11.12;11.12;;;02.05.2025;11.12;3859889693080;Piæa
TRAVA RICA JAK AP DEGENIJA 1 L;306588;;1.0000;L;13.28;13.28;;;02.05.2025;13.28;3859889693127;Piæa
LIKER DEGENIJA PELINKOVAC 1 L;306589;;1.0000;L;13.12;13.12;;;02.05.2025;13.12;3859889693066;Piæa
RAKIJA VILIJAMOVKA 35% 1 L;306675;Weingut Schloss Fels;1.0000;L;11.18;11.18;;;02.05.2025;11.18;9100300151004;Piæa
LIKER MARELICA FELSER 0,5 L;306679;Felser;0.5000;L;6.92;13.84;;;02.05.2025;6.92;9100300263332;Piæa
LISTIÆI OKUS GOUDA 180 g;306689;;0.1800;kg;2.39;13.28;;;02.05.2025;2.39;5292874000346;Hrana
LISTIÆI OKUS MOZZARELLA 250 g;306691;;0.2500;kg;2.49;9.96;;;02.05.2025;2.49;5292874000063;Hrana
RIBAN.PARMEZAN GREEN VIE 100 g;306692;;0.1000;kg;1.65;16.50;;;02.05.2025;1.65;5292874000032;Hrana
JELEN GULA© 350 g;306696;;0.3500;kg;6.89;19.69;;;02.05.2025;6.89;3830034363515;Hrana
SRNA GULA© 350 g;306740;;0.3500;kg;8.99;25.69;;;02.05.2025;8.99;3830034363522;Hrana
SMOOTHIE HIPPIS JAB.BAN.120 ml;306764;Hipp;0.1200;l;1.39;11.58;;;02.05.2025;1.4;4062300325050;Hrana
SMOOTHIE HIPPIS JAB.KRU.120 ml;306765;Hipp;0.1200;l;1.39;11.58;;;02.05.2025;1.4;4062300325111;Hrana
KAPARI NATUR PUR 65 g;306780;Natur pur;0.0350;kg;1.59;45.43;;;02.05.2025;1.59;9100000823140;Hrana
KOKOSOVA VODA SPAR 1 L;306794;SPAR;1.0000;l;2.89;2.89;;;02.05.2025;2.89;8710671154248;Hrana
ÈAJ NATURAVITA ÐUM.LIMUN 25 g;306944;Naturavita;0.0250;kg;1.33;53.20;;;02.05.2025;1.33;3858884091266;Piæa
PAP.RUÈNIK OLALA CAL.A.3SL 2/1;306975;Olala;2.0000;kom;3.29;1.65;;;02.05.2025;3.29;3859893213113;Proizvodi za kuæanstvo
PILEÆI PANIRANI ODRESCI 290 g;307031;Cekin;0.2900;kg;3.99;13.76;;;02.05.2025;3.99;3850159140792;Hrana
ÈAJ PODRAVKA BOROVNICA 50 g;307050;Podravka;0.0500;kg;2.05;41.00;;;02.05.2025;2.05;3856020204884;Piæa
SRED.STAKLO SPLENDID 1 L;307140;Splendid;1.0000;L;1.32;1.32;;;02.05.2025;1.32;3856021205095;Sredstva za èi¹æenje
BOJA EXCELLENCE 9.1;307148;LOREAL;1.0000;kom;8.49;8.49;;;02.05.2025;8.49;3600523724918;Kozmetika
BOJA EXCELLENCE 7.1;307149;LOREAL;1.0000;kom;8.49;8.49;;;02.05.2025;8.49;3600523724864;Kozmetika
BOJA COLOR NATURALS ZA KOSU 10;307152;Garnier;1.0000;kom;4.99;4.99;;;02.05.2025;4.99;3600540335678;Kozmetika
BOJA CASTING CREAM GLOSS 780;307156;LOREAL;1.0000;kom;6.59;6.59;;;02.05.2025;6.59;3600523281817;Kozmetika
BOJA CASTING CREAM GLOSS 550;307157;LOREAL;1.0000;kom;6.59;6.59;;;02.05.2025;6.59;3600521372784;Kozmetika
KEKS SPAR ®ITARICE GRO®Ð.160 g;307169;SPAR;0.1600;kg;1.19;7.44;;;02.05.2025;1.19;3856021205125;Hrana
KEKS SPAR ®ITARICE ÈOKOL.160 g;307171;SPAR;0.1600;kg;1.19;7.44;;;02.05.2025;1.19;3856021205149;Hrana
LIKER IL BARONE AMARETTO 0,7 L;307200;Il Barone;0.7000;L;5.62;8.03;;;02.05.2025;5.62;9100000109169;Piæa
KRE.NIVEA AW 55+ DNEVNA 50 ml;307309;Nivea;0.0500;L;7.99;159.80;;;02.05.2025;7.99;9005800371313;Kozmetika
KRE.NIVEA AW 55+ NOÆNA 50 ml;307311;Nivea;0.0500;L;7.99;159.80;;;02.05.2025;7.99;9005800371337;Kozmetika
KRE.NIVEA AW 45+DNEVNA 50 ml;307313;Nivea;0.0500;L;7.99;159.80;;;02.05.2025;7.99;9005800290805;Kozmetika
GEL.TU.L´ANGELICA KOKOS 500 ml;307378;L'Angelica;0.5000;L;2.99;5.98;;;02.05.2025;2.99;8017331081778;Kozmetika
VINO IL BAR.MOSCATO 0,75 L;307447;Il Barone;0.7500;L;3.74;4.99;;;02.05.2025;3.74;9100300000173;Piæa
ORAH KIFLICE S-BUDGET 400 g;307477;S-BUDGET;0.4000;kg;3.79;9.48;;;02.05.2025;3.79;3856021205491;Hrana
©KAMPI FROZY 1000 g;307507;;1.0000;kg;13.99;13.99;;;02.05.2025;13.99;3859891927906;Hrana
ÈET.COLGATE MAX WHITE 1+1;307508;Colgate;1.0000;kom;3.98;3.98;;;02.05.2025;3.98;8714789490113;Kozmetika
ROYAL MIX BONDUELLE VAPE.400 g;307509;Bonduelle;0.4000;kg;1.99;4.98;;;02.05.2025;1.99;3083681063332;Hrana
PA©TETA S-BUDGET PILEÆA 100 g;307514;S-Budget;0.1000;kg;0.69;6.90;;;02.05.2025;0.69;3856021204913;Hrana
BRUSNICA PREMIUM 620g;307534;Premium;0.6200;kg;5.99;9.66;;;02.05.2025;5.97;9100000824550;Hrana
BRA©NO KOKOS.BIO ENCIAN 250 g;307539;Encian;0.2500;kg;2.49;9.96;;;02.05.2025;2.49;3858890103007;Hrana
KOKOS BRA©NO NATURA 200 g;307540;Marjan Voce;0.2000;kg;0.99;4.95;;;02.05.2025;0.93;3859893124525;Hrana
PIVO GARDEN PILSNER 0,33 L;307605;;0.3300;L;1.42;4.30;;;02.05.2025;1.42;3859893153174;Piæa
®VAKE ORBIT EUCALYPTUS 14 g;307648;Orbit;0.0140;kg;.99;70.71;;;02.05.2025;.99;50173617;Hrana
SALATA KRISTAL S KORIJENOM;307667;;1.0000;kom;1.29;1.29;;;02.05.2025;1.29;3830059370901;Hrana
SALATA CRV.KRIST.S KORIJENOM;307669;;1.0000;KOM;1.29;1.29;;;02.05.2025;1.29;3830059370192;Hrana
SALATA PUTERICA S KORIJENOM;307670;;1.0000;KOM;1.29;1.29;;;02.05.2025;1.29;3830059370185;Hrana
SALATA SALADUO S KORIJENOM;307671;;1.0000;KOM;1.29;1.29;;;02.05.2025;1.29;3830059370246;Hrana
SLADILO VITAL KSILITOL 50X4 g;307676;SPAR Vital;0.2000;kg;2.99;14.95;;;02.05.2025;2.99;9100000824192;Hrana
SIR KREM LIGHT VIVIS 100 g;307678;;0.1000;kg;1.29;12.90;;;02.05.2025;1.29;3850108058956;Hrana
SIR KREM S VLASCEM VIVIS 100 g;307681;;0.1000;kg;1.29;12.90;;;02.05.2025;1.29;3850108058932;Hrana
SIR KREM ©UNKA VIVIS 100 g;307683;;0.1000;kg;1.29;12.90;;;02.05.2025;1.29;3850108058925;Hrana
NAPITAK ALPRO ZOB BADEM 1 L;307706;Alpro;1.0000;l;;2.59;2.59;3.99;02.05.2025;3.99;5411188124726;Piæa
MUSLI SPAR HR.MALINA ÈOK.400 g;307742;SPAR;0.4000;kg;4.19;10.48;;;02.05.2025;4.19;9100000705972;Hrana
MUSLI SPAR TROSTRUKA ÈOK.500 g;307743;SPAR;0.5000;kg;4.49;8.98;;;02.05.2025;4.49;9100000705934;Hrana
MUSLI SPAR MIJE©ANO VOÆE 500 g;307745;SPAR;0.5000;kg;3.99;7.98;;;02.05.2025;3.99;9100000705958;Hrana
MUSLI SPAR HRSKAVI KOKOS 400 g;307746;SPAR;0.4000;kg;4.19;10.48;;;02.05.2025;4.19;9100000809434;Hrana
MUSLI SPAR HRSK.LJE©NJAK 450 g;307747;SPAR;0.4500;kg;3.79;8.42;;;02.05.2025;3.79;9100000817965;Hrana
©UNKA GAVRILOVIÆ MANDOL.340 g;307846;Gavrilovic;0.3400;kg;7.19;21.15;;;02.05.2025;7.19;3858890209679;Hrana
GRAH ZVIJEZDA SMEÐI 800 g;307849;Zvijezda;0.4800;kg;1.99;4.15;;;02.05.2025;1.99;3856015309679;Hrana
GRAH ZVIJEZDA SMEÐI 400 g;307851;Zvijezda;0.2400;kg;1.29;5.38;;;02.05.2025;1.29;3856015309648;Hrana
SP KRPA SPU®VASTA 3/1 21487;307856;Splendid;3.0000;kom;3.79;1.26;;;02.05.2025;3.79;9100000975405;Proizvodi za kuæanstvo
TOAL.PAP.LOVELY BIJELI 10/1 ;307910;Lovely;10.0000;kom;2.99;0.30;;;02.05.2025;2.99;9100000733111;Toaletne potrep¹tine
JUHA OD GRAHA 620 g;307935;;0.6200;kg;2.79;4.50;;;02.05.2025;2.79;8014190017115;Hrana
SOK OD NARA PREMIUM 500 ml;307939;SPAR PREMIUM;0.5000;L;2.62;5.24;;;02.05.2025;2.62;9100000692302;Piæa
UMAK KF JOSEF BOLOGNESE 350 g;307946;;0.3500;kg;2.65;7.57;;;02.05.2025;2.65;8595241519821;Hrana
UMAK KF JOSEF BASILICO 350 g;307947;;0.3500;kg;2.65;7.57;;;02.05.2025;2.65;8595241519760;Hrana
UMAK KF JOSEF NAPOLETANA 350 g;307948;;0.3500;kg;2.65;7.57;;;02.05.2025;2.65;8595241519784;Hrana
KA©A DR.OETKER JABUKA CIM.50 g;307953;Dr. Oetker;0.0500;kg;0.99;19.80;;;02.05.2025;0.99;5997381370974;Hrana
ÈOKOLADA MILKA TRIOLADA 280 g;307967;Milka;0.2800;kg;6.79;24.25;;;02.05.2025;6.79;7622210702623;Hrana
PJENA NIVEA SENSITIVE 200 ml;308095;Nivea;0.2000;L;;14.95;2.99;3.99;02.05.2025;4.79;9005800294759;Kozmetika
BALZAM NIVEA SENSITIVE 100 ml;308097;Nivea;0.1000;L;;84.50;8.45;11.29;02.05.2025;11.29;9005800294483;Kozmetika
KEKS PLAZMA MINI MINI 200 g;308110;Plazma;0.2000;kg;2.59;12.95;;;02.05.2025;2.59;8600043022346;Hrana
CHOCO BANANA KANDIT ORIG.544 g;308144;Kandit;0.5440;kg;7.69;14.14;;;02.05.2025;5.39;3858889865503;Hrana
LIKER BOGATI MEDICA 0,7 L;308223;;0.7000;L;10.32;14.74;;;02.05.2025;10.32;3859889132336;Piæa
LIKER BOGATI ÈOKOLADA 0,7 L;308224;;0.7000;L;10.32;14.74;;;02.05.2025;10.32;3859889132435;Piæa
LIKER BOGATI VI©NJA 0,7L;308225;;0.7000;L;10.32;14.74;;;02.05.2025;10.32;3859889132428;Piæa
®LOMPRT ISTARSKI MAP 80 g;308231;Pisinium;0.0800;kg;3.15;39.38;;;02.05.2025;2.79;3858884931876;Hrana
PTIÈJA HRANA NATURE 100 g;308242;Vitakraft;0.1000;kg;2.14;21.40;;;02.05.2025;2.12;4008239212979;Proizvodi za kuæanstvo
HRANA ZA MAÈKE POES.SRCE 85 g;308250;Vitakraft;0.0850;kg;.72;8.47;;;02.05.2025;.72;4008239366672;Proizvodi za kuæanstvo
HRANA ZA MAÈKE POESIE BAK.85 g;308253;Vitakraft;0.0850;kg;.72;8.47;;;02.05.2025;.72;4008239366665;Proizvodi za kuæanstvo
HRANA ZA MAÈKE POESIE GOV.85 g;308257;Vitakraft;0.0850;kg;.72;8.47;;;02.05.2025;.72;4008239366641;Proizvodi za kuæanstvo
HRANA ZA MAÈKE POESIE PIL.85 g;308258;Vitakraft;0.0850;kg;.72;8.47;;;02.05.2025;.72;4008239366627;Proizvodi za kuæanstvo
HRANA ZA MAÈKE POESIE PUR.85 g;308259;Vitakraft;0.0850;kg;.72;8.47;;;02.05.2025;.72;4008239366634;Proizvodi za kuæanstvo
HRANA ZA MAÈ.POE.KITT.PIL.85 g;308262;Vitakraft;0.0850;kg;.72;8.47;;;02.05.2025;.72;4008239366689;Proizvodi za kuæanstvo
KEKSI ZA PSE VITA MIX 300 g;308267;Vitakraft;0.3000;kg;2.99;9.97;;;02.05.2025;3.05;8007229348946;Proizvodi za kuæanstvo
VREÆICE ZA IZMET 3X15 KOM;308273;;3.0000;kom;4.29;1.43;;;02.05.2025;4.24;4008239583321;Proizvodi za kuæanstvo
OVRATNIK ZA PSE 30-45 cm;308275;Vitakraft;1.0000;kom;5.49;5.49;;;02.05.2025;5.44;4008239141736;Proizvodi za kuæanstvo
VREÆICE ZA IZMET 3X20 KOM;308276;Vitakraft;3.0000;kom;2.39;0.80;;;02.05.2025;2.39;8007229009557;Proizvodi za kuæanstvo
MUSLI N.PUR AMARAN/BADEM 375 g;308294;Natur pur;0.3750;kg;3.71;9.89;;;02.05.2025;3.71;9100000822563;Hrana
MUSLI N.PUR QUINOA/KOKOS 375 g;308296;Natur pur;0.3750;kg;3.79;10.11;;;02.05.2025;3.71;9100000822587;Hrana
MAK MLJEVENI NATUR PUR 200 g;308299;SPAR Natur*pur;0.2000;kg;2.38;11.90;;;02.05.2025;2.38;9100000825137;Hrana
BOMBONI NEGRO 200 g;308313;Negro;0.2000;kg;2.39;11.95;;;02.05.2025;2.39;8602300219681;Hrana
BOMBONI BEBETO SPAGH.COLA 80 g;308317;Bebeto;0.0800;kg;0.99;12.38;;;02.05.2025;0.99;8690146085164;Hrana
SIR CHEDDAR CRVENI REZAN.150 g;308327;;0.1500;kg;3.19;21.27;;;02.05.2025;3.19;5902431270432;Hrana
DESER.MONTE WHITE ZOTT 4x100 g;308331;Zott;0.4000;kg;2.65;6.63;;;02.05.2025;2.65;4014500512747;Hrana
SIR KREM ÈILI VIVIS 100 g;308333;;0.1000;kg;1.29;12.90;;;02.05.2025;1.29;3850108058949;Hrana
ÈAJNO PECIVO VI©NJA 300 g;308334;;0.3000;kg;3.49;11.63;;;02.05.2025;3.49;3859888257481;Hrana
TORTINA MLIJEÈNA S-BUDGET 305g;308339;S-BUDGET;0.3050;kg;1.77;5.80;;;02.05.2025;1.77;3856021205361;Hrana
TORTINA KAKAO S-BUDGET 305 g;308341;S-BUDGET;0.3050;kg;1.77;5.80;;;02.05.2025;1.77;3856021205347;Hrana
ROLADA S-BUDGET LJE©NJAK 305 g;308343;S-BUDGET;0.3050;kg;1.28;4.20;;;02.05.2025;1.28;3856021205323;Hrana
ROLADA S-BUDGET ÈOKOLADA 305 g;308344;S-BUDGET;0.3050;kg;1.28;4.20;;;02.05.2025;1.28;3856021205309;Hrana
SLANINA NIKO cca 800 g VP;308360;Niko;1.0000;kg;13.99;13.99;;;02.05.2025;13.99;3859898991450;Hrana
HRENOVKA POLI KOKTEL 330 g;308364;Poli;0.3300;kg;2.25;6.82;;;02.05.2025;2.25;3850220153942;Hrana
©UNKA SUHA DALMAT.NAR. 100 g;308374;Pivac;0.1000;kg;3.39;33.90;;;02.05.2025;3.39;3858890183917;Hrana
DJEÈJI ÈAJ CICIBAN 40 g;308412;Podravka;0.0400;kg;2.09;52.25;;;02.05.2025;2.05;3850104073908;Piæa
ÈOK.MILKA ALPSKO MLIJEKO 270 g;308418;Milka;0.2700;kg;5.99;22.19;;;02.05.2025;5.99;7622210702562;Hrana
ÈOKOLADA MILKA NOISETTE 270 g;308419;Milka;0.2700;kg;6.79;25.15;;;02.05.2025;6.79;7622210702593;Hrana
MICELARNA PJENA OLIVAL 175 ml;308486;Olival;0.1750;L;5.99;34.23;;;02.05.2025;5.99;3859893186318;Kozmetika
MICELARNI GEL OLIVAL 200 ml;308487;Olival;0.2000;L;5.39;26.95;;;02.05.2025;5.39;3859893186363;Kozmetika
KOBASICA ZA KUH. I PEÈ. 300 g;308494;Gavrilovic;0.3000;kg;4.25;14.17;;;02.05.2025;4.25;3858890209884;Hrana
TATARSKI BIFTEK 200 g;308509;MCL Mesni center Luka;0.2000;kg;5.77;28.85;;;02.05.2025;5.77;3830067860012;Hrana
ZASEKA DOMAÆA DIMLJENA 250 g;308513;MCL Mesni center Luka;1.0000;kg;3.29;3.29;;;02.05.2025;3.29;3830067860036;Hrana
ÈVARCI 200 g;308559;Silma;0.2000;kg;3.98;19.90;;;02.05.2025;3.98;3859892782009;Hrana
©LJIVA SUHA BEZ KO©.SPAR 200 g;308561;SPAR;0.2000;kg;1.99;9.95;;;02.05.2025;1.89;8710671151926;Hrana
DATULJA SUHA BEZ K.SPAR 200 g;308562;SPAR;0.2000;kg;1.59;7.95;;;02.05.2025;1.59;8710671151988;Hrana
VODKA GREY GOOSE 0,7 L;308603;;0.7000;L;58.02;82.89;;;02.05.2025;58.02;5010677850100;Piæa
KUKURUZNA KRUPICA LARA 1000 g;308619;;1.0000;kg;1.99;1.99;;;02.05.2025;1.98;3859892259426;Hrana
VL.MAR.BLISTA UNIVERZALNE 2+1;308622;Blista;150.0000;kom;2.65;0.02;;;02.05.2025;2.65;3859890063551;Sredstva za èi¹æenje
D®EM BAKINA TAJNA MALINA 375 g;308647;Bakina Tajna;0.3750;kg;5.99;15.97;;;02.05.2025;5.99;8606011031228;Hrana
PR©UT NAREZAK 500 g;308664;Dobro;0.5000;kg;16.99;33.98;;;02.05.2025;11.99;3850133800780;Hrana
GRIS INSTANT FRANCK 400 g;308682;Franck;0.4000;kg;1.69;4.23;;;02.05.2025;1.69;3858881081598;Hrana
GRIS INSTANT FRANCK 200 g;308683;Franck;0.2000;kg;1.09;5.45;;;02.05.2025;1.09;3858881086401;Hrana
CORNFLAKES SANTE 500 g;308684;;0.5000;kg;2.79;5.58;;;02.05.2025;2.79;5900617031457;Hrana
PREZ.DUREX EXTRA SAFE 18/1;308687;Durex;18.0000;kom;13.45;0.75;;;02.05.2025;13.45;5052197056259;Toaletne potrep¹tine
PREZ.DUREX FEEL INTIMATE 18/1;308688;Durex;18.0000;kom;14.95;0.83;;;02.05.2025;14.95;5052197056228;Toaletne potrep¹tine
GRANOLA SANTE FRUIT 350 g;308689;;0.3500;kg;3.90;11.14;;;02.05.2025;3.90;5900617002969;Hrana
GRANOLA SANTE ÈOKOLADA 350 g;308690;;0.3500;kg;3.90;11.14;;;02.05.2025;3.90;5900617002983;Hrana
CRUNCHY SANTE ÈOK.BANANA 350 g;308691;;0.3500;kg;3.49;9.97;;;02.05.2025;3.49;5900617002617;Hrana
JEÈM.PAH.SANTE FIT 225 g;308693;;0.2250;kg;3.19;14.18;;;02.05.2025;3.19;5900617030788;Hrana
LOSOS PACIFIÈKI MSC FROZY 450g;308704;;0.4500;kg;7.49;16.64;;;02.05.2025;7.49;3858891042008;Hrana
TJEST.S-BUDGET ASIA 121 g;308706;S-BUDGET;0.1210;kg;;9.01;1.09;1.69;02.05.2025;1.69;9100000775241;Hrana
TJEST.S-BUDGET GLJIVE 170 g;308707;S-Budget;0.1700;kg;;6.41;1.09;1.69;02.05.2025;1.69;9100000737706;Hrana
TJEST.S-BUDGET RAJÈICA 170 g;308714;S-Budget;0.1700;kg;;6.41;1.09;1.69;02.05.2025;1.69;9100000737683;Hrana
TJEST.S-BUDGET BOLOGNESE 170 g;308715;S-Budget;0.1700;kg;;6.41;1.09;1.69;02.05.2025;1.69;9100000775265;Hrana
RAJ.PASIR.VITAL 600 g(3x200 g);308717;SPAR Vital;0.6000;kg;1.99;3.32;;;02.05.2025;1.99;9100000776538;Hrana
DOBRA ZOB.KA©A ÈOKOLADA 260 g;308727;;0.2600;kg;3.29;12.65;;;02.05.2025;3.29;8595054901110;Hrana
ÈAJ SPAR KOMORAÈ 50 g;308731;SPAR;0.0500;kg;1.69;33.80;;;02.05.2025;1.69;9100100122709;Piæa
KULEN RAVNI DOBRO NAREZAK 80 g;308761;Dobro;0.0800;kg;1.79;22.38;;;02.05.2025;1.79;3850133804221;Hrana
BLAZ.JASMIN  NATURE OVAL 50/1;308809;Jasmin;50.0000;kom;1.65;0.03;;;02.05.2025;1.65;3838985880976;Toaletne potrep¹tine
PANCETA DOBRO VP CCA. 350 g;309016;Dobro;1.0000;kg;17.99;17.99;;;02.05.2025;21.99;3850133812509;Hrana
MLJEV.KAVA ANAMARIA 400 g;309139;Anamarija;0.4000;kg;7.79;19.48;;;02.05.2025;7.79;3858881775275;Piæa
GEL TU©.S BUDGET ALOE VERA 1 L;309151;S-Budget;1.0000;L;1.69;1.69;;;02.05.2025;1.69;9100000015729;Kozmetika
PRALINE GOURMAND MORS.©K.250 g;309226;SPAR Qualitätsmarke;0.2500;kg;3.49;13.96;;;02.05.2025;3.49;8710671152398;Hrana
PROTEIN.ZOBENA KA©A BOROV.65 g;309230;Encian;0.0650;kg;1.59;24.46;;;02.05.2025;1.59;3858890102697;Hrana
MUESLI PROTEINSKI 350 g;309232;Encian;0.3500;kg;6.49;18.54;;;02.05.2025;6.49;3858890103038;Hrana
ÈAJ AGRISTAR LAKU NOÆ 50 g;309233;Agristar;0.0500;kg;2.45;49.00;;;02.05.2025;2.45;3858886505013;Piæa
ÈAJ AGRISTAR SEDAM BILJ. 50 g;309234;Agristar;0.0500;kg;2.49;49.80;;;02.05.2025;2.49;3858886505006;Piæa
BRA©NO PROSENO BIO ENCI.250 g;309235;Encian;0.2500;kg;2.49;9.96;;;02.05.2025;2.49;3858890102994;Hrana
BRA©NO LANENO BIO ENCIAN 250 g;309237;Encian;0.2500;kg;2.99;11.96;;;02.05.2025;2.99;3858890103021;Hrana
BRA©NO ZOBENO BIO ENCIAN 250 g;309238;Encian;0.2500;kg;2.49;9.96;;;02.05.2025;2.49;3858890102987;Hrana
ÈAJ DARVITALIS VRKUTA BIO 40 g;309239;Darvitalis;0.0400;kg;3.99;99.75;;;02.05.2025;3.99;3858890830330;Piæa
ÈAJ DARVITALIS STOLIS.BIO 40 g;309240;Darvitalis;0.0400;kg;3.99;99.75;;;02.05.2025;3.99;3858890830422;Piæa
ÈAJ DARVITA. KOPRIVA BIO 40 g;309241;Darvitalis;0.0400;kg;3.99;99.75;;;02.05.2025;3.99;3858890830484;Piæa
ÈAJ DARVITALIS VRBOV.BIO 40 g;309242;Darvitalis;0.0400;kg;3.99;99.75;;;02.05.2025;3.99;3858890830453;Piæa
ÈAJ DARVITALIS ZELENI BIO 40 g;309243;Darvitalis;0.0400;kg;3.99;99.75;;;02.05.2025;3.99;3858890830576;Piæa
ÈAJ AGRISTAR VRBOVICA 30 g;309246;Agristar;0.0300;kg;1.85;61.67;;;02.05.2025;1.85;3858886504979;Piæa
ÈOKOLADA KINDER DELICE 156 g;309250;Kinder;0.1560;kg;2.69;17.24;;;02.05.2025;2.69;8000500264379;Hrana
ÈOKOLADA KINDER MAXI 42 g;309251;Kinder;0.0420;kg;1.05;25.00;;;02.05.2025;1.05;4008400224022;Hrana
NAMAZ PREMIUM LJE©NJAK 350 g;309253;Premium;0.3500;kg;5.99;17.11;;;02.05.2025;5.99;9100000824734;Hrana
SMJESA ZA PALAÈINKE 250 g;309264;Dr. Oetker;0.2500;kg;2.49;9.96;;;02.05.2025;2.49;5997381362290;Hrana
©A.GARNIER FRUCTIS ALOE 250 ml;309348;Garnier;0.2500;L;3.39;13.56;;;02.05.2025;3.39;3600542134736;Kozmetika
RE.GARNIER FRUCTIS ALOE 250 ml;309349;Garnier;0.2500;L;3.29;13.16;;;02.05.2025;3.29;3600542134835;Kozmetika
©TRUDLA SPAR MIJE©.VOÆE 252 g;309366;SPAR Qualitätsmarke;0.2520;kg;1.19;4.72;;;02.05.2025;1.19;3856021205200;Hrana
©TRUDLA SPAR SMOKVA 252 g;309368;SPAR;0.2520;kg;1.19;4.72;;;02.05.2025;1.19;3856021205187;Hrana
ÈAJ PODRAVKA ÐUMBIR LIMUN 40 g;309381;Podravka;0.0400;kg;2.55;63.75;;;02.05.2025;2.55;3856020205331;Piæa
ÈAJ PODRAVKA PLANINSKI 44 g;309384;Podravka;0.0440;kg;2.15;48.86;;;02.05.2025;2.15;3856020205270;Piæa
VL.MAR.BLISTA SANICLEAN 40/1;309387;Blista;40.0000;kom;1.89;0.05;;;02.05.2025;1.89;3859890063315;Sredstva za èi¹æenje
VL.MAR.BLISTA DRVO 50/1;309388;Blista;50.0000;kom;1.89;0.04;;;02.05.2025;1.89;3859890063476;Sredstva za èi¹æenje
BALZAM EVELINE BOTANIC 350 ml;309421;Eveline;0.3500;L;4.79;13.69;;;02.05.2025;4.79;5901761949391;Kozmetika
UMAK NATUR PUR ÈE©NJAK 350 g;309427;Spar Natur pur;0.3500;kg;2.99;8.54;;;02.05.2025;2.99;9100000819365;Hrana
ZRNA KAVE SPAR 75 g;309437;SPAR;0.0750;kg;2.79;37.20;;;02.05.2025;2.79;9100000824864;Hrana
KOMADIÆI MLIJ.ÈOK. SPAR 100 g;309438;SPAR;0.1000;kg;2.79;27.90;;;02.05.2025;2.79;9100000824888;Hrana
ROLICE ÈOK.SPAR 80 g;309440;SPAR;0.0800;kg;2.79;34.88;;;02.05.2025;2.79;9100000826028;Hrana
ÈOKOLADNA SRCA SPAR 80 g;309441;SPAR;0.0800;kg;2.79;34.88;;;02.05.2025;2.79;9100000826042;Hrana
GAZIRANO PIÆE COCKTA 0,5 L;309448;Cockta;0.5000;L;1.22;2.44;;;02.05.2025;1.22;3838471032476;Piæa
PIVO KOZEL SVIJETLO 0,5 L P.A;309449;Kozel;0.5000;L;1.25;2.50;;;02.05.2025;1.25;8594404005096;Piæa
PIVO KOZEL TAMNO 0,5 L P.A.;309450;Kozel;0.5000;L;1.25;2.50;;;02.05.2025;1.25;8594404001418;Piæa
TP ZEWA DELICATE CARE 3SL.16/1;309456;Zewa;16.0000;kom;5.99;0.37;;;02.05.2025;4.99;7322540313321;Toaletne potrep¹tine
MASLINE PREMIUM VELIKE 530 g;309471;SPAR PREMIUM;0.3100;kg;3.39;10.94;;;02.05.2025;3.39;8001300235224;Hrana
TORTA SACHER 750g;309476;;0.7500;kg;10.19;13.59;;;02.05.2025;10.19;3830042310037;Hrana
GAZIRANO PIÆE COCKTA ORI.1,5 L;309477;Cockta;1.5000;L;1.78;1.19;;;02.05.2025;1.45;3838471032537;Piæa
KRUH SJEME BEZ GLUTENA 400 g;309479;;0.4000;kg;;9.98;3.99;4.75;02.05.2025;4.75;3859893064142;Hrana
KRUH VITAL BEZ GLUTENA 300 g;309481;;0.3000;kg;4.89;16.30;;;02.05.2025;4.89;3859893064340;Hrana
CIKLA S-BUDGET REZANA 1600 g;309494;S-Budget;0.9000;kg;4.19;4.66;;;02.05.2025;4.19;3856021205781;Hrana
ZOBENA KA©A MY LIFE ÈOK.65 g ;309497;My Life;0.0650;kg;0.75;11.54;;;02.05.2025;0.75;3858891292045;Hrana
JUHA JETR.KNEDLI S-BUD.400 g;309500;S-Budget;0.4000;kg;2.19;5.48;;;02.05.2025;2.19;9100000050218;Hrana
ZOB.KA©A MY LIFE ©UM.VOÆE 65 g;309502;My Life;0.0650;kg;0.75;11.54;;;02.05.2025;0.75;3858891292007;Hrana
JUHA S GRAHOM S-BUDGET 400 g;309507;S-Budget;0.4000;kg;2.19;5.48;;;02.05.2025;2.19;9100000050188;Hrana
ZOB.KA©A MY LIFE MALINA 65 g ;309510;My Life;0.0650;kg;0.75;11.54;;;02.05.2025;0.75;3858891292052;Hrana
ZOBENA KA©A MY LIFE LJE©.65 g ;309512;My Life;0.0650;kg;0.75;11.54;;;02.05.2025;0.75;3858891292069;Hrana
GOVEÐI GULA© S-BUDGET 400 g;309513;S-Budget;0.4000;kg;3.19;7.98;;;02.05.2025;3.19;9100000061382;Hrana
DESPAR NEKTAR BANANA-JABUK.1 L;309540;Despar;1.0000;L;1.99;1.99;;;02.05.2025;2.02;8001300151982;Piæa
PREMIUM SOK OD ANANASA 0,75 L;309545;SPAR PREMIUM;0.7500;L;2.49;3.32;;;02.05.2025;2.52;8001300150619;Piæa
PREMIUM SOK OD JABUKE 0,75 L;309546;SPAR PREMIUM;0.7500;L;2.49;3.32;;;02.05.2025;2.52;8001300150626;Piæa
PREMIUM SOK OD NARANÈE 0,75 L;309548;SPAR PREMIUM;0.7500;L;2.49;3.32;;;02.05.2025;2.52;8001300150602;Piæa
ÈIPS S BUDGET VRHNJE 175 g;309550;S-Budget;0.1750;kg;2.49;14.23;;;02.05.2025;2.49;9100000784137;Hrana
ÈIPS S BUDGET SLANI 175 g;309552;S-Budget;0.1750;kg;2.49;14.23;;;02.05.2025;2.49;9100000784151;Hrana
ÈIPS S BUDGET PAPRIKA 175 g;309555;S-Budget;0.1750;kg;2.49;14.23;;;02.05.2025;2.49;9100000784175;Hrana
VINO CAMEMBERT 0,75 L;309574;;0.7500;L;6.59;8.79;;;02.05.2025;6.59;3263280117838;Piæa
ULO©CI PAMINA NORMAL PLUS 20/1;309609;Pamina;20.0000;kom;1.29;0.06;;;02.05.2025;1.22;9100000946917;Toaletne potrep¹tine
ULO©CI PAMINA SUPER PLUS 14/1;309610;Pamina;14.0000;kom;1.69;0.12;;;02.05.2025;1.75;9100000946870;Toaletne potrep¹tine
BIO KLICE ROTKVICE 70 g;309612;;0.0700;kg;2.19;31.29;;;02.05.2025;2.19;3857500059482;Hrana
BIO KLICE BROKULE 70 g;309613;;0.0700;kg;2.19;31.29;;;02.05.2025;2.19;3857500059468;Hrana
ÈIPS FREE FROM MORS.SOL 100 g;309630;SPAR free from;0.1000;kg;2.99;29.90;;;02.05.2025;2.99;9100000822839;Hrana
DEO SPRAY AXE GOLD 150 ml;309633;Axe;0.1500;L;4.55;30.33;;;02.05.2025;4.55;8710447249017;Kozmetika
KAVA LAVAZZA QUALIT.ROSSA 500g;309660;Lavazza;0.5000;kg;14.69;29.38;;;02.05.2025;14.69;8000070036598;Piæa
ROLL-ON DOVE INVISIBLE 50 ml;309671;Dove;0.0500;L;5.20;104.00;;;02.05.2025;5.20;59095958;Kozmetika
DEO STICK DOVE INVISIBLE 40 ml;309683;Dove;1.0000;kom;5.20;5.20;;;02.05.2025;5.20;87342765;Kozmetika
LED.ÈAJ FUZE LIMUN.TRAVA 1,5 L;309685;;1.5000;L;1.75;1.17;;;02.05.2025;1.75;5449000239266;Piæa
DEO SP.DOVE INVISIBLE C.150 ml;309686;Dove;0.1500;L;5.20;34.67;;;02.05.2025;5.20;8720181291562;Kozmetika
LED.ÈAJ FUZE LIMUN.TRAVA 0,5 L;309687;;0.5000;L;1.25;2.50;;;02.05.2025;1.25;5449000239181;Piæa
LED.ÈAJ FUZE BRESKVA 0,5 L;309689;;0.5000;L;1.25;2.50;;;02.05.2025;1.25;5449000239204;Piæa
TUNA S-BUDGET SUNC.ULJE 6X80 g;309690;S-Budget;0.3120;kg;5.99;19.20;;;02.05.2025;5.99;8033954551559;Hrana
LED. ÈAJ FUZE ©UMSK.VOÆE 0,5 L;309691;;0.5000;L;1.25;2.50;;;02.05.2025;1.25;5449000239167;Piæa
LED.ÈAJ FUZE ©UMSK.VOÆE 1,5 L ;309692;;1.5000;L;1.75;1.17;;;02.05.2025;1.75;5449000239303;Piæa
LEDENI ÈAJ FUZE BRESKVA 1,5 L;309694;;1.5000;L;1.75;1.17;;;02.05.2025;1.75;5449000239280;Piæa
KOMPOT NATUR PUR ANANAS 350 g.;309696;Natur pur;0.2000;kg;2.99;14.95;;;02.05.2025;3.99;9100000794778;Hrana
KAVA LAVAZZA CREMA E GUS.500g;309698;Lavazza;0.5000;kg;13.49;26.98;;;02.05.2025;13.49;8000070038875;Piæa
OSV.SPLENDID ZA PER.POSUÐA 3/1;309707;Splendid;3.0000;kom;1.99;0.66;;;02.05.2025;2.12;9100000746715;Sredstva za èi¹æenje
MODELIRAJUÆA GLINA TAFT 75 ml;309732;Taft;0.0750;L;4.39;58.53;;4.39;02.05.2025;4.19;9000101206012;Kozmetika
RAFFAELLO SRCE 140g;309740;Rafaello;0.1400;kg;3.99;28.50;;3.99;02.05.2025;3.99;4008400181424;Hrana
VINO ROSE KV.ERDUT  0,75 L;309742;;0.7500;L;6.99;9.32;;;02.05.2025;6.99;3859889193177;Piæa
DEO SPRAY FA FIJI DREAM 150 ml;309747;Fa;0.1500;L;3.20;21.33;;;02.05.2025;3.20;9000101092226;Kozmetika
BOJA PALETTE PNC BE®-PLAVA 9-1;309772;Palette;1.0000;kom;;3.29;3.29;3.89;02.05.2025;3.89;9000101206630;Kozmetika
REG.GLISS SUPRE.LENGHT 200 ml;309776;Gliss;0.2000;L;4.69;23.45;;;02.05.2025;4.69;9000101201185;Kozmetika
REG.GLISS EXPRESS REPA.200 ml;309777;Gliss;0.2000;L;5.59;27.95;;;02.05.2025;5.59;9000101201376;Kozmetika
BOJA SYOSS OLEO BE® PLAVA 8-05;309785;Syoss;1.0000;kom;6.79;6.79;;;02.05.2025;6.49;9000100840965;Kozmetika
BOJA SYOSS OLEO MED.PLAVA 8-60;309790;Syoss;1.0000;kom;6.79;6.79;;;02.05.2025;6.49;9000101086652;Kozmetika
BOJA SYOSS ULTRA P.PLAVA 10-55;309793;Syoss;1.0000;kom;6.19;6.19;;;02.05.2025;5.59;9000101210453;Kozmetika
BOJA SYOSS HLADNA PLAVA 12-59;309796;Syoss;1.0000;kom;6.19;6.19;;;02.05.2025;5.59;9000101210521;Kozmetika
ARTIÈOKE S-BUDGET GRILL 280 g;309838;S-Budget;0.1700;kg;2.69;15.82;;;02.05.2025;2.69;9100000802367;Hrana
RAJÈICA S-BUDGET SU©ENA 280 g;309841;S-Budget;0.1600;kg;2.99;18.69;;;02.05.2025;2.99;9100000802404;Hrana
©LJIVA SUHA NATURA B.K.500 g;309857;Natura;0.5000;kg;6.10;12.20;;;02.05.2025;6.10;3859890587323;Hrana
KAVA NESCAFE DG.COR.3X100,8g;309858;Nestle;0.3024;kg;12.99;42.96;;12.99;02.05.2025;14.99;7613287379306;Piæa
DIVLJA BRUSNICA S-BUDGET 400 g;309883;S-Budget;0.4000;kg;2.49;6.23;;;02.05.2025;2.49;9100000802466;Hrana
VODA FIJI 1 L;309944;;1.0000;L;4.02;4.02;;;02.05.2025;4.02;9417574000113;Piæa
VODA ROEMERQUELLE 1,5 L;309948;Römerquelle;1.5000;L;.98;0.65;;;02.05.2025;.98;9031100004187;Piæa
PITA JABUKA 1000g;309953;;1.0000;kg;12.99;12.99;;;02.05.2025;12.99;5413476999221;Hrana
SLADOLED HD MACAD.©TAPIÆ 80 ml;309977;Häagen Dazs;0.0800;L;2.39;29.88;;;02.05.2025;2.39;3415587421839;Hrana
DEO SP.MEN EXPERT SHIRT 150 ml;310046;LOREAL;0.1500;L;;26.60;3.99;4.79;02.05.2025;4.79;3600523595556;Kozmetika
DEO S.MEN EXPE.THERMIC 150 ml;310047;LOREAL;0.1500;L;;26.60;3.99;4.79;02.05.2025;4.79;3600523595563;Kozmetika
ROLL-ON MEN EXPERT THER.50 ml ;310054;LOREAL;0.0500;L;;79.80;3.99;4.79;02.05.2025;4.79;3600523595518;Kozmetika
ROLL-ON MEN EXPERT CARB.50 ml ;310055;LOREAL;0.0500;L;;79.80;3.99;4.79;02.05.2025;4.79;3600523595600;Kozmetika
ROLL-ON MEN EXPERT SHIRT 50 ml;310056;LOREAL;0.0500;L;;79.80;3.99;4.79;02.05.2025;4.79;3600523595617;Kozmetika
MICELARNA OTOPIN.OLIVAL 200 ml;310133;Olival;0.2000;L;3.89;19.45;;;02.05.2025;3.89;3859893186448;Kozmetika
FLIPS PUFULETI GUSTO 85 g;310174;GUSTO;0.0850;kg;0.94;11.06;;;02.05.2025;0.94;5941868200087;Hrana
KREMA AFRODITA CALENDUL.150 ml;310252;Afrodita;0.1500;L;4.99;33.27;;;02.05.2025;4.99;3830001291919;Kozmetika
BADEMI SL.PR®.OLJU©.SPAR 125 g;310260;SPAR;0.1250;kg;2.29;18.32;;;02.05.2025;2.29;9100000827469;Hrana
PIVO BENEDIKTINER P©ENIÈ.0,5 L;310261;Benediktiner;0.5000;L;2.02;4.04;;;02.05.2025;2.02;4052197001281;Piæa
PIVO BITBURGER LIMENKA 0,5L;310263;Bitburger;0.5000;L;2.02;4.04;;;02.05.2025;2.02;41024355;Piæa
MANGO POL.SPAR VITAL BIO 200 g;310264;SPAR Vital;0.2000;kg;5.99;29.95;;;02.05.2025;5.7;9100000996202;Hrana
SMOKVA SU©ENA SPAR 200 g;310265;SPAR;0.2000;kg;2.19;10.95;;;02.05.2025;2.19;8710671151964;Hrana
CAPPUCCINO FRANCK NOUGAT 148 g;310270;Franck;0.1480;kg;3.89;26.28;;;02.05.2025;3.89;3858881088627;Piæa
©AMP.BOTANIC THERA.HON.400 ml;310305;Bothanic therapy;0.4000;L;4.49;11.23;;;02.05.2025;4.49;3600542114240;Kozmetika
REG.BOTANIC THERAPY HO. 200 ml;310306;Bothanic therapy;0.2000;L;3.59;17.95;;;02.05.2025;3.59;3600542114127;Kozmetika
©AMP.BOTANIC THERAPY RI.400 ml;310312;Bothanic therapy;0.4000;L;4.49;11.23;;;02.05.2025;4.49;3600542114400;Kozmetika
GEL WC BREF LEMONITTA 700 ml;310313;Bref;0.7000;L;2.29;3.27;;;02.05.2025;2.29;9000101312218;Sredstva za èi¹æenje
REG.BOTANIC THERAPY RIC 200 ml;310314;Bothanic therapy;0.2000;L;3.59;17.95;;;02.05.2025;3.59;3600542114448;Kozmetika
USKR©NJE JAJE VELIKO CHO.200 g;310318;;0.2000;kg;;4.95;0.99;1.99;02.05.2025;1.99;6424337000443;Hrana
BRE.10XEFFEC.TOTAL PROT.700 ml;310336;Bref;0.7000;L;2.29;3.27;;;02.05.2025;2.29;9000101311297;Sredstva za èi¹æenje
Baguette bijeli S-Budget 250 g;310377;S-BUDGET;0.2500;kg;0.49;1.96;;;02.05.2025;0.49;1499;Hrana
Baguette kukuruzni S-Budg.250g;310379;S-BUDGET;0.2500;kg;0.86;3.44;;;02.05.2025;0.86;1497;Hrana
Baguette s maslin.S-Budg.250 g;310380;S-BUDGET;0.2500;kg;0.95;3.80;;;02.05.2025;0.95;1498;Hrana
BLAZINICE VATE TO.TO 60/1;310436;Jasmin Nature;60.0000;kom;2.99;0.05;;;02.05.2025;2.99;3838985882109;Toaletne potrep¹tine
JUICE VINDI RAJÈICA 100% 1 L;310439;;1.0000;L;1.99;1.99;;;02.05.2025;1.99;3850108074949;Piæa
TORTELL.S RICO./©PINA.FK 250 g;310459;SPAR Feine Küche;0.2500;kg;1.99;7.96;;;02.05.2025;1.99;9100000104065;Hrana
NAP.MLI.VAN.SPAR 1,5%mm.250 ml;310460;SPAR Qualitätsmarke;0.2500;L;.79;3.16;;;02.05.2025;.79;9100000825786;Piæa
PIÆE ALOE VERA MANGO 0,5 L;310464;;0.5000;L;1.78;3.56;;;02.05.2025;1.78;8801056024376;Piæa
VRHNJE CREME-FRAICHE SB 150 g;310476;S-BUDGET;0.1500;kg;0.89;5.93;;;02.05.2025;0.89;9100000113043;Hrana
DVOPEK S-BUDGET CLASSIC 640 g;310496;S-BUDGET;0.6400;kg;2.39;3.73;;;02.05.2025;2.39;8033954553966;Hrana
MJE©AVINA SVJE®IH KOLAÈA 370 g;310659;;0.3700;kg;5.29;14.30;;;02.05.2025;5.29;3858889615733;Hrana
MASKA EVELINE FACEMAD 2x5 ml;310692;Eveline;2.0000;kom;1.19;0.60;;;02.05.2025;1.19;5901761955286;Kozmetika
SIR GOUDA REZ.NP BIO 175 g;310711;SPAR Natur*pur;0.1750;kg;2.99;17.09;;;02.05.2025;2.99;9100000890746;Hrana
FOLIJA ALUMINIJSKA 8m;310714;;1.0000;kom;2.99;2.99;;;02.05.2025;2.99;8009986016663;Proizvodi za kuæanstvo
FOLIJA ALUMINIJSKA 30 m;310715;;1.0000;kom;5.99;5.99;;;02.05.2025;5.99;8009986016670;Proizvodi za kuæanstvo
FOLIJA ALUMINIJSKA 50m;310717;;1.0000;kom;14.99;14.99;;;02.05.2025;14.99;8009986016687;Proizvodi za kuæanstvo
PAPIR ZA PEÈENJE 8m;310718;;1.0000;kom;2.79;2.79;;;02.05.2025;2.79;8009986016694;Proizvodi za kuæanstvo
FOLIJA PRIJANJAJUÆA 30m;310720;;1.0000;kom;2.79;2.79;;;02.05.2025;2.79;8009986016700;Proizvodi za kuæanstvo
FOLIJA PRIJANJAJUÆA 60m;310721;;1.0000;kom;2.79;2.79;;;02.05.2025;2.79;8009986016717;Proizvodi za kuæanstvo
KRPA SPU®VASTA ANTIFUNGI 3/1;310734;;3.0000;kom;2.79;0.93;;;02.05.2025;2.79;9001378424499;Proizvodi za kuæanstvo
ÈOKOLADNI ZEC ROCHER 60 g;310743;Ferrero;0.0600;kg;;8.17;0.49;0.99;02.05.2025;0.99;4008400173825;Hrana
ÈOKOLADA KINDER MIX 133 g;310745;Kinder;0.1330;kg;;30.00;3.99;8.49;02.05.2025;8.49;4008400271323;Hrana
LIZALICE MIKS POP UP 10 g;310799;Ajax;0.0100;kg;2.69;269.00;;;02.05.2025;2.69;8714786258969;Hrana
KRUH SCHAR PAN BLANCO 250 g;310839;Schar;0.2500;kg;2.39;9.56;;;02.05.2025;2.39;8008698024065;Hrana
KRUH SCHAR PAN RUST. BG.250 g;310841;Schar;0.2500;kg;2.89;11.56;;;02.05.2025;2.89;8008698024188;Hrana
D®EM BAKINA TAJNA ©IPAK 375 g;310845;Bakina Tajna;0.3750;kg;3.99;10.64;;;02.05.2025;3.99;8606102785368;Hrana
GOVEÐI NAREZAK ASCOMMER.100 g ;310846;Ascommerce;0.1000;kg;1.09;10.90;;;02.05.2025;1.09;3858881333918;Hrana
PILEÆI NAREZAK ASCOMER.100 g;310849;Ascommerce;0.1000;kg;1.09;10.90;;;02.05.2025;1.09;3858881333901;Hrana
LIZALICA S IGRAÈKOM TWIST 15 g;310862;Ajax;0.0150;kg;1.85;123.33;;;02.05.2025;1.85;4260332199063;Hrana
BOMBONI S IGRAÈ. PI©TOLJ 20 g;310868;Ajax;0.0200;kg;2.79;139.50;;;02.05.2025;2.79;8714786282803;Hrana
GUM.BOMBONI CANDY ©TAP.JA.80 g;310872;Ajax;0.0800;kg;1.39;17.38;;;02.05.2025;1.39;8422885001385;Hrana
GUM.BOMBONI CANDY POJ.©AR.75 g;310873;Ajax;0.0750;kg;1.39;18.53;;;02.05.2025;1.39;8422885074136;Hrana
KUPUS KIS BUÈ.ULJ.I ÈE©.250 g ;310894;;0.2200;kg;1.49;6.77;;;02.05.2025;1.49;3859891493630;Hrana
KUPUS KIS ÈE©NJ. I PAPR. 250 g;310895;;0.2200;kg;1.49;6.77;;;02.05.2025;1.49;3859891493623;Hrana
KUPUS KIS ÈE©NJ,PAP.CR.P 250 g;310897;;0.2200;kg;1.49;6.77;;;02.05.2025;1.49;3859891493609;Hrana
NEKTAR JUICY ANANAS 1 L;310898;Juicy;1.0000;L;2.49;2.49;;;02.05.2025;2.15;3858890970999;Piæa
GAZ.PIÆE COLA ZERO LEMON 0,5 L;310913;Coca-Cola;0.5000;L;1.19;2.38;;;02.05.2025;1.19;5449000247964;Piæa
GAZ.PIÆE COCA COLA ZERO 1,5 L;310916;Coca-Cola;1.5000;L;1.88;1.25;;;02.05.2025;1.88;5449000133335;Piæa
VINO TUSSOCK JUMPER MAL.0,75 L;310918;;0.7500;L;10.02;13.36;;;02.05.2025;10.02;3760204540128;Piæa
VINO TUSSOCK CAB.SAUVIG.0,75 L;310919;;0.7500;L;9.72;12.96;;;02.05.2025;9.72;3760204540227;Piæa
GAZ.PIÆE COLA ZERO LEMON 1 L;310933;Coca-Cola;1.0000;L;1.48;1.48;;;02.05.2025;1.48;5449000247988;Piæa
UNIV.MARAMICE SPLENDID 80/1;311002;Splendid;80.0000;kom;1.98;0.02;;;02.05.2025;1.98;9100000947235;Sredstva za èi¹æenje
MARELICA SUHA SPAR 200 g;311003;SPAR;0.2000;kg;2.49;12.45;;;02.05.2025;2.49;8710671151940;Hrana
KETCHUP SPAR BLAGI 650 g;311017;SPAR;0.6500;kg;;3.37;2.19;2.59;02.05.2025;2.59;9100000829272;Hrana
PIVO HOLSTEN 4X0,5 L LIMENKA;311019;Holsten;2.0000;L;3.81;1.91;;;02.05.2025;3.81;3858887581887;Piæa
VINO BELJE FRANKOVKA 0,75 L;311024;;0.7500;L;7.05;9.40;;;02.05.2025;7.05;3850257020514;Piæa
VINO PINOT B.KV.ILOÈ.P. 0,75 L;311026;;0.7500;L;6.89;9.19;;;02.05.2025;6.89;3859889556507;Piæa
VINO KAPISTRAN C. IL 0,75 L;311027;;0.7500;L;6.85;9.13;;;02.05.2025;6.85;3859892149277;Piæa
VINO LAGUNA MU©KAT RU®A 0,5 L;311029;;0.5000;L;11.88;23.76;;;02.05.2025;11.88;3858881191822;Piæa
VINO LAGUNA MU©KAT ®UTI 0,5 L;311030;;0.5000;L;9.19;18.38;;;02.05.2025;9.19;3858881191846;Piæa
VINO AMBRA VR. VERALDA 0,75 L;311039;;0.7500;L;17.95;23.93;;;02.05.2025;17.95;3859890332602;Piæa
VINO REFOSCO VR.VERALDA 0,75 L;311045;;0.7500;L;12.29;16.39;;;02.05.2025;12.29;3859890332619;Piæa
PJ.VINO ZERO BRUT VERAL.0,75 L;311047;;0.7500;L;20.22;26.96;;;02.05.2025;20.22;3859890332565;Piæa
VINO REFO©K XTRIAN VER. 0,75 L;311049;;0.7500;l;32.18;42.91;;;02.05.2025;32.18;3859890332596;Piæa
VINO ISTRIANA MALVAZIJA 0,75 L;311052;;0.7500;L;11.79;15.72;;;02.05.2025;11.79;3859890332633;Piæa
VINO VERALDA REFO©.ROSE 0.75 L;311053;;0.7500;L;9.78;13.04;;;02.05.2025;9.78;3859890332282;Piæa
VAFEL PLOÈ.LJE©.S BUDGET 120 g;311066;S-Budget;0.1200;kg;1.69;14.08;;;02.05.2025;1.69;9100000748764;Hrana
©LJIVA BIO NATUR PUR 200 g;311073;Spar Natur pur;0.2000;kg;3.71;18.55;;;02.05.2025;3.71;9100000830544;Hrana
VINO ENJIN.PINOT CR.KB 0,75 L;311089;;0.7500;L;13.92;18.56;;;02.05.2025;13.92;3859892375188;Piæa
SET SPU®VICA ZA SUÐE 3/1;311130;;3.0000;kom;1.19;0.40;;;02.05.2025;1.19;8009986003267;Proizvodi za kuæanstvo
PANCETA DIMLJENA NAREZAK 100 g;311145;KA®UN;0.1000;kg;2.59;25.90;;;02.05.2025;2.65;3858884936758;Hrana
PR©UT NAREZAK 100 g;311154;KA®UN;0.1000;kg;2.69;26.90;;;02.05.2025;2.79;3858884936710;Hrana
ULJE MASLINOVO OL ISTRI.0,25 L;311176;Ol Istria;0.2500;L;9.99;39.96;;;02.05.2025;8.79;3858881192485;Hrana
NAMAZ BAKALAR PREMIUM 165 g;311229;SPAR Premium;0.1650;kg;3.49;21.15;;;02.05.2025;3.49;3856021206207;Hrana
SIR ZRNATI FREE FROM 200 g;311361;SPAR free from;0.2000;kg;1.49;7.45;;;02.05.2025;1.49;9100000825700;Hrana
SIRNI NAMAZ NP BIO 200 g;311382;SPAR Natur*pur;0.2000;kg;2.25;11.25;;;02.05.2025;2.25;9100000829647;Hrana
RA©PA TITANIA 1040/6 1/1;311450;Titania;1.0000;kom;1.79;1.79;;;02.05.2025;1.79;3831016471952;Toaletne potrep¹tine
©AMPON S BUDGET P©ENICA 1 L;311481;S-Budget;1.0000;L;1.49;1.49;;;02.05.2025;1.49;9100000015767;Kozmetika
GAZ.PIÆE COCA COLA ZERO 0,33 L;311519;Coca-Cola;0.3300;L;1.22;3.70;;;02.05.2025;1.22;5449000214799;Piæa
TUNA SALATA GIANA TEXAS 185 g ;311520;Giana;0.1850;kg;2.39;12.92;;;02.05.2025;2.39;8595241502731;Hrana
TUNA SALATA GIANA ITALI.185 g;311521;Giana;0.1850;kg;2.39;12.92;;;02.05.2025;2.39;8595241503349;Hrana
SLANUTAK GIANA 400 g;311547;Giana;0.2400;kg;1.09;4.54;;;02.05.2025;1.06;8595241504872;Hrana
TUNA FJK ODREZAK U ULJU 2X80 g;311551;Franz Jozef Kaiser;0.1040;kg;2.69;25.87;;;02.05.2025;2.69;8595241510569;Hrana
GEL WC NET CRYSTAL PINK 750 ml;311552;Wc Net;0.7500;l;2.75;3.67;;;02.05.2025;2.75;8003650011954;Sredstva za èi¹æenje
TUNA FJK ODREZ.ULJE LIM.2X80 g;311554;Franz Jozef Kaiser;0.1040;kg;2.69;25.87;;;02.05.2025;2.69;8595241515243;Hrana
GEL WC NET CRYSTAL BLUE 750 ml;311556;Wc Net;0.7500;l;2.75;3.67;;;02.05.2025;2.75;8003650011930;Sredstva za èi¹æenje
MESNI NAREZAK S-BUDGET 100 g;311557;S-Budget;0.1000;kg;0.79;7.90;;;02.05.2025;0.79;3856021205651;Hrana
PA©TETA PODRAVKA KOKO©JA 95 g;311569;Podravka;0.0950;kg;1.29;13.58;;;02.05.2025;1.29;3858886469377;Hrana
EL.REFIL AIRWICK 19 ml ;311631;Airwick;1.0000;kom;4.89;4.89;;;02.05.2025;4.89;5999109542298;Sredstva za èi¹æenje
ARANCINI SPAR 100 g;311639;SPAR;0.1000;kg;1.09;10.90;;;02.05.2025;1.09;9100000825175;Hrana
MIX ARANCINA I CITR.SPAR 100 g;311640;SPAR;0.1000;kg;1.09;10.90;;;02.05.2025;1.09;9100000825199;Hrana
KANDIRANE TRE©NJE SPAR 100 g;311641;SPAR;0.1000;kg;1.99;19.90;;;02.05.2025;1.99;9100000825236;Hrana
CITRONAT SPAR 100 g;311642;SPAR;0.1000;kg;1.19;11.90;;;02.05.2025;1.19;9100000825212;Hrana
ULO©.LIBR.ULTRA THIN NOÆNI 8/1;311658;Libresse;8.0000;kom;1.99;0.25;;;02.05.2025;1.45;7322540918281;Toaletne potrep¹tine
PRA©AK SANYTOL 450 g;311676;Sanytol;0.4500;kg;6.99;15.53;;;02.05.2025;6.99;3045206382007;Sredstva za èi¹æenje
ELE.REFIL 3 VOL AMBI PUR 20 ml;311759;Ambi Pur;1.0000;kom;4.99;4.99;;;02.05.2025;4.99;4015600570637;Sredstva za èi¹æenje
ODSTR.©MINKE NIVEA PINK 125 ml;311771;Nivea;0.1250;L;8.59;68.72;;;02.05.2025;8.59;9005800348261;Kozmetika
TP ZEWA DELUXE 3SL.4/1;311792;Zewa;4.0000;kom;2.49;0.62;;;02.05.2025;2.49;7322540313369;Toaletne potrep¹tine
VINO CASA DE CAMPO CHAR.0,75 L;311826;;0.7500;L;4.99;6.65;;;02.05.2025;4.99;7804661041128;Piæa
ZUB.PASTA PARODONTAX 75 ml;311846;Parodontax;0.0750;L;;74.53;5.59;6.99;02.05.2025;6.99;5054563948403;Kozmetika
ZUB.PASTA PARODONTAX 75 ml;311847;Parodontax;0.0750;L;;74.53;5.59;6.99;02.05.2025;6.99;5054563948366;Kozmetika
MLIJEKO SUN KISS  F20 200ml;311876;Sun Kiss;0.2000;L;5.31;26.55;;;02.05.2025;5.31;9100000981994;Kozmetika
KAPSULE CAPPUCCINO DG 186,4 g;311928;Nescafe;0.1864;kg;5.29;28.38;;5.29;02.05.2025;6.49;7613036306270;Piæa
SALVETE JEDNOROG 20/1,33x33cm;311971;;20.0000;kom;2.65;0.13;;;02.05.2025;2.65;3858887181841;Proizvodi za kuæanstvo
Sir istarski tvrdi Andro;312087;;1.0000;kg;19.90;19.90;;;02.05.2025;19.90;3859892331597;Hrana
PRALINE KANDIT 280 g;312231;Kandit;0.2800;kg;3.99;14.25;;;02.05.2025;3.99;3858889866616;Hrana
LOSION NIVEA MEN DEEP 100 ml;312232;Nivea;0.1000;L;;84.50;8.45;11.29;02.05.2025;11.29;9005800297392;Kozmetika
GEL TU©.NIVEA MEN ROCK 500 ml;312235;Nivea;0.5000;L;5.99;11.98;;;02.05.2025;5.99;5900017062235;Kozmetika
KETCHUP SPAR LJUTI 650 g;312237;SPAR;0.6500;kg;;3.37;2.19;2.59;02.05.2025;2.59;9100000829296;Hrana
DEO SPR.NIVEA MEN DEEP 150 ml;312240;Nivea;0.1500;L;4.99;33.27;;;02.05.2025;4.99;9005800379845;Kozmetika
SIR GORSKI CASEUS 340 g ;312247;;0.3400;kg;6.49;19.09;;;02.05.2025;6.49;3857500021267;Hrana
SLAD.LEDO HAPPY TIME 6x120 ml;312298;Ledo;0.7200;l;4.99;6.93;;;02.05.2025;4.99;3850116004655;Hrana
LOS.PIZ BUIN SPF30 150ml ;312309;Piz Buin;0.1500;L;16.39;109.27;;;02.05.2025;16.39;3574661184272;Kozmetika
LOS.PIZ BUIN SPF15 150ml ;312314;Piz Buin;0.1500;L;14.19;94.60;;;02.05.2025;14.19;3574661184265;Kozmetika
SIR FORTE CLASSICO VALIO 180 g;312321;;0.1800;kg;4.49;24.94;;;02.05.2025;4.49;4740553698113;Hrana
SUH.ULJE PIZ BUIN SPF15 150ml ;312325;Piz Buin;0.1500;L;13.15;87.67;;;02.05.2025;13.15;3574661192833;Kozmetika
SUH.ULJE PIZ BUIN SPF30 150ml ;312329;Piz Buin;0.1500;L;14.90;99.33;;;02.05.2025;14.90;3574661192857;Kozmetika
SLAD.MAGNUM ALMOND ÈA©I.440 ml;312330;Magnum;0.4400;L;7.69;17.48;;;02.05.2025;7.69;8714100289983;Hrana
SPR.RA©ÈE©LJANAC OLIVAL 100 ml;312341;Olival;0.1000;L;3.79;37.90;;;02.05.2025;3.79;3859893186530;Kozmetika
©AM.I REG.KUPANAC OLIVA.200 ml;312351;Olival;0.2000;L;3.49;17.45;;;02.05.2025;3.49;3859893186561;Kozmetika
ÈOK.MILKA OREO SANDWICH 92 g;312378;Milka;0.0920;kg;2.49;27.07;;;02.05.2025;2.49;7622210830043;Hrana
JOGURT SUN CARE AFRODITA 200ml;312383;Afrodita;0.2000;L;13.99;69.95;;;02.05.2025;13.99;3831070652700;Kozmetika
MARMEL.SUN AFRODITA F10 200 ml;312385;Afrodita;0.2000;L;16.99;84.95;;;02.05.2025;16.99;3831070653769;Kozmetika
SUN ROYAL GOLD BIOBAZA 150ml;312391;Biobaza;0.1500;L;9.59;63.93;;;02.05.2025;9.59;3856020902650;Kozmetika
DEO SP.BOROTALCO CITRUS 150 ml;312411;Borotalco;0.1500;L;3.50;23.33;;;02.05.2025;3.50;8002410043587;Kozmetika
DEO SPR.BOROTALCO SEA 150 ml;312414;Borotalco;0.1500;L;3.50;23.33;;;02.05.2025;3.50;8002410043594;Kozmetika
KRE.AFRODITA KIDS NATURA.75 ml;312445;Afrodita;0.0750;L;5.09;67.87;;;02.05.2025;5.09;3831070653646;Kozmetika
©AM.AFRODITA KID.NATURA.200 ml;312449;Afrodita;0.2000;L;4.49;22.45;;;02.05.2025;4.49;3831070653622;Kozmetika
©AM.I KUP.AFRODIT.BABY 200 ml ;312451;Afrodita;0.2000;L;4.49;22.45;;;02.05.2025;4.49;3831070653578;Kozmetika
©LAG LEDO 220 ml;312508;Ledo;0.2200;L;1.99;9.05;;;02.05.2025;1.99;3850116506623;Hrana
NATUR PUR JUNEÆI GULA©;312519;SPAR Natur*pur;1.0000;KG;21.99;21.99;;;02.05.2025;20.99;9100200545590;Hrana
NATUR PUR JUNEÆI ODRESCI (©OL);312520;SPAR Natur*pur;1.0000;KG;29.99;29.99;;;02.05.2025;28.99;9100200545576;Hrana
KEKS DANSKI DESPAR PREM.454 g;312525;SPAR PREMIUM;0.4540;kg;4.69;10.33;;;02.05.2025;4.64;8001300803287;Hrana
KREKERI ELEPHANT SEZAM 80 g;312538;Filir;0.0800;kg;1.39;17.38;;;02.05.2025;1.39;5949040201068;Hrana
KREKERI ELEPHANT SLANI 80 g;312539;Filir;0.0800;kg;1.39;17.38;;;02.05.2025;1.39;5949040201044;Hrana
KOBASICA DOMAÆA DIMLJENA 300 g;312545;Pik;0.3000;kg;4.49;14.97;;;02.05.2025;4.49;3850139173512;Hrana
PITA OD JABUKA S-BUDGET 420 g;312586;S-BUDGET;0.4200;kg;4.09;9.74;;;02.05.2025;4.09;3856021206184;Hrana
TOAST CLASSIC S-BUDGET 500 g;312587;S-BUDGET;0.5000;kg;0.99;1.98;;;02.05.2025;0.99;3856021206221;Hrana
TOAST MASLAC S-BUDGET 500 g;312588;S-BUDGET;0.5000;kg;1.56;3.12;;;02.05.2025;1.56;3856021206245;Hrana
TOAST SA SJEMEN.S-BUDGET 500 g;312589;S-BUDGET;0.5000;kg;1.39;2.78;;;02.05.2025;1.39;3856021206269;Hrana
SLAD.B&J CHOC.FUDGE BRO.465 ml;312604;Ben & Jerry's;0.4650;L;8.79;18.90;;;02.05.2025;8.79;8711327370708;Hrana
SLA.B&J STRAWBER.-CHEES.465 ml;312607;Ben & Jerry's;0.4650;L;8.79;18.90;;;02.05.2025;8.79;8711327374126;Hrana
Sir Maasdam kolut Visser Kaas;312612;;1.0000;kg;11.99;11.99;;;02.05.2025;11.94;4036300656872;Hrana
TUNA RIO MARE LEGGERO 3X60 g;312620;Rio Mare;0.1800;kg;5.89;32.72;;;02.05.2025;5.89;8004030105041;Hrana
SIR ZRNATI BEZ LAKTOZE 200 g;312629;;0.2000;kg;2.29;11.45;;;02.05.2025;2.29;3850355005673;Hrana
Kulen Dobro;312634;Dobro;1.0000;kg;24.99;24.99;;;02.05.2025;24.99;93850133812854;Hrana
VODA JANA VIT.HAPPY NARA.1,5 L;312703;Jana;1.5000;L;1.79;1.19;;;02.05.2025;1.79;3858890874044;Piæa
VODA JANA VIT.HAP.NARANÈ.0,5 L;312709;Jana;0.5000;L;1.19;2.38;;;02.05.2025;1.19;3858890874013;Piæa
PIVO HURRICANE 0,33 L;312717;;0.3300;L;2.28;6.91;;;02.05.2025;2.28;3857500042354;Piæa
PIVO GOLDING ALE 0,33 L;312718;;0.3300;L;2.12;6.42;;;02.05.2025;2.12;3857500042309;Piæa
PIVO TORNADO IPA 0,33 L;312720;;0.3300;L;2.28;6.91;;;02.05.2025;2.28;3857500042323;Piæa
VINO TIKVE©KO CRVENO 3 L BIB;312729;Tikves;3.0000;L;8.59;2.86;;;02.05.2025;8.59;5310008006917;Piæa
VINO TIKVE© VRANEC 1 L;312730;Tikves;1.0000;L;4.39;4.39;;;02.05.2025;4.39;5310008006184;Piæa
Sir trapist maðarski;312756;;1.0000;kg;15.29;15.29;;;02.05.2025;15.29;5999884966159;Hrana
VINO ORMO® TRAMI.-MU©K.0,75 L;312757;;0.7500;L;14.09;18.79;;;02.05.2025;14.09;3830001609035;Piæa
VINO TRAMINEC VRH.0,75 L;312773;;0.7500;L;9.52;12.69;;;02.05.2025;9.52;3830000340212;Piæa
GIN TONIC MG SPIRIT 0,275 L;312801;;0.2750;L;2.69;9.78;;;02.05.2025;2.42;8411640001012;Piæa
VINO OCHOYMEDIO MALBEC 0,75 L;312806;;0.7500;L;6.4;8.53;;;02.05.2025;6.4;8436540220554;Piæa
PLOÈICA GO ON PROT.VANIL.50 g;312807;GO ON;0.0500;kg;1.49;29.80;;;02.05.2025;1.49;5900617013101;Hrana
BOMBONI SMARTIES VEL.TUB.130 g;312809;Smarties;0.1300;kg;3.49;26.85;;;02.05.2025;3.49;7613036274777;Hrana
PLOÈICA GO ON PRO.KAKAO 50 g;312811;GO ON;0.0500;kg;1.49;29.80;;;02.05.2025;1.49;5900617013064;Hrana
PLOÈICA GO ON PROT.BRUS.50 g;312812;GO ON;0.0500;kg;1.49;29.80;;;02.05.2025;1.49;5900617013149;Hrana
VINO KORTA KATARI.PO©IP 0,75 L;312813;;0.7500;L;30.62;40.83;;;02.05.2025;30.62;3859891637355;Piæa
VINO MU©KAT OTTONEL 0,75 L;312822;;0.7500;L;5.22;6.96;;;02.05.2025;5.22;3859893101823;Piæa
VINO GRA©EVINA VRHUNSKO 0,75 L;312823;;0.7500;L;8.32;11.09;;;02.05.2025;8.32;3859893101809;Piæa
KETCHUP DEVELEY 250 ml;312827;Develey;0.2500;kg;2.79;11.16;;;02.05.2025;2.79;4006824003544;Hrana
PIVO 5. ELEMENT STOUT 0,5 L;312831;;0.5000;L;2.62;5.24;;;02.05.2025;2.62;3859892222529;Piæa
VINO PLAVAC BARR.PUTNIK.0,75 L;312833;;0.7500;L;7.72;10.29;;;02.05.2025;7.72;3859889291170;Piæa
VINO ROSE PUTNIKOVIÆ 0,75 L;312838;;0.7500;L;5.89;7.85;;;02.05.2025;5.89;3859889291408;Piæa
VINO ROSE ANTUNOVIÆ 0,75 L;312851;;0.7500;L;11.99;15.99;;;02.05.2025;11.99;3859892364182;Piæa
KRU©NE MRVICE SA SEZAMOM 500 g;312925;;0.5000;kg;1.55;3.10;;;02.05.2025;1.55;3859892992033;Hrana
KRU©NE MRVICE MOJ KRUH 500 g ;312926;;0.5000;kg;1.46;2.92;;;02.05.2025;1.46;3859892992026;Hrana
GIN TANQUERAY TEN  0,7 L;312941;;0.7000;L;51.99;74.27;;;02.05.2025;51.99;5000281020761;Piæa
WHISKEY JW GOLD RESERVE 0,7 L;312949;;0.7000;L;77.99;111.41;;;02.05.2025;77.99;5000267197609;Piæa
Sal. panonica s chili paprikom;312954;Gavrilovic;1.0000;kg;22.49;22.49;;;02.05.2025;22.49;3858881226104;Hrana
Salama panonica s paprom;312955;Gavrilovic;1.0000;kg;22.49;22.49;;;02.05.2025;22.49;3858881228467;Hrana
BOTANICA PER.PIINK ROSE 20 g  ;313044;;1.0000;kom;5.3;5.30;;;02.05.2025;5.3;3858893370864;Piæa
BOTANICA HIBUSKUS FLOWER 20 g;313046;;1.0000;kom;5.29;5.29;;;02.05.2025;5.29;3858893370871;Piæa
SKU©A FJK DIMLJENI FILET 170 g;313065;Franz Jozef Kaiser;0.0920;kg;2.99;32.50;;;02.05.2025;2.99;8594012796409;Hrana
TJE.BARILLA FARFALLE INT.500 g;313080;Barilla;0.5000;kg;3.49;6.98;;;02.05.2025;3.49;8076809532440;Hrana
KAVA FRANCK JUB.SENSUAL 250 g;313089;Franck;0.2500;kg;5.39;21.56;;;02.05.2025;5.39;3858881088658;Piæa
KAVA FRANCK JUB.INTENSE 250 g;313091;Franck;0.2500;kg;5.39;21.56;;;02.05.2025;5.39;3858881088641;Piæa
KEKS NASCONDINI MB 330 g;313095;Mulino Bianco;0.3300;kg;4.59;13.91;;;02.05.2025;4.59;8076809580618;Hrana
MLIJ.POSLIJE SUN.BECUTAN 175ml;313096;Becutan;0.1750;L;8.99;51.37;;;02.05.2025;8.99;5310001243135;Kozmetika
KEKS CIOCCOGRANO MB 330 g;313098;Mulino Bianco;0.3300;kg;4.59;13.91;;;02.05.2025;4.59;8076809573757;Hrana
MLIJ.BECUTAN SPF30 175ml;313099;Becutan;0.1750;L;13.59;77.66;;;02.05.2025;13.59;5310001243128;Kozmetika
REGENERATOR ELSEVE COCO 200 ml;313132;Elseve;0.2000;L;;16.45;3.29;4.39;02.05.2025;4.39;3600523629763;Kozmetika
©AMPON ELSEVE COCO 250 ml;313145;Elseve;0.2500;L;;13.16;3.29;4.39;02.05.2025;4.39;3600523629749;Kozmetika
ÈIPS ZIGANTE S TARTUFIMA  50 g;313164;Zigante;0.0500;kg;3.25;65.00;;;02.05.2025;3.25;3858891980256;Hrana
PILEÆI RA®NJIÆI 400 g;313177;Perutnina;0.4000;kg;5.39;13.48;;;02.05.2025;5.39;3838977035131;Hrana
PILEÆA KRILCA GRILL 800 g;313180;Perutnina;0.8000;kg;5.99;7.49;;;02.05.2025;5.99;3838977024081;Hrana
PILEÆI FILE NA ©TAPIÆU 400 g;313181;Perutnina;0.4000;kg;5.39;13.48;;;02.05.2025;5.39;3838977024012;Hrana
KOBASICA KRANJSKA 300 g;313194;Podravka;0.3000;kg;3.99;13.30;;;02.05.2025;3.99;3856020213602;Hrana
DEO S.OLD SPICE ORIGINA.150 ml;313206;Old Spice;0.1500;L;;20.53;3.08;3.85;02.05.2025;3.85;4084500479784;Kozmetika
KULEN NAREZAK 80 g NARESCI;313229;Podravka;0.0800;kg;1.95;24.38;;;02.05.2025;1.95;3856020213244;Hrana
KOBASICA ZIMSKA 80 g;313231;Podravka;0.0800;kg;2.19;27.38;;;02.05.2025;2.19;3856020213183;Hrana
ÈAJNA KOBASICA 80 g NARESCI;313233;Podravka;0.0800;kom;1.95;24.38;;;02.05.2025;1.95;3856020213121;Hrana
GEL TU.OLD SPICE BGLOVE 400 ml;313234;Old Spice;0.4000;L;;7.70;3.08;3.85;02.05.2025;3.85;8001090533869;Kozmetika
GEL TU©.OLD SPICE WHITE.400 ml;313236;Old Spice;0.4000;L;;7.70;3.08;3.85;02.05.2025;3.85;8700216856812;Kozmetika
©AMP.PANTENE VOLUME 400 ml;313242;Pantene;0.4000;L;5.59;13.98;;;02.05.2025;5.59;5410076561469;Kozmetika
VODA SMARTWATER 1,1 L;313261;;1.1000;L;1.49;1.35;;;02.05.2025;1.49;5449000243089;Piæa
VODA SMARTWATER 0,6 L;313263;;0.6000;L;1.25;2.08;;;02.05.2025;1.25;5449000034335;Piæa
SVINJSKA REBRA MARINIRANA ;313275;;1.0000;kg;6.99;6.99;;;02.05.2025;6.99;3858890187540;Hrana
ULJE MASL.DJ.EX.BIO ORG. 0,5 L;313288;Orgula;0.5000;L;7.69;15.38;;;02.05.2025;7.69;3859890446187;Hrana
NAMAZ OD PATLID®AN.MEL.S.200 g;313304;Sana;0.2000;kg;2.99;14.95;;2.93;02.05.2025;3.45;3859892873219;Hrana
SRED.SANYTOL KUHINJA 500 ml;313337;Sanytol;0.5000;L;3.39;6.78;;;02.05.2025;3.39;3045206392006;Sredstva za èi¹æenje
TARTAR THOMY VREÆICA 80 g;313345;Thomy;0.0800;kg;1.15;14.38;;;02.05.2025;1.15;8445291314948;Hrana
UMAK ÈILI THOMY 80 g;313347;Thomy;0.0800;kg;1.15;14.38;;;02.05.2025;1.15;8445291314962;Hrana
UMAK ÈE©NJAK THOMY 80 g;313348;Thomy;0.0800;kg;1.15;14.38;;;02.05.2025;1.15;8445291314924;Hrana
NAM.LINO LADA GOLD STAK.350 g;313371;Podravka;0.3500;kg;3.99;11.40;;;02.05.2025;3.99;3856020213572;Hrana
MAS.ZA K.FRUCTIS BANANA 390 ml;313376;Garnier;0.3900;L;7.49;19.21;;;02.05.2025;7.49;3600542135993;Kozmetika
GRILL BURGER 400 g;313386;;0.4000;kg;3.79;9.48;;;02.05.2025;3.69;3850139446708;Hrana
POSL.ZA PSE PEDIG.BISC.400 g;313407;Pedigree;0.4000;kg;3.99;9.98;;;02.05.2025;3.99;5010394986052;Proizvodi za kuæanstvo
POSL.ZA PSE PEDIG.MARK.500 g;313410;Pedigree;0.5000;kg;3.99;7.98;;;02.05.2025;3.99;5010394996587;Proizvodi za kuæanstvo
HRANA ZA MAÈ.SHEBA RIBA 4X85 g;313411;Sheba;0.3400;kg;3.29;9.68;;;02.05.2025;3.29;4770608255725;Proizvodi za kuæanstvo
HRANA ZA MAÈ.SHEBA PER.6X50 g;313413;Sheba;0.3000;kg;3.29;10.97;;;02.05.2025;3.29;4770608265892;Proizvodi za kuæanstvo
HRANA ZA MAÈ.SHEBA PIL.6X50 g;313414;Sheba;0.3000;kg;3.29;10.97;;;02.05.2025;3.29;4770608265984;Proizvodi za kuæanstvo
HRANA ZA MAÈ.SHEBA RIBA 6X50 g;313415;Sheba;0.3000;kg;3.29;10.97;;;02.05.2025;3.29;4770608259785;Proizvodi za kuæanstvo
PIVO NIKSIÈKO LIMENKA 0,5 L;313458;;0.5000;L;1.58;3.16;;;02.05.2025;1.48;3850131004920;Piæa
VINO SAUVIGNON BOLFAN 0,75 L;313459;;0.7500;L;16.09;21.45;;;02.05.2025;16.09;3858887541447;Piæa
VINO PINOT CRNI BOLFAN 0,75 L;313460;;0.7500;L;15.99;21.32;;;02.05.2025;15.99;3858887542116;Piæa
PIVO KRU©OVICE 4X0,5 L LIM.;313490;;2.0000;L;5.81;2.91;;;02.05.2025;5.81;8594009922699;Piæa
DET.FROSC.ZA S.BADEMOVO 750 ml;313560;Frosch;0.7500;L;;2.52;1.89;2.39;02.05.2025;2.39;4009175933980;Sredstva za èi¹æenje
KISELI KUPUS DROGA 660 g;313564;Droga Kolinska;0.4000;kg;2.89;7.23;;;02.05.2025;2.89;3830042563174;Hrana
PANONICA S PAPROM NAREZAK 80 g;313567;Gavrilovic;0.0800;kg;2.35;29.38;;;02.05.2025;2.35;3858881224155;Hrana
PANONICA S CHILIJEM NAR. 80 g;313571;Gavrilovic;0.0800;kg;2.35;29.38;;;02.05.2025;2.35;3858881228726;Hrana
PAHULJICE SCHAR BG.250 g;313611;Schar;0.2500;kg;;11.16;2.79;3.49;02.05.2025;3.49;8008698002223;Hrana
TJESTENINA SCHAR PEN.BG.250 g;313613;Schar;0.2500;kg;;6.36;1.59;1.99;02.05.2025;1.99;8008698010051;Hrana
TJESTENINA SCHAR FUS.BG.250 g;313622;Schar;0.2500;kg;;6.36;1.59;1.99;02.05.2025;1.99;8008698010075;Hrana
TJESTENINA SCHAR SPAG.BG.250 g;313624;Schar;0.2500;kg;;6.36;1.59;1.99;02.05.2025;1.99;8008698010037;Hrana
PROTEINSKA ZOB.KA©A ÈOK.65 g;313628;Encian;0.0650;kg;1.59;24.46;;;02.05.2025;1.59;3858890102659;Hrana
GIN GORDONS PINK 0,7 L;313634;;0.7000;L;21.99;31.41;;;02.05.2025;21.89;5000289929417;Piæa
VINO PO©IP GARBIN. 5 B.0,75 L;313636;;0.7500;L;21.09;28.12;;;02.05.2025;21.09;3859892748029;Piæa
BOMBONI GUM.HERBA NAR.ÐUM.90 g;313654;Sumi;0.0900;kg;1.19;13.22;;;02.05.2025;1.19;3838700041163;Hrana
ZAÈ.PAPAR ©ARENI KOTANYI 70 g;313706;Kotanyi;0.0700;kg;3.59;51.29;;;02.05.2025;3.18;9001414709603;Hrana
ZAÈ.PAPRIKA DIMLJ.KOTANYI 50 g;313711;Kotanyi;0.0500;kg;1.79;35.80;;;02.05.2025;1.59;9001414209141;Hrana
BILJ.KRE.KUH.VEGGIE ZOB 200 ml;313719;SPAR Veggie;0.2000;l;1.39;6.95;;;02.05.2025;1.39;9100000826493;Piæa
PATRONE WILKINSON SILK 3/1;313722;Wilkinson;3.0000;kom;12.99;4.33;;;02.05.2025;12.99;4027800006007;Kozmetika
PUDING SPECIAL CHEESCAKE 75 g;313724;Dr. Oetker;0.0750;kg;1.19;15.87;;;02.05.2025;1.19;5997381363037;Hrana
BRI.WILKINSON HYD.5+1 PATRONA;313727;Wilkinson;1.0000;kom;9.49;9.49;;;02.05.2025;9.49;4027800039432;Kozmetika
ULJE ZA KOSU KOKOS RICIN.60 ml;313741;Olival;0.0600;L;4.29;71.50;;;02.05.2025;4.29;3859893186486;Kozmetika
ULJE ZA KOSU RICINUS 60 ml;313742;Olival;0.0600;L;3.79;63.17;;;02.05.2025;3.79;3859893186202;Kozmetika
JUHA KOCKA NATUR KOKO©JA 60 g;313743;Podravka;0.0600;kg;1.49;24.83;;;02.05.2025;1.49;3856020208516;Hrana
JUHA KOCKA NATUR POVRTNA 60 g;313744;Vegeta;0.0600;kg;1.49;24.83;;;02.05.2025;1.49;3856020208578;Hrana
PIVO PAN RAD.BRE-ÐU.0,5 L P.A.;313745;Pan;0.5000;L;1.35;2.70;;;02.05.2025;1.35;3858887583089;Piæa
VODA IZVORSKA SURPRISE 0,3 L;313756;;0.3000;L;1.62;5.40;;;02.05.2025;1.62;8594023925607;Piæa
MAÈJA HRANA GOURMET PIL.6X50 g;313772;Gourmet;0.3000;kg;3.09;10.30;;;02.05.2025;3.09;7613036861175;Proizvodi za kuæanstvo
®ITNA KA©ICA ÈOKOL.BABY 210 g;313786;Èokolino;0.2100;kg;2.59;12.33;;;02.05.2025;2.59;3856020211073;Hrana
PR©UT DALM.PIVAC NAREZAK 100 g;313787;Pivac;0.1000;kg;3.49;34.90;;;02.05.2025;3.49;3858884994406;Hrana
GIN CUBICAL BOTANIC KISS 0,7 L;313820;;0.7000;L;34.54;49.34;;;02.05.2025;34.54;8410028901586;Piæa
VINO GRA©.PRINCIP.ILOK 0,75 L;313821;;0.7500;L;27.52;36.69;;;02.05.2025;27.52;3859892149031;Piæa
VINO TRAMINAC PRINC.IL.0,75 L ;313822;;0.7500;L;27.52;36.69;;;02.05.2025;27.52;3859892149079;Piæa
VINO KUTJEVO ROSE 0,75 L;313842;;0.7500;L;6.49;8.65;;;02.05.2025;6.49;3850156001072;Piæa
VINO KUTJEVO CHARD.0,75 L;313843;;0.7500;L;10.02;13.36;;;02.05.2025;10.02;3850156001102;Piæa
PIÆE ALOE VERA GRO®ÐE 0,5L;313877;;0.5000;L;1.78;3.56;;;02.05.2025;1.78;8801056039660;Piæa
NADJEV LJE©NJ.SPAR 250 g;313913;SPAR;0.2500;kg;2.49;9.96;;;02.05.2025;2.49;9100000828305;Hrana
NADJEV MAK SPAR 250 g;313916;SPAR;0.2500;kg;1.79;7.16;;;02.05.2025;1.79;9100000828343;Hrana
NADJEV ORAH SPAR 250 g;313918;SPAR;0.2500;kg;1.99;7.96;;;02.05.2025;1.99;9100000828367;Hrana
MELEM ZA USNE RU®A 4,5 g;313973;Melem;1.0000;kom;3.89;3.89;;;02.05.2025;3.79;3856007905773;Kozmetika
TABL.©UM.MULTIVIT.MAG.NAR.80 g;313997;Multivita;0.0800;kg;1.99;24.88;;;02.05.2025;1.99;3858881249240;Hrana
SALVETE SV.ROZA 38x38cm,25/1,;314003;;1.0000;kom;1.69;1.69;;;02.05.2025;1.69;3870128018662;Proizvodi za kuæanstvo
©KROB SPAR KUKURUZ 350 g;314005;SPAR;0.3500;kg;1.79;5.11;;;02.05.2025;1.79;9100000045771;Hrana
VOÆ.NAM.PREMIUM MALINA 250 g;314061;Premium;0.2500;kg;4.19;16.76;;;02.05.2025;4.19;9100000764955;Hrana
VOÆ.NAM.PREMIUM NARANÈA 250 g;314062;Premium;0.2500;kg;4.19;16.76;;;02.05.2025;4.19;9100000764986;Hrana
SLADOLED 4 YOU BANAN.SP.1650ml;314071;;1.6500;L;3.98;2.41;;;02.05.2025;3.98;3859889283687;Hrana
SLADOLED 4 YOU KLASIK 1650ml;314072;;1.6500;L;3.98;2.41;;;02.05.2025;3.98;3859889283694;Hrana
GRO®ÐICA NATURA SUHA 100 g;314102;Natura;0.1000;kg;1.09;10.90;;;02.05.2025;1.09;3859893124815;Hrana
GRANOLA SANTE NUT 350 g;314136;;0.3500;kg;3.90;11.14;;;02.05.2025;3.90;5900617002976;Hrana
RAJÈICA KOKTEL VH  500 g;314154;SPAR Kroatische Gärten;0.5000;kg;2.69;5.38;;;02.05.2025;2.69;3856021206702;Hrana
RAJÈICA PAPELETTO VH  400 g;314155;SPAR Kroatische Gärten;0.4000;kg;2.69;6.73;;;02.05.2025;2.69;3856021206726;Hrana
KRASTAVAC SALATAR VH kom;314157;SPAR Kroatische Gärten;1.0000;KOM;0.89;0.89;;;02.05.2025;0.89;3859889267670;Hrana
RAJÈICA CHERRY VH 250 g ;314160;SPAR Kroatische Gärten;0.2500;kg;2.39;9.56;;;02.05.2025;2.39;3856021207181;Hrana
©AMPINJONI SMEÐI VH 250 g ;314186;SPAR Kroatische Gärten;0.2500;kg;1.29;5.16;;;02.05.2025;1.29;3856021215780;Hrana
BUKOVAÈA  VH 250 g;314195;SPAR Kroatische Gärten;0.2500;kg;1.39;5.56;;;02.05.2025;1.39;3856021228919;Hrana
BUKOVAÈA ODRES. VH 300 g;314204;SPAR Kroatische Gärten;0.3000;kg;2.19;7.30;;;02.05.2025;2.19;3856021206788;Hrana
©AMPINJ.BUCKA.MAXI VH 200 g;314220;SPAR Kroatische Gärten;0.2000;kg;1.59;7.95;;;02.05.2025;1.59;3856021207129;Hrana
©AMPI. BIJELI/SMEÐI VH 400 g;314224;SPAR Kroatische Gärten;0.4000;kg;2.09;5.23;;;02.05.2025;2.09;3856021207020;Hrana
©AMPINJONI VH 250 g ;314226;SPAR Kroatische Gärten;0.2500;kg;1.19;4.76;;;02.05.2025;1.19;3856021213960;Hrana
©AMPINJO.NAREZANI VH 200 g;314229;SPAR Kroatische Gärten;0.2000;kg;1.19;5.95;;;02.05.2025;1.19;3856021207068;Hrana
SHII-TAKE VH 100 g;314231;SPAR Kroatische Gärten;0.1000;kg;1.79;17.90;;;02.05.2025;1.79;3856021206801;Hrana
KOLAÈIÆI BAKINI 500 g;314246;;0.5000;kg;2.78;5.56;;;02.05.2025;2.78;3830042310990;Hrana
KETCHUP BEZ DOD.©EÆ.SPAR 615 g;314248;SPAR;0.6150;kg;;3.56;2.19;2.59;02.05.2025;2.59;9100000829319;Hrana
GAZ.PIÆE COCA COLA 6X0,33L;314286;Coca-Cola;1.6500;L;5.73;3.47;;;02.05.2025;5.73;5000112652857;Piæa
GAZ.PIÆE COLA COLA ZERO6X0,33L;314287;Coca-Cola;1.6500;L;5.73;3.47;;;02.05.2025;5.73;5000112652871;Piæa
RAKIJA ZLATNA ©LJIVA 0,7 L;314297;;0.7000;L;17.29;24.70;;;02.05.2025;17.29;3870474000564;Piæa
RAKIJA VILJAMOVKA 0,7 L CC;314298;;0.7000;L;20.29;28.99;;;02.05.2025;20.29;3870474000472;Piæa
LIKER ZLATNI PELIN 28% 1 L;314299;;1.0000;L;14.82;14.82;;;02.05.2025;14.82;3870474000878;Piæa
KA©ICA HIPPIS JAB.BAN.BR.100 g;314355;Hipp;0.1000;kg;1.35;13.50;;;02.05.2025;1.35;4062300319820;Hrana
MLIJEKO SVJ.NP BIO STAKL.1 L;314383;SPAR Natur*pur;1.0000;L;2.29;2.29;;;02.05.2025;2.29;9100000155982;Hrana
SIR KOZJI GOAT FARM CUBE 200 g;314399;Euroser;0.2000;kg;;15.95;3.19;4.69;02.05.2025;4.69;5902431270531;Hrana
SIR CHEDDAR BIJELI DUBL.150 g;314401;Euroser;0.1500;kg;2.99;19.93;;;02.05.2025;2.99;5902431270456;Hrana
ÈOKOLADNA KREM BANANA 544 g;314447;Evropa;0.5440;kg;6.29;11.56;;;02.05.2025;6.29;5310002154430;Hrana
BOJA COLOR SENSATION S9 SILVER;314449;Garnier;1.0000;kom;4.99;4.99;;;02.05.2025;4.99;3600541914070;Kozmetika
SIRNI NAM.PAP.CHILLI SB 150 g;314465;S-BUDGET;0.1500;kg;1.49;9.93;;;02.05.2025;1.49;9100000829197;Hrana
ZAÈIN MAGGI FIX  LOVAÈKI 42 g;314495;Maggi;0.0420;kg;1.69;40.24;;;02.05.2025;1.69;7613287113061;Hrana
ULJE MASL.EXT.DJ.SALVADORI 1 L;314500;;1.0000;L;9.99;9.99;;;02.05.2025;12.99;8008460533313;Hrana
FLIPS BABY LINO 25 g;314519;Lino;0.0250;kg;1.89;75.60;;;02.05.2025;1.90;3850104268618;Hrana
PR©UT DOBRO NAREZAK 250 g;314582;Dobro;0.2500;kg;7.49;29.96;;;02.05.2025;9.09;3850133804115;Hrana
ÈAJ AGRISTAR ZELE.ÐUM.LIM.40 g;314589;Agristar;0.0400;kg;2.19;54.75;;;02.05.2025;2.19;3858886504825;Piæa
TRAJ.KOLAÈ.DESPAR JOGURT 400 g;314630;DESPAR;0.4000;kg;2.29;5.73;;;02.05.2025;2.29;8001300501855;Hrana
TRAJ.KOLAÈ DESPAR INTEGRA.400g;314632;DESPAR;0.4000;kg;2.29;5.73;;;02.05.2025;2.29;8001300501862;Hrana
PESTO BARILLA BASIL.VEG. 195 g;314687;Barilla;0.1950;kg;4.99;25.59;;;02.05.2025;4.99;8076809572569;Hrana
VINO CABERNET SAUVIGNON 2 L;314707;;2.0000;L;4.58;2.29;;;02.05.2025;4.58;3859893101755;Piæa
PIVO KOZEL SVIJETLO 0,5 L LIM.;314718;Kozel;0.5000;L;1.58;3.16;;;02.05.2025;1.58;8594404005782;Piæa
VINO TERRA MADRE ROSE 0,75 L;314727;;0.7500;L;8.99;11.99;;;02.05.2025;8.99;3859893386121;Piæa
VINO TERRA MADRE PO©IP 0,75 L;314728;;0.7500;L;15.99;21.32;;;02.05.2025;15.99;3859893386138;Piæa
VINO TERRA MADRE PLAVAC 0,75 L;314729;;0.7500;L;7.79;10.39;;;02.05.2025;7.79;3859893386107;Piæa
VINO TERRA MADRE PL.BA. 0,75 L;314730;;0.7500;L;12.99;17.32;;;02.05.2025;12.99;3857500025500;Piæa
VINO NOVACCO MU©KAT 0,5 L;314733;;0.5000;L;13.22;26.44;;;02.05.2025;13.22;3857500069634;Piæa
VINO NOVACCO SAUV.BLANC 0,75 L;314735;;0.7500;L;10.92;14.56;;;02.05.2025;10.92;3857500069610;Piæa
VINO NOVACCO MALVAZIJA 0,75 L;314736;;0.7500;L;13.22;17.63;;;02.05.2025;13.22;3857500069603;Piæa
VINO PRELAC REFO©K 0,75 L;314746;;0.7500;L;17.29;23.05;;;02.05.2025;17.29;3857500021953;Piæa
GEL TU©.AXE BLACK 400 ml;314760;Axe;0.4000;L;4.99;12.48;;;02.05.2025;4.99;8710447284117;Kozmetika
GAZIRANO PIÆE PIPI 0,5 L;314782;Pipi;0.5000;L;1.12;2.24;;;02.05.2025;1.02;3870183400006;Piæa
VINO BAKIN CUVEE NOIR 0,75 L;314788;;0.7500;L;6.72;8.96;;;02.05.2025;6.72;3859890332572;Piæa
VINO BAKIN MALVAZIJA 0,75 L;314789;;0.7500;L;6.78;9.04;;;02.05.2025;6.78;3859890332640;Piæa
LIKER JAGERM. 0,7 L POK. PAK.;314790;;0.7000;L;18.42;26.31;;;02.05.2025;18.42;3859890211730;Piæa
IZOTONIÈNO PIÆE HIDRA 0,5 L;314798;;0.5000;L;1.22;2.44;;;02.05.2025;1.22;3850131005118;Piæa
VINO BELJE CABERNET SAUV.1 L;314802;;1.0000;L;7.05;7.05;;;02.05.2025;7.05;3850257021375;Piæa
VINO BELJE ROSE 0,75 L;314804;;0.7500;L;9.05;12.07;;;02.05.2025;9.05;3850257021160;Piæa
VINO TUSSOCK SHIRAZ 0,75 L;314811;;0.7500;L;12.42;16.56;;;02.05.2025;12.42;3760204540135;Piæa
REG.NIVEA HAIRMI.SHINE 250 ml;314856;Nivea;0.2500;L;3.99;15.96;;;02.05.2025;3.99;9005800301600;Kozmetika
GEL.TU©.L´ANGELICA ALOA 500 ml;314867;L´Angelica;0.5000;L;2.99;5.98;;;02.05.2025;2.99;8017331076798;Kozmetika
GEL.TU©.L´ANGELICA KURK.500 ml;314868;L´Angelica;0.5000;L;2.99;5.98;;;02.05.2025;2.99;8017331076811;Kozmetika
DRESING CESARS STAKLO 230 ml ;314926;;0.2300;L;2.69;11.70;;;02.05.2025;2.69;4006824006538;Hrana
MASLINE PREMIUM 380 g;314948;SPAR PREMIUM;0.2200;kg;7.99;36.32;;;02.05.2025;7.99;9100000828855;Hrana
MASLINE NATUR PUR ZEL.BK.360 g;314961;Spar Natur pur;0.1900;kg;3.99;21.00;;;02.05.2025;3.99;9100000763002;Hrana
COCKTAIL MARGARITA 0,33 L;315025;;0.3300;L;1.59;4.82;;;02.05.2025;1.59;4740098002895;Piæa
COCKT. T-QUILA SUNRISE 0,33 L;315026;;0.3300;L;1.59;4.82;;;02.05.2025;1.59;4740098002970;Piæa
KRUMPIRIÆI DIPPERS SPAR 600 g;315074;SPAR Qualitätsmarke;0.6000;kg;2.79;4.65;;;02.05.2025;2.79;9100000828800;Hrana
KRUMPIR RE©ETKASTI SPAR 600 g;315076;SPAR Qualitätsmarke;0.6000;kg;2.79;4.65;;;02.05.2025;2.65;9100000828824;Hrana
VINO GRA©EVINA MIHALJ 0,75 L;315077;;0.7500;L;10.22;13.63;;;02.05.2025;10.22;3859892098018;Piæa
VINO PO©IP MILINA VRH. 0,75 L;315081;;0.7500;L;13.48;17.97;;;02.05.2025;13.48;3857500081803;Piæa
VINO MERLOT CRNOGOR.VRH.0,75 L;315090;;0.7500;L;6.62;8.83;;;02.05.2025;6.62;3899003001025;Piæa
VINO CABERNET CRNOG.VRH 0,75 L;315093;;0.7500;L;6.62;8.83;;;02.05.2025;6.62;3899003001032;Piæa
KEKS OREO DOUBLE 157 g;315094;Oreo;0.1570;kg;2.19;13.95;;;02.05.2025;1.59;7622210148483;Hrana
VINO VRANAC CRNOGOR.VRH.0,75 L;315095;;0.7500;L;6.62;8.83;;;02.05.2025;6.62;3899003001001;Piæa
VINO VRANAC PROCOR. VRH.0,75 L;315096;;0.7500;L;10.19;13.59;;;02.05.2025;10.95;3899003001018;Piæa
MICELARNE MAR.BEAUTY KISS 25/1;315102;Beauty Kiss;25.0000;kom;0.89;0.04;;;02.05.2025;0.89;9100000948676;Kozmetika
VINO MERLOT MIHALJ VRH. 0,75L;315110;;0.7500;L;10.68;14.24;;;02.05.2025;10.68;3859892098209;Piæa
PR©UT NAREZAK PIVAC 100 g;315127;Pivac;0.1000;kg;3.29;32.90;;;02.05.2025;3.29;3858884994857;Hrana
PANCETA DALM.NAR. PIVAC 100 g;315135;Pivac;0.1000;kg;2.59;25.90;;;02.05.2025;2.59;3858890183023;Hrana
VINO TOMIÆ PO©IP 0,75 L;315141;;0.7500;L;19.42;25.89;;;02.05.2025;19.42;3859889164375;Piæa
BRIT.GILLETTE BLUE 3 COOL 3/1;315208;Gillette;3.0000;kom;3.99;1.33;;3.99;02.05.2025;3.99;7702018457229;Kozmetika
BRIT.GILLETTE BLUE 3 COOL 6+2;315211;Gillette;6.0000;kom;7.49;1.25;;7.49;02.05.2025;7.29;7702018457342;Kozmetika
BRIT.GILL.SIMPLY VENUS 3 4/1;315213;Gillette;4.0000;kom;4.19;1.05;;4.19;02.05.2025;4.19;8700216143608;Kozmetika
ÐUMBIR LISTIÆI NATURA 125g;315270;Natura;0.1250;kg;2.25;18.00;;;02.05.2025;2.25;3859893124723;Hrana
KIKIRIKI OLJ.PEÈ.NESL.NA.200 g;315271;Natura;0.2000;kg;1.89;9.45;;;02.05.2025;1.89;3859893124730;Hrana
GINGER ALE SPAR 1 L;315376;SPAR;1.0000;L;1.19;1.19;;;02.05.2025;1.12;9100000156460;Piæa
PR©UT NAREZAK 500 g;315385;Pivac;0.5000;kg;13.99;27.98;;;02.05.2025;13.99;3858890183306;Hrana
SIR CHEDDAR CRVE.RIBANI 150 g;315396;;0.1500;kg;2.79;18.60;;;02.05.2025;2.78;5902431271439;Hrana
Sir trapist kora Spar;315411;SPAR Qualitätsmarke;1.0000;kg;11.99;11.99;;;02.05.2025;11.99;3856021205071;Hrana
Sir polutvrdi Dimi Spar;315412;SPAR Qualitätsmarke;1.0000;kg;11.99;11.99;;;02.05.2025;11.99;3856021205088;Hrana
SLAD.ÈOK.LJE©.INDY&PIPPA 115 g;315417;Indy & Pippa;0.1150;kg;2.65;23.04;;;02.05.2025;2.65;3831110701313;Hrana
SLAD.ÈOK.LJE©.INDY&PIPPA 350 g;315420;Indy & Pippa;0.3500;kg;6.63;18.94;;;02.05.2025;6.63;3831110701320;Hrana
SLAD.LJE©NJAK INDY&PIPPA 350 g;315421;Indy & Pippa;0.3500;kg;6.63;18.94;;;02.05.2025;6.63;3831110700316;Hrana
SLAD.ÈOKOLADA INDY&PIPPA 350 g;315423;Indy & Pippa;0.3500;kg;6.63;18.94;;;02.05.2025;6.63;3831110700255;Hrana
SLA.BOROVNICA INDY&PIPPA 350 g;315424;Indy & Pippa;0.3500;kg;6.63;18.94;;;02.05.2025;6.63;3831110700279;Hrana
SLAD.JAGODA INDY&PIPPA 115 g;315429;Indy & Pippa;0.1150;kg;2.65;23.04;;;02.05.2025;2.65;3831110700293;Hrana
Èe¹njak domaæi rfs, VH;315444;SPAR Kroatische Gärten;1.0000;kg;;0.00;;;02.05.2025;4.99;3858893252634;Hrana
VAFEL ROLICE SWING VANIL.150 g;315513;DUPIN;0.1500;kg;1.69;11.27;;;02.05.2025;1.69;5908234805642;Hrana
VAFEL ROL.SWING LJE©NJ.150 g;315514;DUPIN;0.1500;kg;1.69;11.27;;;02.05.2025;1.69;5908234805666;Hrana
S ©TAPIÆI ZA RA®NJIÆ.30cm 35/1;315530;SIMPEX;35.0000;kom;.79;0.02;;;02.05.2025;.79;9100000632599;Proizvodi za kuæanstvo
S ©TAPIÆI ZA RA®NJIÆ.20cm 50/1;315531;SIMPEX;50.0000;kom;.92;0.02;;;02.05.2025;.92;9100000632605;Proizvodi za kuæanstvo
SI ©TAPIÆI ZA KANAPEE 9cm100/1;315532;SIMPEX;100.0000;kom;1.45;0.01;;;02.05.2025;1.45;9100000632612;Proizvodi za kuæanstvo
SI ©TAPIÆI ZA KANAPEE15cm 70/1;315533;SIMPEX;70.0000;kom;1.45;0.02;;;02.05.2025;1.45;9100000632629;Proizvodi za kuæanstvo
SI ©TAPIÆI ZA KANAPEE25cm 50/1;315534;SIMPEX;50.0000;kom;1.45;0.03;;;02.05.2025;1.45;9100000632636;Proizvodi za kuæanstvo
©eæer kristal 25/1 kg;315535;;25.0000;kg;24.99;1.00;;;02.05.2025;24.99;9012501003276;Hrana
ÈAJ TWININGS ÐUMBIR LIMUN 30 g;315573;Twinings;0.0300;kg;4.19;139.67;;;02.05.2025;4.19;0070177177669;Piæa
RAHATLOKUM ADRIA LAVANDA 180 g;315596;Adria;0.1800;kg;1.28;7.11;;;02.05.2025;1.28;3858890265545;Hrana
KA©ICA HIPPIS JAB.BOR.AR.100 g;315605;Hipp;0.1000;kg;1.35;13.50;;;02.05.2025;1.35;4062300319882;Hrana
ÈIPS SPAR VRHNJE I LUK 170 g;315608;SPAR;0.1700;kg;2.99;17.59;;;02.05.2025;2.99;8710671202673;Hrana
ÈIPS SPAR ORIGINAL 170 g;315612;SPAR;0.1700;kg;2.99;17.59;;;02.05.2025;2.99;8710671152527;Hrana
ÈIPS SPAR PAPRIKA 170 g;315614;SPAR;0.1700;kg;2.99;17.59;;;02.05.2025;2.99;8710671202697;Hrana
FLIPS KROKI KROKET KETCH.120 g;315631;Chio;0.1200;kg;1.59;13.25;;;02.05.2025;1.59;3856021303555;Hrana
BIO BOROVNICA 125 g;315635;;0.1250;kg;1.89;15.12;;;02.05.2025;2.29;8437006505574;Hrana
BOM.NIMM2 SOFIES JOGURT 90 g;315639;Nimm 2;0.0900;kg;1.25;13.89;;;02.05.2025;1.25;4014400917109;Hrana
BOM.NIMM2 SOFIES VOÆNI 90 g;315641;Nimm 2;0.0900;kg;1.25;13.89;;;02.05.2025;1.25;4014400917062;Hrana
VODA ZA USTA LISTERINE 500 ml;315642;Listerine;0.5000;L;6.49;12.98;;;02.05.2025;6.29;5010123714383;Kozmetika
BOMBONI NIMM2 HAPPIES 180 g;315643;Nimm 2;0.1800;kg;1.79;9.94;;;02.05.2025;1.79;4014400925784;Hrana
VODA ZA USTA LISTERINE 500 ml;315644;Listerine;0.5000;L;6.49;12.98;;;02.05.2025;6.29;3574661397535;Kozmetika
GEL ZA BRIJAN.GILLETTE 200 ml;315646;Gillette;0.2000;L;3.99;19.95;;3.99;02.05.2025;3.79;7702018457786;Kozmetika
PJENA ZA BRIJ.GILLETTE 200 ml;315647;Gillette;0.2000;L;;9.95;1.99;2.09;02.05.2025;1.99;3014260228668;Kozmetika
GEL ZA B.GILLETTE FUSIO.200 ml;315652;Gillette;0.2000;L;4.79;23.95;;4.79;02.05.2025;4.79;7702018465156;Kozmetika
GEL ZA B.GILLETTE FUSI.200 ml;315653;Gillette;0.2000;L;4.79;23.95;;4.79;02.05.2025;4.79;7702018617098;Kozmetika
TUNA SALATA EVA CR.KVINO.160 g;315676;Eva;0.1600;kg;4.29;26.81;;;02.05.2025;4.29;3856020217679;Hrana
TUNA SALATA EVA KUS KUS 160 g;315677;Eva;0.1600;kg;4.29;26.81;;;02.05.2025;4.29;3856020217730;Hrana
KA©ICA LINO JAB.©LJ.GRIZ 190 g;315680;Lino;0.1900;kg;1.59;8.37;;;02.05.2025;1.59;3856020211158;Hrana
BOMBONI ÈUNGA LUNGA 8,5 g;315699;Cunga Lunga;0.0085;kg;0.39;45.88;;;02.05.2025;0.39;5310089005106;Hrana
SOJADE NATURAL 400 g;315704;;0.4000;kg;2.99;7.48;;;02.05.2025;2.99;3273227081023;Hrana
©UNKA U OVITKU PIK 350 g;315758;Pik;0.3500;kg;4.59;13.11;;;02.05.2025;4.59;3850139173550;Hrana
MAS.ZA K.ELSEVE COCO 300 ml;315760;Elseve;0.3000;L;6.95;23.17;;;02.05.2025;6.95;3600523629770;Kozmetika
VINO PER©URIÆ MU©KAT ®U.0,75 L;315806;;0.7500;L;10.49;13.99;;;02.05.2025;7.99;3859890165064;Piæa
VINO PER©URIÆ TERAN 0,75 L;315807;;0.7500;L;9.32;12.43;;;02.05.2025;9.32;3859890165057;Piæa
KIKIRIKI SLANI PEÈ.SPAR 250 g;315810;SPAR;0.2500;kg;1.74;6.96;;;02.05.2025;1.74;3856021206085;Hrana
BUÈINE SJEMENKE PEÈ.SPAR 100 g;315813;SPAR;0.1000;kg;1.29;12.90;;;02.05.2025;1.29;3856021206108;Hrana
BUÈINE GOLICE SPAR 100 g;315815;SPAR;0.1000;kg;0.98;9.80;;;02.05.2025;0.98;3856021206122;Hrana
BRUSCHETTE MARETTI 70 g;315851;;0.0700;kg;;11.29;0.79;0.95;02.05.2025;0.95;3800205877325;Hrana
DES.MLIJ.MONTE MEGA XXL 400 g;315859;Zott;0.4000;kg;2.38;5.95;;;02.05.2025;2.38;4014500516288;Hrana
BOMBONI BEBETO ST.JAG.VAN.75 g;315875;Bebeto;0.0750;kg;0.99;13.20;;;02.05.2025;0.99;8690146134343;Hrana
LIZAL.CH.CHUPS 3D JAG.LIM.15 g;315876;Chupa Chups;0.0150;kg;0.69;46.00;;;02.05.2025;0.69;6921211114611;Hrana
KOKICE BOBI MIKROV.SL.100 g;315877;Bobi;0.1000;kg;0.96;9.60;;;02.05.2025;0.96;3858891590929;Hrana
KOKICE BOBI SLANE 100 g;315885;Bobi;0.1000;kg;1.39;13.90;;;02.05.2025;1.39;3858891590943;Hrana
POSL.ZA PSE SCOT.©TAPIÆ.7X11 g;315892;Scotty;0.0770;kg;1.59;20.65;;;02.05.2025;1.59;9100000828244;Proizvodi za kuæanstvo
VINO VEZAK GRA©EVINA 1L;315893;;1.0000;L;6.12;6.12;;;02.05.2025;6.12;3850112171214;Piæa
VINO BELJE GRA©.GOLD VR.0,75 L;315894;;0.7500;L;27.52;36.69;;;02.05.2025;27.52;3850257019396;Piæa
VINO BELJE FRANK.VR. 0,75 L;315895;;0.7500;L;14.99;19.99;;;02.05.2025;14.99;3850257020606;Piæa
VINO CASTELLO  FESTIGIA 0,75 L;315931;;0.7500;L;13.98;18.64;;;02.05.2025;13.98;3858881191990;Piæa
APORT ZA PSE MEKANI 16 cm;315944;Vitakraft;1.0000;kom;2.69;2.69;;;02.05.2025;2.65;8007229007454;Proizvodi za kuæanstvo
IGRAÈKA ZA PSE PLASTIÈNA 8 cm;315946;Vitakraft;1.0000;kom;1.49;1.49;;;02.05.2025;1.52;4008239592644;Proizvodi za kuæanstvo
LOPATICA PLASTIÈ.ZA PSE 6,5 cm;315949;Vitakraft;1.0000;kom;2.59;2.59;;;02.05.2025;2.65;8007229007447;Proizvodi za kuæanstvo
POSLAS.ZA PSE KOST BIJELA 80 g;315951;Vitakraft;0.0800;kg;2.89;36.13;;;02.05.2025;2.89;8007229346362;Proizvodi za kuæanstvo
POSL.ZA PSE VITA.GOVEDINA 55 g;315952;Vitakraft;0.0550;kg;2.49;45.27;;;02.05.2025;2.49;8007229212865;Proizvodi za kuæanstvo
POSL.ZA PSE VITAK.GOV.70 g;315953;Vitakraft;0.0700;kg;3.29;47.00;;;02.05.2025;3.29;8007229213053;Proizvodi za kuæanstvo
POSL.ZA PSE VITAK.GOV.60 g;315955;Vitakraft;0.0600;kg;3.19;53.17;;;02.05.2025;3.19;8007229211974;Proizvodi za kuæanstvo
POSLASTICA ZA GLODAVCE 500 g;315956;Vitakraft;0.5000;kg;4.49;8.98;;;02.05.2025;4.49;4008239252470;Proizvodi za kuæanstvo
©AMPON U PJENI  200 ml;315957;Vitakraft;0.2000;L;4.99;24.95;;;02.05.2025;4.9;8007229001117;Proizvodi za kuæanstvo
TORBICA+VREÆICE ZA PS.IZ.2X20 ;315958;Vitakraft;1.0000;kom;3.79;3.79;;;02.05.2025;3.71;8007229202668;Proizvodi za kuæanstvo
DEO SPR.NIVEA SILKY 150 ml;315971;Nivea;0.1500;L;4.99;33.27;;;02.05.2025;4.99;9005800302072;Kozmetika
GIN BEEFEATER PINK 0,7 L;316003;;0.7000;L;22.02;31.46;;;02.05.2025;22.02;5000299605950;Piæa
ZAÈIN VEGETA NATUR 75 g;316059;;0.0750;kg;1.49;19.87;;;02.05.2025;1.49;3850104257933;Hrana
PLOÈ.NES.FIT.RED BERRI.23,5 g;316071;Nestle;0.0235;kg;0.99;42.13;;;02.05.2025;0.89;5900020029447;Hrana
IN.KAVA FRANCK STRONG 3U1 18 g;316093;Franck;0.0180;kg;0.39;21.67;;;02.05.2025;0.39;3858881084636;Piæa
INS.KAVA FRANCK STRO.3U1 180 g;316094;Franck;0.1800;kg;2.29;12.72;;;02.05.2025;2.29;3858881084681;Piæa
NAMAZ ARG.JUNIOR KOKOKREM 95 g;316152;Argeta;0.0950;kg;1.39;14.63;;;02.05.2025;1.39;3838471034685;Hrana
BADEMI U ÈOKOL.SPAR PREM.150 g;316181;SPAR PREMIUM;0.1500;kg;3.79;25.27;;;02.05.2025;3.79;9100000827582;Hrana
TAB.FINISH QUANTUM MAX 72/1;316182;Finish;72.0000;kom;18.95;0.26;;;02.05.2025;18.95;5908252004904;Sredstva za èi¹æenje
Som cijeli svje¾i;316193;;1.0000;kg;8.99;8.99;;;02.05.2025;8.99;3858889833663;Hrana
MLIJ.TRAJ.FREE FROM 3,5%MM 1 L;316194;SPAR free from;1.0000;L;1.59;1.59;;;02.05.2025;1.59;3831115337661;Hrana
TJESTENINA FU®I KARLA 350 g;316201;®itoproizvod;0.3500;kg;1.89;5.40;;;02.05.2025;1.89;3858881506251;Hrana
VOÆNI PIRE NP JAB.BAN.MAL.90 g;316257;Natur pur;0.0900;kg;.89;9.89;;;02.05.2025;.89;9100000707730;Hrana
MAST SVINJSKA S BUDGET 500 g;316268;S-Budget;0.5000;kg;1.55;3.10;;;02.05.2025;1.55;3856021206900;Hrana
KA©ICA HIPPIS JAB.MAN.BR.100 g;316271;Hipp;0.1000;kg;1.35;13.50;;;02.05.2025;1.35;4062300262621;Hrana
KAVA BARCAFFE ESPRES.ZRNO 1 kg;316281;Barcaffe;1.0000;kg;23.49;23.49;;;02.05.2025;23.49;3838975531673;Piæa
POSL.ZA PSE SCOT.©TAPIÆ.7X11 g;316291;Scotty;0.0770;kg;1.59;20.65;;;02.05.2025;1.59;9100000828268;Proizvodi za kuæanstvo
RI®OTO SCOTTI MILANESE 210 g;316313;RISO SCOTTI;0.2100;kg;2.59;12.33;;;02.05.2025;3.19;8001860257810;Hrana
RI®OTO SCOTTI PARMIGIANA 210 g;316314;RISO SCOTTI;0.2100;kg;2.49;11.86;;;02.05.2025;3.19;8001860257773;Hrana
NAM.BONNE MAMAN KARAMEL 380 g;316321;Bonne Maman;0.3800;kg;4.99;13.13;;;02.05.2025;7.19;3045320523355;Hrana
D®EM BON.MAMAN MARELICA 370 g;316322;Bonne Maman;0.3700;kg;4.99;13.49;;;02.05.2025;7.19;3608580760986;Hrana
D®EM BONNE MAMAN JAG.MAL.370 g;316323;Bonne Maman;0.3700;kg;4.99;13.49;;;02.05.2025;7.49;3608580007203;Hrana
LUK ®UTI VH 1 kg;316339;SPAR Kroatische Gärten;1.0000;kg;0.99;0.99;;;02.05.2025;0.99;3856021225444;Hrana
LUK LJUBIÈASTI VH 1 kg;316345;SPAR Kroatische Gärten;1.0000;kg;1.19;1.19;;;02.05.2025;1.19;3856021225482;Hrana
LUK LJUBIÈAST RUKAVAC VH 4/1;316352;SPAR Kroatische Gärten;4.0000;KOM;1.19;0.30;;;02.05.2025;1.19;3856021225468;Hrana
LUK ®UTI RUKAVAC VH 4/1;316353;SPAR Kroatische Gärten;4.0000;KOM;0.99;0.25;;;02.05.2025;0.99;3856021225420;Hrana
KA©ICA FRUTEK MAR.®ITAR.100 g;316385;Fructal;0.1000;kg;1.39;13.90;;;02.05.2025;1.39;3838945035026;Hrana
KA©ICA FRUTEK BRES.JOG.100 g;316386;Fructal;0.1000;kg;1.39;13.90;;;02.05.2025;1.39;3838945035019;Hrana
KA©ICA FRUTEK ©PIN.PUR.190 g;316387;Fructal;0.1900;kg;1.99;10.47;;;02.05.2025;1.99;3838945030687;Hrana
KA©ICA FRUTEK POV.GOV.190 g;316388;Fructal;0.1900;kg;1.99;10.47;;;02.05.2025;1.99;3838945030663;Hrana
TORTILE MEXIFOODS P©.6/1 370 g;316425;;0.3700;kg;2.59;7.00;;;02.05.2025;3.59;8422424100159;Hrana
TORTILE MEXIFOODS KUK.10 250 g;316426;;0.2500;kg;2.29;9.16;;;02.05.2025;3.19;8422424100012;Hrana
TORTILE MEXIFOODS P© 8/1 320 g;316427;;0.3200;kg;2.29;7.16;;;02.05.2025;3.19;8422424100081;Hrana
TORTILE MEXIFOOD.INTEG.8 320 g;316429;;0.3200;kg;2.29;7.16;;;02.05.2025;2.89;8422424100500;Hrana
GIN TANQUERAY RANGPUR 0,7 L;316460;;0.7000;L;28.09;40.13;;;02.05.2025;28.09;5000291025930;Piæa
EN.PIÆE BURN JABUKA-KIW.0,25 L;316465;Burn;0.2500;L;1.24;4.96;;;02.05.2025;1.24;5060466518407;Piæa
PIVO STELLA 4X0,5 L;316467;Stella Artois;2.0000;L;6.11;3.06;;;02.05.2025;5.11;3850131483374;Piæa
MLIJ.KREMA PREMIUM KARAM.250 g;316469;Premium;0.2500;kg;3.49;13.96;;;02.05.2025;3.49;9100000803081;Hrana
RI®A SPAR BASMATI SMEÐA 500 g;316473;SPAR;0.5000;kg;2.19;4.38;;;02.05.2025;2.19;9100000829371;Hrana
UMAK S-BUDGET ARRABBIATA 500 g;316476;S-BUDGET;0.5000;kg;1.99;3.98;;;02.05.2025;1.99;9100000826660;Hrana
UMAK S-BUDGET MJE©AV.ZAÈ.500 g;316479;S-BUDGET;0.5000;kg;1.99;3.98;;;02.05.2025;1.99;9100000826684;Hrana
UMAK S-BUDGET BOSILJAK 500 g;316480;S-BUDGET;0.5000;kg;1.99;3.98;;;02.05.2025;1.99;9100000826707;Hrana
CORNFLAKES PIR NATUR PUR 375 g;316481;Spar Natur pur;0.3750;kg;2.59;6.91;;;02.05.2025;2.59;9100000827780;Hrana
S SALVETE BIJELE 30/1,33x33cm;316520;SPAR Qualitätsmarke;1.0000;kom;1.19;1.19;;;02.05.2025;1.19;9100000634005;Proizvodi za kuæanstvo
S SALVETE KREM 30/1,33X33cm;316522;SPAR Qualitätsmarke;1.0000;kom;1.19;1.19;;;02.05.2025;1.19;9100000634012;Proizvodi za kuæanstvo
S SALVETE ®UTA 30/1,33X33cm;316523;SPAR Qualitätsmarke;1.0000;kom;1.19;1.19;;;02.05.2025;1.19;9100000634029;Proizvodi za kuæanstvo
S SALVETE CRVENA 30/1,33X33cm;316525;SPAR Qualitätsmarke;1.0000;kom;1.19;1.19;;;02.05.2025;1.19;9100000634067;Proizvodi za kuæanstvo
HRSKAVI KRUH NATUR PUR 250 g;316527;Spar Natur pur;0.2500;kg;1.99;7.96;;;02.05.2025;1.99;9100000829395;Hrana
S SALVETE SV.PLAVA30/1,33X33cm;316528;SPAR Qualitätsmarke;1.0000;kom;1.19;1.19;;;02.05.2025;1.19;9100000634104;Proizvodi za kuæanstvo
S SALVETE T.PLAVA 30/1,33X33cm;316530;SPAR Qualitätsmarke;1.0000;kom;1.19;1.19;;;02.05.2025;1.19;9100000634111;Proizvodi za kuæanstvo
KRUMPIR BATAT VH 1 kg;316557;SPAR Kroatische Gärten;1.0000;kg;1.69;1.69;;;02.05.2025;1.69;3856021226908;Hrana
DO.JE.FANT ©PAG.BOLOGNESE 58 g;316579;Podravka;0.0580;kg;1.39;23.97;;;02.05.2025;1.39;3850104295089;Hrana
ÈVARCI S BUDGET 250 g;316616;S-Budget;0.2500;kg;4.99;19.96;;;02.05.2025;4.99;3856021207907;Hrana
GEL ZA TU©.ADIDAS ACTIVE 250ml;316642;Adidas;0.2500;L;2.79;11.16;;;02.05.2025;2.79;3616304240652;Kozmetika
POSEBNA PILEÆA PAVO 500 g;316681;Pavo;0.5000;kg;1.49;2.98;;1.49;02.05.2025;2.19;8008110010089;Hrana
JABUKA CRVENA VH 1 kg;316688;SPAR Kroatische Gärten;1.0000;kg;1.49;1.49;;;02.05.2025;1.49;3856021219801;Hrana
SIR GRANA PA.SPAR PREMIUM 60 g;316689;SPAR Premium;0.0600;kg;1.99;33.17;;;02.05.2025;1.99;9100000976150;Hrana
JABUKA ZELENA VH 1 kg;316701;SPAR Kroatische Gärten;1.0000;kg;1.59;1.59;;;02.05.2025;1.59;3856021219764;Hrana
EN.PIÆE BURN ORIGINAL 0,25 L;316704;Burn;0.2500;L;1.24;4.96;;;02.05.2025;1.24;5060466518070;Piæa
MESNI NAREZAK VIKEND 400 g;316725;Ppk;0.4000;kg;2.12;5.30;;;02.05.2025;2.12;3858890187298;Hrana
TUNA RIO MARE NATURA 3X56 g;316783;Rio Mare;0.1680;kg;5.89;35.06;;;02.05.2025;5.89;8004030271258;Hrana
OSVJ.PIÆE S-BUD.BRES.25% 0,2 L;316789;S-Budget;0.2000;L;0.49;2.45;;;02.05.2025;0.49;9100000759500;Piæa
ÈETK.ZA ZUBE PARODONTAX  GUMS;316791;Parodontax;1.0000;KOM;5.39;5.39;;;02.05.2025;5.39;5054563049490;Kozmetika
ÈETK.ZUB.PARODONTAX 3/1 GUMS;316793;Parodontax;3.0000;kom;11.59;3.86;;;02.05.2025;11.59;5054563050137;Kozmetika
SIR GRANA PADANO DESPAR 300 g;316794;DESPAR;0.3000;kg;7.49;24.97;;;02.05.2025;6.99;9100000939476;Hrana
CIABATTA PECIVO SCHAR BG.200 g;316807;Schar;0.2000;kg;;16.35;3.27;4.09;02.05.2025;4.09;8008698010259;Hrana
HAMBURG.PECIVO SCHAR BG.4X75 g;316809;Schar;0.3000;kg;;13.03;3.91;4.89;02.05.2025;4.89;8008698012246;Hrana
KEKSI SCHAR KAKAO BG.125 g;316815;Schar;0.1250;kg;;21.68;2.71;3.39;02.05.2025;3.39;8008698001882;Hrana
MUFFIN SCHAR ÈOKOL.BG.60 g;316817;Schar;0.0600;kg;;21.50;1.29;1.89;02.05.2025;1.89;8008698015988;Hrana
KRUH PROTEIN. S BADEMOM 250 g;316885;;0.2500;kg;3.17;12.68;;;02.05.2025;3.17;4000446011574;Hrana
PUREÆI ODRESCI OD PRSA 400 g;316895;Vindon;0.4000;kg;6.59;16.48;;;02.05.2025;6.59;3850339402139;Hrana
MICELARNA VODA MIXA 400ml;317026;MIXA;0.4000;l;7.49;18.73;;;02.05.2025;7.49;3600550932782;Kozmetika
KREMA ZA LICE MIXA LIGHT 50 ml;317027;MIXA;0.0500;l;7.99;159.80;;;02.05.2025;7.99;3600550932836;Kozmetika
KREMA ZA LICE MIXA RICHE 50 ml;317028;MIXA;0.0500;l;7.99;159.80;;;02.05.2025;7.99;3600550934922;Kozmetika
KREMA LICE LOREAL AGE+65 50 ml;317031;LOREAL;0.0500;l;9.39;187.80;;;02.05.2025;9.39;3600523408948;Kozmetika
KREMA LICE LOREAL AGE +65 50ml;317033;LOREAL;0.0500;l;9.39;187.80;;;02.05.2025;9.39;3600523408979;Kozmetika
MASKA LICE GARNIER PURE 150 ml;317036;Garnier;0.1500;l;6.99;46.60;;;02.05.2025;6.99;3600542084444;Kozmetika
AJVAR MAMAS BLAGI 290 g;317047;Mamas;0.2900;kg;5.99;20.66;;;02.05.2025;5.99;5310146002635;Hrana
AJVAR MAMAS LJUTI 290 g;317048;Mamas;0.2900;kg;5.99;20.66;;;02.05.2025;5.99;5310146002642;Hrana
AJVAR MAMAS LJUTI 550 g;317049;Mamas;0.5500;kg;9.99;18.16;;;02.05.2025;9.99;5310146002628;Hrana
AJVAR MAMAS BLAGI 550 g;317050;Mamas;0.5500;kg;9.99;18.16;;;02.05.2025;9.99;5310146002611;Hrana
MIC.VODICA GARNIER 700 ml;317053;Garnier;0.7000;l;8.79;12.56;;;02.05.2025;8.79;3600541940567;Kozmetika
KRAK.HUMBOLDTOVE LIGNJE 1 kg;317083;;1.0000;kg;9.29;9.29;;;02.05.2025;9.29;5604997208347;Hrana
BLITVA VH 500 g;317097;SPAR Kroatische Gärten;0.5000;kg;1.49;2.98;;;02.05.2025;1.59;3859894356017;Hrana
TEK.SAP.BEAUTY KISS 500 ml;317102;Beauty Kiss;0.5000;L;1.29;2.58;;;02.05.2025;1.35;9100000157061;Kozmetika
TEK.SAP.BEAUTY KISS 500 ml;317106;Beauty Kiss;0.5000;L;1.29;2.58;;;02.05.2025;1.35;9100000157047;Kozmetika
TEK.SAP.BEAUTY KISS 500 ml;317110;Beauty Kiss;0.5000;L;1.29;2.58;;;02.05.2025;1.35;9100000157023;Kozmetika
©AMPON SCHAUMA DRY 150 ml;317111;Schauma;0.1500;L;3.49;23.27;;3.49;02.05.2025;3.99;9000101213942;Kozmetika
©AMPON SCHAUMA DRY 150ml;317112;Schauma;0.1500;L;3.49;23.27;;3.49;02.05.2025;3.99;9000101213980;Kozmetika
GEL BEAUTY KISS X-STRON.250 ml;317120;Beauty Kiss;0.2500;L;2.29;9.16;;;02.05.2025;2.29;9100000154893;Kozmetika
EL.KOMPLET AIRWICK 19 ml ;317136;Airwick;1.0000;kom;7.49;7.49;;;02.05.2025;7.49;5999109542397;Sredstva za èi¹æenje
GAZ.PIÆE SCHWEPPE.BIT.LE0,33 L;317162;Schweppes;0.3300;L;1.28;3.88;;;02.05.2025;1.28;5449000064110;Piæa
GRANULE SLAMKA ÈOK.-BAN. 30 g;317164;Quick Milk;0.0300;kg;0.85;28.33;;;02.05.2025;0.85;5996071655384;Piæa
GRANULE SLAMKA ÈOKOLADA 30 g;317166;Quick Milk;0.0300;kg;0.85;28.33;;;02.05.2025;0.85;5996071650648;Piæa
GRANULE SLAMKA JAGODA 30 g;317168;Quick Milk;0.0300;kg;0.85;28.33;;;02.05.2025;0.85;5996071650655;Piæa
GRANULE SLAMKA VANILIJA 30 g;317169;Quick Milk;0.0300;kg;0.85;28.33;;;02.05.2025;0.85;5996071650631;Piæa
NEKTAR TO GUSTI 2 L;317173;To;2.0000;L;2.55;1.28;;;02.05.2025;2.55;3858890973396;Piæa
PIVO HEINEKEN 0,0% 0,33 L;317183;Heineken;0.3300;L;1.28;3.88;;;02.05.2025;1.28;3830054841802;Piæa
PJENA ZA KOSU ANNYER 250 ml;317248;Annyer;0.2500;L;4.79;19.16;;;02.05.2025;4.79;3850177000740;Kozmetika
LAK ZA KOSU ANNYER 500 ml;317249;Annyer;0.5000;L;5.09;10.18;;;02.05.2025;5.09;3850177010862;Kozmetika
SERUM ZA KOSU MISS FUNK 50 ml;317252;Miss Funk;0.0500;L;5.25;105.00;;;02.05.2025;5.25;3850177005349;Kozmetika
MIR.PERLICE LENOR FRESH 210 g;317267;Lenor;0.2100;kg;5.99;28.52;;;02.05.2025;5.99;8001090867070;Sredstva za èi¹æenje
ORAHNJAÈA MLINAR 500 g;317316;;0.5000;kg;4.84;9.68;;;02.05.2025;4.84;3858881126565;Hrana
MAKOVNJAÈA MLINAR 500 g;317317;;0.5000;kg;4.84;9.68;;;02.05.2025;4.84;3858881125537;Hrana
VINO SAUVIGNON ÐAKOVO 0,75 L;317326;;0.7500;L;6.69;8.92;;;02.05.2025;6.69;3859888932371;Piæa
VINO RAJN.RIZLING ÐAK.0,75 L;317328;;0.7500;L;6.69;8.92;;;02.05.2025;6.69;3859888932319;Piæa
VINO GRA©EVINA ÐAKOVO 0,75 L;317330;;0.7500;L;6.69;8.92;;;02.05.2025;6.69;3859888932258;Piæa
Krumpir VH rfs;317349;SPAR Kroatische Gärten;1.0000;kg;0.69;0.69;;;02.05.2025;0.69;3859889267700;Hrana
SIR GAUDA 45%m.m.S BUDGE.400 g;317368;S-BUDGET;0.4000;kg;4.49;11.23;;;02.05.2025;4.49;3856021207242;Hrana
SIR TILZIT 45%mm S BUDGE.400 g;317370;S-BUDGET;0.4000;kg;4.79;11.98;;;02.05.2025;4.79;3856021207266;Hrana
OKRUGLICE NOUG.MILK LEDO 500 g;317425;;0.5000;kg;2.99;5.98;;;02.05.2025;2.99;3850116008240;Hrana
VINO MALVAZIJA ZIGANTE 0,75 L;317446;;0.7500;L;10.78;14.37;;;02.05.2025;10.78;3859892938079;Piæa
VINO MU©KAT ZIGANTE 0,5 L;317449;;0.5000;L;10.78;21.56;;;02.05.2025;10.78;3859892938161;Piæa
VINO TERAN ZIGANTE 0,75 L;317457;;0.7500;L;11.82;15.76;;;02.05.2025;11.82;3859892938086;Piæa
PIVO BEZGLUTENSKO 0,33 L;317463;;0.3300;L;2.19;6.64;;;02.05.2025;2.19;8410793262936;Piæa
VINO PLAVAC M. VR.TELUS 0,75 L;317464;;0.7500;L;8.89;11.85;;;02.05.2025;8.89;3857500014153;Piæa
MASLINE GAEA ORIG.LIM.BK.65 g;317526;Gaea;0.0650;kg;2.39;36.77;;;02.05.2025;2.39;5201671801506;Hrana
MASLINE GAEA ÆILI PAP.BK.65 g;317527;Gaea;0.0650;kg;2.39;36.77;;;02.05.2025;2.39;5201671801650;Hrana
MASLINE GAEA KALAMATA BK.65 g;317528;Gaea;0.0650;kg;2.59;39.85;;;02.05.2025;2.59;5201671801513;Hrana
KRUMPIR ZA KUHANJE VH 3 kg;317569;SPAR Kroatische Gärten;3.0000;kg;2.79;0.93;;;02.05.2025;2.79;3856021227219;Hrana
KRUMPIR ZA PEÈ. I PR®. VH 3 kg;317570;SPAR Kroatische Gärten;3.0000;kg;2.79;0.93;;;02.05.2025;2.79;3856021227226;Hrana
LOSION AUTAN SPORT 100ml;317630;Autan;0.1000;L;8.89;88.90;;;02.05.2025;8.89;5000204022339;Kozmetika
ÈVARKOMAZ 250 g;317652;Ravliæ;0.2500;kg;3.19;12.76;;;02.05.2025;3.19;3858891910161;Hrana
Suha domaæa èe¹njovka rnf;317817;Medven;1.0000;kg;15.69;15.69;;;02.05.2025;15.69;3859893326462;Hrana
POMMES BATAT SPAR 450 g;317898;SPAR Qualitätsmarke;0.4500;kg;2.99;6.64;;;02.05.2025;2.99;9100000813318;Hrana
ÈOKOLADA DUPLO 91 g;317923;Ferrero;0.0910;kg;1.79;19.67;;;02.05.2025;1.79;4008400300429;Hrana
ÈOKOLADA DUPLO 36,4 g;317928;Ferrero;0.0364;kg;0.99;27.20;;;02.05.2025;0.99;4008400305424;Hrana
MAJONEZA THOMY VREÆICA 160 g;317932;Thomy;0.1600;kg;1.79;11.19;;;02.05.2025;1.72;7613287192356;Hrana
DRA®EJE SCHOKO BONS 46 g;317935;Ferrero;0.0460;kg;;34.57;1.59;1.99;02.05.2025;1.99;4008400284620;Hrana
MAJONEZA THOMY VREÆICA 80 g;317943;Thomy;0.0800;kg;1.15;14.38;;;02.05.2025;1.15;7613287192561;Hrana
ÈAJ NATURAVITA BREATHE 35 g;317964;Naturavita;0.3500;kg;1.95;5.57;;;02.05.2025;1.95;3858884091686;Piæa
DES.BIO FRUBI-DOO NP6x50 g;317989;SPAR Natur*pur;0.3000;kg;1.89;6.30;;;02.05.2025;1.89;9100000158488;Hrana
ÈET.DJ.ORA.B STAG.3 S.WARS 1/1;318041;Oral B;1.0000;kom;3.49;3.49;;;02.05.2025;3.49;3014260098964;Toaletne potrep¹tine
GEL T.BEAUTY KISS AFRICA 300ml;318044;Beauty Kiss;0.3000;L;1.35;4.50;;;02.05.2025;1.35;9100000154817;Kozmetika
GEL TU.BEAUTY MEN SPORT 300 ml;318047;Beauty Kiss;0.3000;L;1.35;4.50;;;02.05.2025;1.35;9100000897097;Kozmetika
GEL T.BEAUTY KISS MEN S.300 ml;318050;Beauty Kiss;0.3000;L;1.35;4.50;;;02.05.2025;1.35;9100000155210;Kozmetika
GEL TU©.BEAUTY KISS LAV.300 ml;318057;Beauty Kiss;0.3000;L;1.35;4.50;;;02.05.2025;1.35;9100000155258;Kozmetika
SIR MIJE©. ISTARSKI ©PIN 230 g;318095;Agrolaguna;0.2300;kg;8.29;36.04;;;02.05.2025;8.29;3858881196551;Hrana
SIR MLA.KRAVLJI IST.©PIN 230 g;318096;Agrolaguna;0.2300;kg;5.19;22.57;;;02.05.2025;5.19;3858881196629;Hrana
SET EVELINE RU®+OLO.ZA USNE 01;318105;Eveline;1.0000;kom;7.59;7.59;;;02.05.2025;7.59;5901761966671;Kozmetika
MRAMORNI KOLAÈ S BUDGET 400 g;318106;S-BUDGET;0.4000;kg;2.18;5.45;;;02.05.2025;2.18;9100000825601;Hrana
SET EVELINE RU®+OLO.ZA USNE 02;318110;Eveline;1.0000;kom;7.59;7.59;;;02.05.2025;7.59;5901761966688;Kozmetika
Sir mladi kravlji istarsk.©pin;318113;Agrolaguna;1.0000;kg;20.99;20.99;;;02.05.2025;20.99;3858881196308;Hrana
SET EVELINE RU®+OLO.ZA USNE 03;318123;Eveline;1.0000;kom;7.59;7.59;;;02.05.2025;7.59;5901761966695;Kozmetika
TORTA JAFFA  800 g;318174;;0.8000;kg;9.69;12.11;;;02.05.2025;9.69;3830056441437;Hrana
MAR.ZEWA SOFT SENSITIVE 80/1;318213;Zewa;80.0000;kom;2.35;0.03;;;02.05.2025;2.35;7322540926279;Toaletne potrep¹tine
DET.TETA VIOLETA BLACK 2,7 L;318235;Teta Violeta;2.7000;L;6.19;2.29;;5.59;02.05.2025;5.59;3870128016996;Sredstva za èi¹æenje
DET.TETA VIOLETA COLOR 2,7 L;318237;Teta Violeta;2.7000;L;6.19;2.29;;5.59;02.05.2025;5.59;3870128017085;Sredstva za èi¹æenje
MAR.SPLENDID ZA SKUPLJ.BO.24/1;318301;Splendid;24.0000;kom;1.99;0.08;;;02.05.2025;1.99;9100000156903;Proizvodi za kuæanstvo
PEL.PAMPERS ABD S7 44/1;318312;Pampers;44.0000;kom;14.99;0.34;;;02.05.2025;14.99;8001090949295;Toaletne potrep¹tine
PEL.PAMPERS ABD S3 70/1;318318;Pampers;70.0000;kom;15.89;0.23;;15.89;02.05.2025;15.89;8001090948656;Toaletne potrep¹tine
PS.HRANA CESAR U ®ELEU 4X100 g;318321;Cesar;0.4000;kg;3.79;9.48;;;02.05.2025;3.79;5900951253577;Proizvodi za kuæanstvo
PS.HRANA CESAR U UMAKU 4X100 g;318325;Cesar;0.4000;kg;3.79;9.48;;;02.05.2025;3.79;5900951253553;Proizvodi za kuæanstvo
MAÈJA HRA.PER.FIT IN.PIL.750 g;318329;Perfect Fit;0.7500;kg;6.19;8.25;;;02.05.2025;6.19;5900951307737;Proizvodi za kuæanstvo
MAÈJA HRANA PERF.FIT PIL.750 g;318331;Perfect Fit;0.7500;kg;6.19;8.25;;;02.05.2025;6.19;5900951307645;Proizvodi za kuæanstvo
MAÈJA HRANA PER.FIT PIL.750 g;318336;Perfect Fit;0.7500;kg;6.19;8.25;;;02.05.2025;6.19;5900951307720;Proizvodi za kuæanstvo
MAÈJA HRANA PER.FIT PUR.750 g;318337;Perfect Fit;0.7500;kg;6.19;8.25;;;02.05.2025;6.19;5900951307652;Proizvodi za kuæanstvo
BOMBONI RICOLA BAZGA 40 g;318346;Ricola;0.0400;kg;1.59;39.75;;;02.05.2025;1.59;7610700006092;Hrana
KOKOSOVO MLIJE.S-BUDGET 400 ml;318367;S-Budget;0.4000;l;1.49;3.73;;;02.05.2025;1.49;9100000826974;Hrana
GIN BEEFEATER 0,7L+ÈA©A;318372;;0.7000;L;20.02;28.60;;;02.05.2025;20.02;3830023021167;Piæa
WHIS. JACK DANIELS 0,7L KUTIJA;318382;;0.7000;L;30.02;42.89;;;02.05.2025;30.02;5099873224984;Piæa
TUNA FJK ODREZAK U ULJU 80 g ;318418;Franz Jozef Kaiser;0.0520;kg;1.69;32.50;;;02.05.2025;1.69;8595241512907;Hrana
JUHA BOGATA JEÈAM I POVR. 70 g;318523;Podravka;0.0700;kg;1.59;22.71;;;02.05.2025;1.59;3856020218881;Hrana
JUHA BOGATA VRGANJI HELJ.70 g;318526;Podravka;0.0700;kg;1.59;22.71;;;02.05.2025;1.59;3856020218850;Hrana
JUHA BOGATA S 5 ®ITARICA 80 g;318531;Podravka;0.0800;kg;1.59;19.88;;;02.05.2025;1.59;3856020218676;Hrana
WHIS.J.WALKER RED L.0,7 L+2ÈA©;318555;;0.7000;l;17.39;24.84;;;02.05.2025;17.39;3859894245106;Piæa
WHISKEY JIM BEAM BLACK 0,7 L;318559;;0.7000;L;25.02;35.74;;;02.05.2025;25.02;5010278104572;Piæa
WHISKEY THE DUBLINER 0,7 L;318564;;0.7000;L;20.48;29.26;;;02.05.2025;20.48;5390424121845;Piæa
GIN EMPIRE 0,10 L;318566;;0.1000;L;1.69;16.90;;;02.05.2025;1.69;3850158200923;Piæa
GIN HENDRICK´S 0,35 L;318567;;0.3500;L;22.98;65.66;;;02.05.2025;22.98;5010327717029;Piæa
MAR.ZEWA DELUXE KUTIJA 90/1 ;318579;Zewa;90.0000;kom;2.19;0.02;;;02.05.2025;2.19;4006670128002;Toaletne potrep¹tine
OSVJE.PI.JOY KIDS JABUKA 0,2 L;318608;Joy;0.2000;L;0.55;2.75;;;02.05.2025;0.55;3850158603786;Piæa
PIÆE FRUCTAL DVOSTRUKI C 1 L;318616;Fructal;1.0000;L;1.99;1.99;;;02.05.2025;1.99;3838945031936;Piæa
VODA VITAMIN WELL DEFANC.0,5 L;318617;;0.5000;L;2.02;4.04;;;02.05.2025;2.02;7350042716050;Piæa
VODA VITAMIN WELL RELOAD 0,5 L;318618;;0.5000;L;2.02;4.04;;;02.05.2025;2.02;7350042716074;Piæa
VODA VITAMIN WELL UPGRAD.0,5 L;318619;;0.5000;L;2.02;4.04;;;02.05.2025;2.02;7350042716180;Piæa
VODA VITAMIN WELL HYDRATE 0,5L;318620;;0.5000;L;2.02;4.04;;;02.05.2025;2.02;7350042716166;Piæa
VODA VITAMIN WELL ANTIOX.0,5 L;318623;;0.5000;L;2.02;4.04;;;02.05.2025;2.02;7350042716067;Piæa
KREMA COREGA MAX SEAL 40 g;318648;Corega;1.0000;kom;8.69;8.69;;;02.05.2025;8.69;5054563039033;Kozmetika
GRISINI PREMIUM RUSTICA 200 g;318693;SPAR Premium;0.2000;kg;2.49;12.45;;;02.05.2025;2.49;3856021209352;Hrana
PIVSKI ©TAPIÆ PREMIUM 100 g;318694;SPAR Premium;0.1000;kg;1.89;18.90;;;02.05.2025;1.89;3856021209376;Hrana
GRISINI PREMIUM SA SEZAM.200 g;318711;SPAR Premium;0.2000;kg;2.49;12.45;;;02.05.2025;2.49;3856021209338;Hrana
GRISINI PREMIUM SA ©PINAT.200g;318717;SPAR Premium;0.2000;kg;2.49;12.45;;;02.05.2025;2.49;3856021209314;Hrana
GRISINI PREMIUM MEDITERAN 200g;318722;SPAR Premium;0.2000;kg;2.49;12.45;;;02.05.2025;2.49;3856021209291;Hrana
MRE®ICA ELASTIÈNA 5m;318760;;1.0000;kom;2.49;2.49;;;02.05.2025;2.49;3858881733824;Hrana
POLUPR.CEL.OVITAK 45/50 5/1;318763;;1.0000;kom;2.89;2.89;;;02.05.2025;2.89;3858881736245;Hrana
POLUPR.CEL.OVITAK 55/50 5/1;318766;;1.0000;kom;2.89;2.89;;;02.05.2025;2.89;3858881736726;Hrana
ZAÈIN GRÈKI GYROS KOTANYI 35 g;318845;Kotanyi;0.0350;kg;1.79;51.14;;;02.05.2025;1.69;9001414134610;Hrana
GAZ. PIÆE PIPI 0,33 L LIMENKA;318869;Pipi;0.3300;L;1.12;3.39;;;02.05.2025;0.89;3859893637001;Piæa
LIKER PELINK.PREM.ZVEÈEVO1 L;318893;;1.0000;L;11.97;11.97;;;02.05.2025;11.97;3858894171002;Piæa
GIN MG ROSA 37,5% 0,7 L;318903;;0.7000;L;16.29;23.27;;;02.05.2025;16.29;8411640010472;Piæa
VINO BELJE MERLOT 0,75 L;318906;;0.7500;L;8.29;11.05;;;02.05.2025;8.29;3850257020293;Piæa
LIKER BOROV.ZVEÈEVO 0,70 L;318912;;0.7000;L;9.59;13.70;;;02.05.2025;9.59;3858894170821;Piæa
VINA BELJE CHARDONNAY 0,75 L;318913;;0.7500;L;7.05;9.40;;;02.05.2025;7.05;3850257019198;Piæa
MED MELBI KESTEN 250 g;318944;Melbi;0.2500;kg;6.63;26.52;;;02.05.2025;6.63;38502071;Hrana
MED MELBI LIPA 250 g;318945;Melbi;0.2500;kg;5.57;22.28;;;02.05.2025;5.57;38502101;Hrana
MED MELBI CVJETNI 250 g;318959;Melbi;0.2500;kg;5.04;20.16;;;02.05.2025;5.04;38502019;Hrana
Domaæa dim. slanina 1/2 Belje;318966;Belje;1.0000;kg;23.99;23.99;;;02.05.2025;23.99;3850139616309;Hrana
Bio cvjetaèa Natur Pur;319060;SPAR Natur*pur;1.0000;kg;3.39;3.39;;;02.05.2025;3.39;8437012715783;Hrana
TEK.SAPUN DOVE REFIL 500 ml;319174;Dove;0.5000;L;3.99;7.98;;;02.05.2025;3.99;8710447482179;Kozmetika
ÈOKO.ZA KUH.DESSERT CHEF 400 g;319207;;0.4000;kg;;12.48;4.99;6.79;02.05.2025;6.79;3858889866753;Hrana
SOK NATUREL MRKVA JAB. 720 ml;319305;Naturel;0.7200;l;3.58;4.97;;;02.05.2025;3.58;3858889362255;Piæa
Buðola Dobro;319337;Dobro;1.0000;kg;22.99;22.99;;;02.05.2025;22.99;3850133800933;Hrana
Pr¹ut delikates Dobro;319340;Dobro;1.0000;kg;;19.49;19.49;23.99;02.05.2025;23.99;3850133812608;Hrana
SIRUP BAKINO BLAGO MALINA 1 L;319370;Eigenbedarf;1.0000;L;2.99;2.99;;;02.05.2025;2.99;3859892735562;Piæa
SIRUP BAKINO BLAGO BAZGA 1 L;319374;Eigenbedarf;1.0000;L;2.99;2.99;;;02.05.2025;2.99;3859892735555;Piæa
SIRUP BAKINO BLAGO VI©NJA 1 L;319377;Eigenbedarf;1.0000;L;2.99;2.99;;;02.05.2025;2.99;3859892735548;Piæa
CHERRY PAPRIKE SA SIROM 210 g;319397;;0.1100;kg;4.29;39.00;;;02.05.2025;4.29;8606108738801;Hrana
ÈETK.ZA ZUBE ELMEX  ULTRA SOFT;319401;Elmex;1.0000;KOM;4.91;4.91;;;02.05.2025;4.91;8718951187658;Kozmetika
ÈETK.ZA ZUBE ELMEX 3/1 UL.SOFT;319402;Elmex;3.0000;KOM;11.19;3.73;;;02.05.2025;11.19;8718951188075;Kozmetika
ÈETK.ZA ZUBE SENSODYNE 2/1;319410;Sensodyne;2.0000;KOM;8.59;4.30;;;02.05.2025;6.39;5054563029706;Kozmetika
PEL.PAMPERS ABD S5 54/1;319437;Pampers;54.0000;kom;16.19;0.30;;;02.05.2025;16.19;8006540045657;Toaletne potrep¹tine
PUREÆI FILE 500 g;319543;Perutnina;0.5000;kg;6.29;12.58;;;02.05.2025;6.29;3838977036138;Hrana
PUR.ODRESCI OD FILEA 400 g;319544;Perutnina;0.4000;kg;6.29;15.73;;;02.05.2025;6.29;3838977036039;Hrana
ENER.PIÆE MONSTER 0,553 L ÈEP;319550;Monster;0.5530;L;2.39;4.32;;;02.05.2025;2.39;5060335634276;Piæa
ANTIQUE PELINKOVAC 0,7 L+2 ÈA©;319608;;0.7000;L;20.02;28.60;;;02.05.2025;19.89;3850112111258;Piæa
IND.ORA©.S-BUDG.PR®.NES.150 g;319656;S-Budget;0.1500;kg;3.69;24.60;;;02.05.2025;2.79;9100000157184;Hrana
ÈAJ PODRAVKA BAKIN 50 g;319697;Podravka;0.0500;kg;2.39;47.80;;;02.05.2025;2.39;3856020220655;Piæa
CELOFAN U ROLI 1mX100m;319719;;1.0000;kom;23.88;23.88;;;02.05.2025;23.88;3838429055250;Hrana
KUTIJA 340x185x90mm;319720;;1.0000;kom;4.99;4.99;;;02.05.2025;4.99;8007402386963;Hrana
KUTIJA 230x170x80mm;319721;;1.0000;kom;1.99;1.99;;;02.05.2025;1.99;8007402373024;Hrana
METALRAFIJA 200m CRVENA;319723;;1.0000;kom;11.99;11.99;;;02.05.2025;11.99;8007227458029;Hrana
KEKS PARIS CHOCOLATE 225 g;319770;Paris;0.2250;kg;2.09;9.29;;;02.05.2025;2.09;3856014122712;Hrana
KEKS PARIS COCOA 225 g;319772;Paris;0.2250;kg;2.09;9.29;;;02.05.2025;2.09;3856014122682;Hrana
KEKS PARIS LEMON 225 g;319775;Paris;0.2250;kg;2.09;9.29;;;02.05.2025;2.09;3856014122743;Hrana
KEKS PARIS ORIGINAL 225 g;319776;Paris;0.2250;kg;2.09;9.29;;;02.05.2025;2.09;3856014122651;Hrana
TJES.NATUR PUR CASARECCE 500 g;319794;Natur pur;0.5000;kg;1.72;3.44;;;02.05.2025;1.72;9100000154510;Hrana
TJEST.NATUR PUR LINGUINE 500 g;319798;Natur pur;0.5000;kg;1.72;3.44;;;02.05.2025;1.72;9100000156187;Hrana
TJES.NATUR PUR SPAGHETTI 500 g;319805;Natur pur;0.5000;kg;1.72;3.44;;;02.05.2025;1.72;9100000156767;Hrana
VANIL EKS.BURB.NATUR PUR 20 ml;319807;Natur pur;0.2000;L;2.79;13.95;;;02.05.2025;2.79;9100000439730;Hrana
AJVAR VITAMINKA BLAGI 690 g;319819;Vitaminka;0.6900;kg;;5.16;3.56;4.79;02.05.2025;4.79;3870545000288;Hrana
AJVAR VITAMINKA LJUTI 690 g;319820;Vitaminka;0.6900;kg;;5.16;3.56;4.79;02.05.2025;4.79;3870545000257;Hrana
PEL.PAMPERS ABD S4 62/1;319832;Pampers;62.0000;kom;18.59;0.30;;;02.05.2025;18.59;8001090948731;Toaletne potrep¹tine
BADEM SPAR KROKANT 150 g;319833;SPAR;0.1500;kg;1.89;12.60;;;02.05.2025;1.89;9100000157955;Hrana
PEL.PAMPERS ABD S6 48/1;319834;Pampers;48.0000;kom;14.39;0.30;;;02.05.2025;14.39;8001090949219;Toaletne potrep¹tine
KRUPICA PIR NATUR PUR 1 kg;319835;Natur pur;1.0000;kg;3.58;3.58;;;02.05.2025;3.58;9100000158440;Hrana
HELJDA NATUR PUR 500 g BIO;319836;Natur pur;0.5000;kg;3.49;6.98;;;02.05.2025;3.44;9100000786827;Hrana
PIR NATUR PUR 500 g;319837;Natur pur;0.5000;kg;2.59;5.18;;;02.05.2025;2.65;9100000717968;Hrana
MAJON. THOMY 611g+150g gratis;319877;Thomy;0.6110;kg;5.19;8.49;;;02.05.2025;5.19;3858890178692;Hrana
OCAT ACETO BALSAM.ARGEN.250 ml;319891;;0.2500;L;11.99;47.96;;;02.05.2025;11.69;8022734000158;Hrana
OCAT BALSAMIÈNI PRELJEV 250 ml;319895;;0.2500;L;6.49;25.96;;;02.05.2025;6.49;8022734002121;Hrana
OCAT ACETO BALSAM.500 ml;319898;;0.5000;L;4.39;8.78;;;02.05.2025;4.39;8022734000165;Hrana
UMAK KUHNE HOT CHILL 235 ml;319907;;0.2350;l;3.29;14.00;;;02.05.2025;3.99;40198637;Hrana
UMAK KUHNE BLACK GARLIC 235 ml;319908;;0.2350;l;3.59;15.28;;;02.05.2025;3.99;40198644;Hrana
UMAK KUHNE BBQ SMOKED 235 ml;319909;;0.2350;l;3.29;14.00;;;02.05.2025;3.99;40198651;Hrana
UMAK KUHNE CHIPOTLE 235 ml;319910;;0.2350;l;3.59;15.28;;;02.05.2025;3.99;40198668;Hrana
©ARAN SVJE®I OÈI©ÆENI;319922;;1.0000;kg;7.29;7.29;;;02.05.2025;7.29;3858889833397;Hrana
PUDER EVELINE KAMEN ART SC.37;319933;Eveline;1.0000;KOM;5.39;5.39;;;02.05.2025;5.39;5901761936063;Kozmetika
SIR SVJ. NATU.FIT QUARK 250 g ;319939;Dukat;0.2500;kg;1.59;6.36;;;02.05.2025;1.59;3838800061283;Hrana
TUNA SALATA EVA MEXICANA 160 g;319944;Eva;0.1600;kg;4.29;26.81;;;02.05.2025;4.29;3856020218126;Hrana
PROSSECCO FREIXENET  0,75 L;319945;;0.7500;L;14.99;19.99;;;02.05.2025;17.79;8410036806422;Piæa
PJEN.FREIXENET MERITUM 0,75 L;319947;;0.7500;L;17.99;23.99;;;02.05.2025;17.99;8410036801854;Piæa
VREÆICE ZA ZAMRZAVANJE,1L 25/1;319948;;25.0000;kom;0.39;0.02;;;02.05.2025;0.39;3859891367245;Proizvodi za kuæanstvo
VREÆICE ZA ZAMRZAVANJE,2L 25/1;319949;;25.0000;kom;0.49;0.02;;;02.05.2025;0.49;3859891367207;Proizvodi za kuæanstvo
TUNA SALATA EVA MEDITER.160 g;319950;Eva;0.1600;kg;4.29;26.81;;;02.05.2025;4.29;3856020217648;Hrana
VREÆICE ZA ZAMRZAVANJE,3L 25/1;319951;;25.0000;kom;0.69;0.03;;;02.05.2025;0.69;3859891367214;Proizvodi za kuæanstvo
VREÆICE ZA ZAMRZAVANJE,4L 25/1;319952;;25.0000;kom;0.89;0.04;;;02.05.2025;0.89;3859891367221;Proizvodi za kuæanstvo
TUNA SALATA EVA DALMAT.160 g;319953;Eva;0.1600;kg;4.29;26.81;;;02.05.2025;4.29;3856020217617;Hrana
VREÆICE ZA ZAMRZAVANJE,5L 25/1;319954;;25.0000;kom;0.99;0.04;;;02.05.2025;0.99;3859891367238;Proizvodi za kuæanstvo
VREÆE ZA SMEÆE 60L 15/1;319956;;15.0000;kom;2.89;0.19;;;02.05.2025;2.89;3858891881010;Proizvodi za kuæanstvo
Kruh susjedov 500 g;319967;Bäckerei SPAR;0.5000;kg;1.72;3.44;;;02.05.2025;1.72;;Hrana
KRE.NIVEA AW 65+ DNEVNA 50 ml;320013;Nivea;0.0500;L;7.99;159.80;;;02.05.2025;7.99;9005800311241;Kozmetika
KRE.NIVEA AW 65+ NOÆNA 50 ml;320014;Nivea;0.0500;L;10.49;209.80;;;02.05.2025;10.49;9005800311265;Kozmetika
LOPTA SA ZVUKOM 8,5 cm;320018;Vitakraft;1.0000;kom;3.79;3.79;;;02.05.2025;3.84;4008239592651;Proizvodi za kuæanstvo
OVRAT. BIOCIDNI ZA MAÈKE 35 cm;320019;Vitakraft;1.0000;kom;3.79;3.79;;;02.05.2025;3.82;3838964297719;Proizvodi za kuæanstvo
NADJEV JAB.MAREL.NAT.PUR 350 g;320031;Natur pur;0.3500;kg;2.09;5.97;;;02.05.2025;2.09;9100000441771;Hrana
ÈIPS OD JABUKE JONATHAN 20 g;320056;Sana;0.0200;kg;0.89;44.50;;;02.05.2025;0.89;3859892873295;Hrana
ÈIPS OD JABUKE TAM.ÈOK.50 g;320057;Sana;0.0500;kg;2.24;44.80;;;02.05.2025;2.24;3859892873356;Hrana
BADEM LISTIÆI SPAR 100 g;320094;SPAR;0.1000;kg;1.99;19.90;;;02.05.2025;1.59;9100000441658;Hrana
BLAZINICE BEAUTY KISS 100/1;320103;Beauty Kiss;100.0000;kom;0.89;0.01;;;02.05.2025;0.89;9100000156866;Toaletne potrep¹tine
PIVO CRAFTERS ESCAPE 0,5 L;320172;;0.5000;L;2.52;5.04;;;02.05.2025;2.52;3859893368011;Piæa
PIVO CRAFTERS HOPPER 0,5 L;320174;;0.5000;L;2.52;5.04;;;02.05.2025;2.52;3859893368004;Piæa
JOG. PROTEIN SKYR Z BREG 200 g;320178;Vindija;0.2000;kg;1.29;6.45;;;02.05.2025;1.29;3850108031454;Hrana
SIR RIB.MOZZARE.S-BUDGET 250 g;320181;S-BUDGET;0.2500;kg;2.69;10.76;;;02.05.2025;2.69;9100000727240;Hrana
MIX BUÐOLA I PANCETA 200 g ;320263;Dobro;0.2000;kg;4.99;24.95;;;02.05.2025;4.99;3850133806614;Hrana
BUÐOLA NIKO 300 g NAREZAK;320265;Niko;0.3000;kg;6.99;23.30;;6.29;02.05.2025;12.69;3859892331955;Hrana
BADEM BLAN©IRANI SPAR 100 g;320296;SPAR;0.1000;kg;2.49;24.90;;;02.05.2025;1.99;9100000441719;Hrana
PIÆE ALOE VERA ANANAS 0,5L;320320;;0.5000;L;1.78;3.56;;;02.05.2025;1.78;8801056094393;Piæa
Pr¹ut Kra¹ki delikates;320355;Kras;1.0000;kg;35.99;35.99;;;02.05.2025;35.99;3838885701968;Hrana
Sir Pecorino Romano P.D.O.;320391;;1.0000;kg;39.99;39.99;;;02.05.2025;39.99;5902431271781;Hrana
LEPINJA PAKIRANA 150 g;320436;;0.1500;kg;0.69;4.60;;;02.05.2025;0.69;3858885565766;Hrana
Sir polutvrdi zreli Mimolette ;320456;;1.0000;kg;16.49;16.49;;;02.05.2025;16.49;5902431271743;Hrana
Sir Old Amsterdam;320458;;1.0000;kg;29.99;29.99;;;02.05.2025;29.99;5902431271729;Hrana
Sir kozji s vinom;320459;;1.0000;kg;34.99;34.99;;;02.05.2025;34.99;5902431271712;Hrana
Sir kozji topljeni dimljeni;320460;;1.0000;kg;19.99;19.99;;;02.05.2025;19.99;5902431271675;Hrana
DIOKLECIJAN 1 L;320485;;1.0000;L;13.02;13.02;;;02.05.2025;13.02;3858892460689;Piæa
VINO MERLOT B.DALMACIJA 0,75 L;320487;;0.7500;L;9.32;12.43;;;02.05.2025;9.32;3850129080288;Piæa
VINO JEDRO PLAVAC MALI 0,75 L;320510;;0.7500;L;4.69;6.25;;;02.05.2025;4.69;3857500014115;Piæa
GLINA GOT2B PHENOMENAL 100 ml;320533;Got2b;0.1000;L;6.99;69.90;;;02.05.2025;6.99;9000101200782;Kozmetika
KREMA GOT2B MATT PASTE 100 ml;320534;Got2b;0.1000;L;6.99;69.90;;;02.05.2025;6.99;9000100417853;Kozmetika
©AMP. SYOSS DRY PURE 200 ml;320541;Syoss;0.2000;L;4.59;22.95;;4.49;02.05.2025;4.49;9000101231502;Kozmetika
DVOPEK DESPAR INTEGRALNI 320 g;320560;Eigenbedarf;0.3200;kg;1.72;5.38;;;02.05.2025;1.72;8001300803638;Hrana
DVOPEK DESPAR CLASSIC 320 g;320562;Eigenbedarf;0.3200;kg;1.69;5.28;;;02.05.2025;1.69;8001300803645;Hrana
DVOPEK DESPAR SA ®ITARICA.320g;320563;DESPAR;0.3200;kg;1.79;5.59;;;02.05.2025;1.79;8001300803621;Hrana
KAVA GLORIA MLJEVENA 600g;320573;Gloria;0.6000;kg;9.99;16.65;;;02.05.2025;9.99;3850291048956;Piæa
VINO BIBICH R5 0,75 L;320576;;0.7500;L;20.08;26.77;;;02.05.2025;20.08;3859890079361;Piæa
VINO BIBICH R6 0,75 L;320578;;0.7500;L;20.08;26.77;;;02.05.2025;20.08;3859890079248;Piæa
PROSECCO VILLA SANDI RO.0,75 L;320579;;0.7500;L;11.02;14.69;;;02.05.2025;11.02;8017494420018;Piæa
PROSECCO VILLA S.MILLES.0,75 L;320580;;0.7500;L;14.52;19.36;;;02.05.2025;14.52;8017494480012;Piæa
VINO KOZLOVIÆ VALLE 0,75 L;320581;;0.7500;L;16.39;21.85;;;02.05.2025;16.39;3859893243035;Piæa
VINO GALIÆ G-TOÈKA CRNA 0,75 L;320582;;0.7500;L;8.49;11.32;;;02.05.2025;8.49;3859891991082;Piæa
VINO GALIÆ G-TOÈKA BIJE.0,75 L;320584;;0.7500;L;9.49;12.65;;;02.05.2025;10.79;3859891991273;Piæa
VINO GALIÆ BIJELO 9 0,75 L;320585;;0.7500;L;21.09;28.12;;;02.05.2025;21.59;3859891991303;Piæa
VINO BRIME PLAVAC MALI 0,75 L;320587;;0.7500;L;14.69;19.59;;;02.05.2025;14.69;3859892525279;Piæa
MAR. ZEWA SOFT SENSITIVE 10/1;320606;Zewa;10.0000;KOM;2.35;0.24;;;02.05.2025;2.35;7322540926262;Toaletne potrep¹tine
ZAM.MLIJEKO APTA.PRE PRO.800 g;320608;Aptamil;0.8000;kg;19.69;24.61;;;02.05.2025;19.69;4056631001202;Hrana
ZAM.MLIJEKO APTAM.3 PRON.800 g;320612;Aptamil;0.8000;kg;19.69;24.61;;;02.05.2025;19.69;4056631001264;Hrana
ZAM.MLIJEKO APT.1 PRON.800 g;320613;Aptamil;0.8000;kg;19.69;24.61;;;02.05.2025;19.69;4056631001226;Hrana
ZAM.MLIJEKO APTAM.2 PRON.800 g;320615;Aptamil;0.8000;kg;19.69;24.61;;;02.05.2025;19.69;4056631001240;Hrana
©EÆER U PRAHU S-BUDGET 500 g;320617;S-Budget;0.5000;kg;1.59;3.18;;;02.05.2025;1.59;3856021209659;Hrana
©EÆER U PRAHU S-BUDGET 250 g;320618;S-Budget;0.2500;kg;.92;3.68;;;02.05.2025;.92;3856021209635;Hrana
MICELARNA VODA NIVEA 400 ml;320717;Nivea;0.4000;L;7.99;19.98;;;02.05.2025;7.99;9005800304533;Kozmetika
MICELARNI GEL NIVEA 150 ml;320718;Nivea;0.1500;L;9.59;63.93;;;02.05.2025;9.59;9005800304557;Kozmetika
BRIT.GILLETTE BLUE3 SENS 3/1;320719;Gillette;3.0000;KOM;3.99;1.33;;3.99;02.05.2025;3.99;7702018490080;Kozmetika
BRITVICE GILLETTE BLUE3 9+3;320720;Gillette;9.0000;kom;10.49;1.17;;10.49;02.05.2025;10.09;8700216148092;Kozmetika
JUN.LEÐA S KOSTI,TOM.TANN;320769;Tann;1.0000;kg;24.99;24.99;;;02.05.2025;23.99;9100200545156;Hrana
DO.JE.SPAR PURETINA CURRY 34 g;320863;SPAR;0.0340;kg;1.19;35.00;;;02.05.2025;1.19;9100000828466;Hrana
OSVJE.PIÆE YIPPY JAGODA 0,33 L;320873;;0.3300;L;1.39;4.21;;;02.05.2025;1.39;9008700192392;Piæa
GAZ.PIÆE SCHW.BITTER LEMON 1 L;320875;Schweppes;1.0000;L;1.79;1.79;;;02.05.2025;1.79;5449000044839;Piæa
GAZ.PIÆE SCHWE.TONIC WATER 1 L;320877;Schweppes;1.0000;L;1.79;1.79;;;02.05.2025;1.79;5449000044808;Piæa
GAZ.PIÆE SCHWEP. TANGERINA 1 L;320879;Schweppes;1.0000;L;1.79;1.79;;;02.05.2025;1.79;5449000089380;Piæa
KEKS MOTO KAKAO 192 g;320984;Moto;0.1920;kg;1.49;7.76;;1.49;02.05.2025;1.99;3850102522880;Hrana
HRANA ZA MAÈKE MOLLY LOS.100 g;321004;Molly;0.1000;kg;0.59;5.90;;;02.05.2025;0.59;9100000098401;Proizvodi za kuæanstvo
VINO TOMAZ TERAN BARBA.0,75 L;321007;;0.7500;L;23.99;31.99;;;02.05.2025;23.99;3857500055057;Piæa
VINO TOMAZ MALVAZ.AVA.0,75 L;321009;;0.7500;L;16.49;21.99;;;02.05.2025;16.49;3857500055019;Piæa
VINO TOMAZ MERLOT 0,75 L;321010;;0.7500;L;25.59;34.12;;;02.05.2025;25.59;3857500055064;Piæa
SALAMA ZA PSE SCOTTY  500 g;321012;Scotty;0.5000;kg;1.59;3.18;;;02.05.2025;1.59;9100000098982;Proizvodi za kuæanstvo
POSLAST.ZA PSE SCOTTY PAT.60 g;321014;Scotty;0.0600;kg;1.59;26.50;;;02.05.2025;1.59;9100000703329;Proizvodi za kuæanstvo
ÈOK.MILKA OREO BROWNIE 100 g;321021;Milka;0.1000;kg;2.49;24.90;;;02.05.2025;2.49;7622210956163;Hrana
BIO RAJÈICA SJECK.PODRAV.400 g;321031;Podravka;0.4000;kg;2.69;6.73;;;02.05.2025;2.69;3856020222260;Hrana
SIR EDAMER S BUDGET NARE.400 g;321103;S-BUDGET;0.4000;kg;4.49;11.23;;;02.05.2025;4.49;9100000159546;Hrana
SIR MEKI BIJELI S BUDGET 250 g;321110;S-BUDGET;0.2500;kg;2.59;10.36;;;02.05.2025;2.59;9100000027739;Hrana
KEKS MILKA CHOCO CREME 260 g;321113;Milka;0.2600;kg;3.39;13.04;;;02.05.2025;3.39;7622210717696;Hrana
KREKERI BEBIVITA RI®INI 30 g;321181;Bebivita;0.0300;kg;1.49;49.67;;;02.05.2025;1.49;4018852032946;Hrana
SIR MEKI BIJELI S BUDGET 1 kg;321305;S-BUDGET;1.0000;kg;9.99;9.99;;;02.05.2025;9.99;9100000027753;Hrana
DEO ROLL ON GAR.ACTION C.50 ml;321356;Garnier;0.0500;L;4.59;91.80;;;02.05.2025;4.59;3600542217460;Kozmetika
DEO SPREJ GAR.ACTION 150 ml ;321357;Garnier;0.1500;L;4.59;30.60;;;02.05.2025;4.59;3600542217507;Kozmetika
DEO ROLL ON GARN.ACTION 50 ml;321359;Garnier;0.0500;L;4.59;91.80;;;02.05.2025;4.59;3600542217422;Kozmetika
DEO SP.ACTION CONT. 150 ml;321360;Garnier;0.1500;L;4.59;30.60;;;02.05.2025;4.59;3600542217545;Kozmetika
BLAZINICA JASMIN NATURE 100/1;321374;Jasmin;100.0000;kom;1.99;0.02;;;02.05.2025;1.99;3838985884721;Toaletne potrep¹tine
MAÈJA HRANA ONE PIL.TU.4X85 g;321386;One;0.3400;kg;3.49;10.26;;;02.05.2025;3.71;7613036936859;Proizvodi za kuæanstvo
POSL.ZA PSE DENTALIFE 142 g;321387;Felix;0.1420;kg;2.19;15.42;;;02.05.2025;2.19;7613035378667;Proizvodi za kuæanstvo
POSL.ZA PSE DENTALIFE 115 g;321390;Felix;0.1150;kg;2.19;19.04;;;02.05.2025;2.19;7613035378780;Proizvodi za kuæanstvo
HRANA ZA PSE ONE GOV.RI®.800 g;321392;One;0.8000;kg;5.59;6.99;;;02.05.2025;5.59;7613034146731;Proizvodi za kuæanstvo
HRANA ZA PSE ONE PIL.RI®.800 g;321395;One;0.8000;kg;5.59;6.99;;;02.05.2025;5.59;7613034146793;Proizvodi za kuæanstvo
MAÈJA HRANA GOUR.JANJ.MAH.85 g;321401;Gourmet;0.0850;kg;0.89;10.47;;;02.05.2025;.92;7613035474123;Proizvodi za kuæanstvo
MAÈJA HRANA GOUR.PIL.MRK.85 g;321402;Gourmet;0.0850;kg;0.89;10.47;;;02.05.2025;.92;7613035474093;Proizvodi za kuæanstvo
MAÈJA HRANA GOUR.GOV.RAJ.85 g;321404;Gourmet;0.0850;kg;0.89;10.47;;;02.05.2025;.92;7613035465732;Proizvodi za kuæanstvo
MAÈJA HRANA ONE PIL.MRK.85 g;321407;One;0.0850;kg;1.19;14.00;;;02.05.2025;1.25;7613036936835;Proizvodi za kuæanstvo
MAÈJA HRANA ONE LOS.MRK.85 g;321412;One;0.0850;kg;1.19;14.00;;;02.05.2025;1.25;7613036936750;Proizvodi za kuæanstvo
MAÈJA HRANA ONE PIL.MAH.85 g;321414;One;0.0850;kg;1.19;14.00;;;02.05.2025;1.25;7613036936811;Proizvodi za kuæanstvo
MAÈJA HRANA ONE TUNA MAH.85 g;321415;One;0.0850;kg;1.19;14.00;;;02.05.2025;1.25;7613036936781;Proizvodi za kuæanstvo
POSL.ZA MAÈ.FELIX PIL.JET.50 g;321423;Nestle;0.0500;kg;1.59;31.80;;;02.05.2025;1.59;7613036707381;Proizvodi za kuæanstvo
FLIPS PUFU.GUSTO MEGA SUR.60 g;321471;GUSTO;0.0600;kg;1.69;28.17;;;02.05.2025;1.69;6420211000349;Hrana
GAZ.PIÆE COLA DESPAR 1,5 L;321472;Despar;1.5000;L;1.45;0.97;;;02.05.2025;1.42;8001300112068;Piæa
GAZ.PIÆE GINGER DESPAR 1,5 L;321479;Despar;1.5000;L;1.49;0.99;;;02.05.2025;1.48;8001300122401;Piæa
SIR KUHANI MEÐIMURSKI 500 g;321498;;0.5000;kg;6.99;13.98;;;02.05.2025;6.99;3859893220319;Hrana
Svinjski file;321577;;1.0000;kg;9.49;9.49;;;02.05.2025;6.79;3858891521145;Hrana
Svinjski but bez kosti;321578;SPAR Qualitätsmarke;1.0000;kg;5.49;5.49;;;02.05.2025;5.49;3858891521152;Hrana
Svinjski vrat s kosti;321581;;1.0000;kg;4.99;4.99;;4.89;02.05.2025;3.69;3858891521183;Hrana
BEEF-Burger,2kom, 220g;321583;SPAR Qualitätsmarke;0.2200;kg;4.49;20.41;;;02.05.2025;4.29;9100200520498;Hrana
CROISS.7 DAY S MIDI DOUBLE 60g;321593;7 Day's;0.0600;kg;;9.83;0.59;0.85;02.05.2025;0.85;7622201392055;Hrana
CROISS.7 DAY S MIDI DOUBLE 60g;321598;7 Day's;0.0600;kg;;9.83;0.59;0.85;02.05.2025;0.85;7622201391614;Hrana
ÈAJ FRANCK CALM 40 g;321643;Franck;0.0400;kg;2.99;74.75;;;02.05.2025;2.99;3850291049052;Piæa
ÈAJ FRANCK IMMUNE 40 g;321645;Franck;0.0400;kg;2.99;74.75;;;02.05.2025;2.99;3850291049083;Piæa
ÈAJ FRANCK DETOX 40 g;321646;Franck;0.0400;kg;2.99;74.75;;;02.05.2025;2.99;3850291049069;Piæa
ÈAJ FRANCK ENERGISE 40 g;321647;Franck;0.0400;kg;2.99;74.75;;;02.05.2025;2.99;3850291049076;Piæa
TEK.SAP. BEAUTY KISS 500 ml;321784;Beauty Kiss;0.5000;L;1.29;2.58;;;02.05.2025;1.35;9100000157009;Kozmetika
VL.MAR.BLISTA LAVAND. UN.50/1;321829;Blista;50.0000;kom;1.59;0.03;;;02.05.2025;1.59;3859890063612;Sredstva za èi¹æenje
GAZIRANO PIÆE FANTA ZERO 0,5 L;321836;Fanta;0.5000;L;1.19;2.38;;;02.05.2025;1.19;5449000139382;Piæa
GAZIRANO PIÆE FANTA ZERO 1 L;321837;Fanta;1.0000;L;1.48;1.48;;;02.05.2025;1.48;5449000138170;Piæa
CROISSANT S-BUDGET KAKAO 60g;321849;S-BUDGET;0.0600;kg;.49;8.17;;;02.05.2025;.52;3856021209574;Hrana
CROISS.S-BUDGET KAKAO/VANI.60g;321852;S-BUDGET;0.0600;kg;.49;8.17;;;02.05.2025;.52;3856021209536;Hrana
CROISSAN.S-BUDGET VANILIJA 60g;321853;S-BUDGET;0.0600;kg;.49;8.17;;;02.05.2025;.52;3856021209550;Hrana
DENTASTIX PEDIGREE 1080 g;321861;Pedigree;1.0800;kg;11.99;11.10;;;02.05.2025;9.59;5998749110027;Proizvodi za kuæanstvo
VINO ALEX.TIKVE© RIESLI.0,75 L;321881;Tikves;0.7500;L;6.29;8.39;;;02.05.2025;6.29;5310008007280;Piæa
DET.JAR ALOE&PINK YASMI.1,35 L;321929;Jar;1.3500;L;6.59;4.88;;;02.05.2025;6.59;8001841009544;Sredstva za èi¹æenje
DET.JAR ©IPAK 1,35 L;321930;Jar;1.3500;L;6.59;4.88;;;02.05.2025;6.59;8001090621801;Sredstva za èi¹æenje
VINO FRANK.VRH.ORAH.0,75 L;321937;;0.7500;L;9.92;13.23;;;02.05.2025;9.92;3858889830891;Piæa
VINO PORTO TAWNI 0,75 L;321938;;0.7500;L;16.42;21.89;;;02.05.2025;16.42;5601109111151;Piæa
PIVO VUKOVARSKO 0,5 L P.A.;321944;;0.5000;L;1.29;2.58;;;02.05.2025;1.29;3859893353055;Piæa
PIVO FRANZISKANER 0,5 L;321945;Franziskaner;0.5000;L;2.35;4.70;;;02.05.2025;2.35;4072700003649;Piæa
LIKER MARASKA MEDICA 1 L;321946;;1.0000;L;14.02;14.02;;;02.05.2025;14.02;3850158202255;Piæa
ULJE MASL.EX.DJ.VERALDA 0,5 L;321949;;0.5000;L;15.49;30.98;;;02.05.2025;15.49;3859890332060;Hrana
RAVIOLI AURELIA VRGANJI 250 g;321952;Aurelia;0.2500;kg;2.79;11.16;;;02.05.2025;2.79;3859892780135;Hrana
NAMAZ SPAR FF LJE©NJAK 200 g  ;321960;SPAR free from;0.2000;kg;2.99;14.95;;;02.05.2025;2.99;9100000824819;Hrana
JAJA SVJ.NAJSRETNIJA 6/1;321985;Perfa;6.0000;kom;1.99;0.33;;;02.05.2025;1.99;3859889056397;Hrana
INSTANT KAVA NESCAFE 2U1 80 g;321998;Nescafe;0.0800;kg;2.99;37.38;;;02.05.2025;2.99;7613036870115;Piæa
CAPPUCC. NESCAFE ORIGIN.112 g;322001;Nescafe;0.1120;kg;4.19;37.41;;;02.05.2025;4.19;7613036701990;Piæa
NAPOL.MANN.MOZAR.MIGNON 300 g;322002;Manner;0.3000;kg;4.89;16.30;;;02.05.2025;4.89;9000331607924;Hrana
COMPLETE COLOR CREME N 60 Z.S.;322030;Annyer;1.0000;KOM;4.19;4.19;;;02.05.2025;4.19;3850177008029;Kozmetika
ÈOK.JAJA DESP.PREMI.TAMN.150 g;322044;SPAR PREMIUM;0.1500;kg;;3.27;0.49;0.99;02.05.2025;0.99;8001300803430;Hrana
ÈOKO.NESTLE ZA KUH.BLANC 170 g;322077;Nestle;0.1700;kg;5.49;32.29;;;02.05.2025;4.49;8445290908087;Hrana
KRUH SCHAR PAN MULTIG.250 g;322087;Schar;0.2500;kg;2.89;11.56;;;02.05.2025;2.89;8008698024140;Hrana
PIÆE ALOE VERA NATURALE 0,5L;322101;;0.5000;L;1.78;3.56;;;02.05.2025;1.78;8801056091712;Piæa
ÈIPS DESPAR PREMIUM ORIG.150 g;322103;Preblauer;0.1500;kg;2.49;16.60;;;02.05.2025;2.49;8001300500049;Hrana
ÈIPS DESPAR PREM.RU®MAR.150 g;322105;SPAR PREMIUM;0.1500;kg;2.49;16.60;;;02.05.2025;2.49;8001300501824;Hrana
ULJE BUÈINO PREMIUM 250 ml;322111;SPAR Premium;0.2500;L;4.99;19.96;;;02.05.2025;4.99;3856021209727;Hrana
USKR©.JAJA MILKA OREO 86 g;322129;Milka;0.0860;kg;;5.70;0.49;0.99;02.05.2025;0.99;7622210862860;Hrana
USKR©NJA JAJA MILKA OREO 128 g;322132;Milka;0.1280;kg;;3.83;0.49;0.99;02.05.2025;0.99;7622210940032;Hrana
ZUB.PASTA LACALUT MUL.E.75 ml;322157;Lacalut;0.0750;L;4.29;57.20;;;02.05.2025;4.29;4016369546246;Kozmetika
ZUB.PASTA LACALUT GUM PR.75 ml;322161;Lacalut;0.0750;L;5.09;67.87;;;02.05.2025;5.09;4016369546840;Kozmetika
DEO SPRAY DOVE COCONUT 150 ml;322166;Dove;0.1500;L;5.20;34.67;;;02.05.2025;5.20;8720181291494;Kozmetika
DEO SPRAY DOVE M.TEA 150 ml;322167;Dove;0.1500;L;5.20;34.67;;;02.05.2025;5.20;8720181291647;Kozmetika
SRE.TETA VIOLETA L.PURPLE 1 L ;322194;Teta Violeta;1.0000;L;2.25;2.25;;;02.05.2025;2.25;3870128017320;Sredstva za èi¹æenje
SRE.TETA VIOLETA OCEAN SPA 1L ;322195;Teta Violeta;1.0000;L;2.25;2.25;;;02.05.2025;2.25;3870128017290;Sredstva za èi¹æenje
LIKER MELKIOR MEDICA 0,5 L;322199;;0.5000;L;9.05;18.10;;;02.05.2025;9.05;3859888851306;Piæa
GEL OLD SPICE CAPTAIN 400 ml;322202;Old Spice;0.4000;L;;7.70;3.08;3.85;02.05.2025;3.85;8700216859820;Kozmetika
GEL OLD SPICE ORIGINAL 400 ml;322205;Old Spice;0.4000;L;;7.70;3.08;3.85;02.05.2025;3.85;4084500978881;Kozmetika
DEO ST.OLD SPICE CAPTAIN 50 ml;322208;Old Spice;0.0500;L;;61.60;3.08;3.85;02.05.2025;3.85;8700216203982;Kozmetika
DEO ST.OLD SPICE CAPTAIN 70 ml;322209;Old Spice;0.0700;L;;44.00;3.08;3.85;02.05.2025;3.85;8001090999153;Kozmetika
DEO S.OLD SPICE CAPTAIN 150 ml;322212;Old Spice;0.1500;L;;20.53;3.08;3.85;02.05.2025;3.85;8001090962867;Kozmetika
MASLAC AFRODITA SPA CO 200 ml;322242;Afrodita;0.2000;L;8.69;43.45;;;02.05.2025;8.69;3831070654537;Kozmetika
GIN WHITLEY NEILL 43,0% 0,7 L;322244;;0.7000;L;23.92;34.17;;;02.05.2025;23.92;5011166052845;Piæa
SLAVONSKA NAREZAK 250 g;322316;Dobro;0.2500;kg;4.89;19.56;;4.89;02.05.2025;4.89;3850133804634;Hrana
BIO PATLID®AN NP 500 g ;322336;Spar Natur pur;0.5000;kg;1.49;2.98;;;02.05.2025;1.69;8435320678035;Hrana
KEKS MILKA SOFT BROWNIE 150 g;322380;Milka;0.1500;kg;3.39;22.60;;;02.05.2025;3.39;7622210652775;Hrana
BOJA.LIVE COLOR XXL UB98;322425;LIVE;1.0000;kom;8.39;8.39;;;02.05.2025;8.39;9000101062922;Kozmetika
ÈIPS SPAR HOT&SPICY 170 g;322426;SPAR;0.1700;kg;2.99;17.59;;;02.05.2025;2.99;8710671153067;Hrana
ULO.LIBRESSE ULTRA NORMAL 20/1;322439;Libresse;20.0000;kom;3.05;0.15;;;02.05.2025;1.99;7322540344011;Toaletne potrep¹tine
KRUMPIR CURLY FRIES SPAR 600 g;322445;SPAR;0.6000;kg;2.79;4.65;;;02.05.2025;2.79;9100000441184;Hrana
TEK.SAP.PALMOLIVE OLIVE 500 ml;322479;Palmolive;0.5000;L;2.99;5.98;;;02.05.2025;2.99;8003520039545;Kozmetika
ZUB.P.COLGATE ORIGINAL 100 ml;322482;Colgate;0.1000;L;4.09;40.90;;;02.05.2025;3.85;8718951210394;Kozmetika
Drni¹ka ru¾a;322556;Dimmes;1.0000;kg;21.89;21.89;;;02.05.2025;21.89;3859892362126;Hrana
MASKA EVELINE MATT DETO.2x5 ml;322560;Eveline;2.0000;kom;1.29;0.65;;;02.05.2025;1.29;5901761963144;Kozmetika
MASKA EVELINE GOLD ;322563;Eveline;1.0000;kom;2.99;2.99;;;02.05.2025;2.99;5901761968194;Kozmetika
SKU©A SALATA MEDITERANA 125 g;322572;Delamaris;0.0400;kg;2.79;69.75;;;02.05.2025;2.79;3838929568588;Hrana
SKU©A SALATA GARDEN GRAH 125 g;322573;Delamaris;0.0400;kg;2.79;69.75;;;02.05.2025;2.79;3838929568564;Hrana
ZUB.PASTA SENSODYNE  75 ml;322597;Sensodyne;0.0750;L;7.49;99.87;;;02.05.2025;5.59;5054563154392;Kozmetika
ZUB.PASTA SENSODYNE GUM 75 ml;322600;Sensodyne;0.0750;L;7.49;99.87;;;02.05.2025;5.59;5054563154378;Kozmetika
ÈETK.ZA ZUBE SENSODYNE SOFT;322610;Sensodyne;1.0000;KOM;5.99;5.99;;;02.05.2025;4.79;5054563062864;Kozmetika
ÈOK.TAM.DELAVIUDA NARANÈ.120 g;322625;DELAVIUDA;0.1200;kg;3.89;32.42;;;02.05.2025;3.89;8410223607276;Hrana
ÈOK.TAM.DELAVIUD.CR.VOÆE 120 g;322626;DELAVIUDA;0.1200;kg;3.89;32.42;;;02.05.2025;3.89;8410223607269;Hrana
SIR KREM SVJ.ABC ÈILI 100 g ;322627;Belje;0.1000;kg;1.39;13.90;;;02.05.2025;1.39;3850257060695;Hrana
PECIVO KVIKI GRIC 200 g;322632;Kviki;0.2000;kg;;7.95;1.59;2.09;02.05.2025;2.09;3856020225643;Hrana
NAMAZ VAJKREM CLASIC 200 g;322657;;0.2000;kg;2.29;11.45;;;02.05.2025;2.29;5999884966678;Hrana
PANCETA NAREZAK 100 g ;322659;Gavrilovic;0.1000;kg;2.92;29.20;;;02.05.2025;2.92;3858881227408;Hrana
PILEÆI PARIZER 350 g;322666;Gavrilovic;0.3500;kg;;4.71;1.65;1.68;02.05.2025;1.68;3858881224124;Hrana
SIR KREM VIVIS S POVRÆEM 200 g;322669;;0.2000;kg;2.19;10.95;;;02.05.2025;2.19;3850108058772;Hrana
®ITNA KA©ICA ZOBEL.©LJI.200 g;322673;Lino;0.2000;kg;2.34;11.70;;;02.05.2025;2.34;3856020225216;Hrana
PILEÆI PARIZER 800 g;322675;Jeli;0.8000;kg;2.59;3.24;;2.29;02.05.2025;2.29;3858881228320;Hrana
PUDING POD.PREMIUM TOFFEE 43 g;322676;Dolcela;0.0430;kg;0.99;23.02;;;02.05.2025;0.99;3856020225056;Hrana
HRENOVKE PILEÆE 200 g JELI;322679;Jeli;0.2000;kg;1.75;8.75;;;02.05.2025;1.75;3858881224056;Hrana
ÈOKO TART ©UMSKO VOÆE 1250 g;322691;;1.2500;kg;17.49;13.99;;;02.05.2025;17.49;5413476932853;Hrana
NAPITAK VEGGIE SOJA B©.1 L;322714;SPAR Veggie;1.0000;l;1.89;1.89;;;02.05.2025;1.89;9100000709024;Piæa
ÈOK.MILKA NUT&NOUG.CREAM 300 g;322719;Milka;0.3000;kg;6.79;22.63;;;02.05.2025;6.79;7622200004515;Hrana
PEL.PAMPERS PREMIUM S6 38/1;322720;Pampers;38.0000;kom;14.99;0.39;;14.99;02.05.2025;14.99;8001841105130;Toaletne potrep¹tine
PECIVO FREE FROM SJEMEN.250 g;322723;SPAR free from;0.2500;kg;3.09;12.36;;;02.05.2025;3.09;9100000948836;Hrana
PEL.PAMPERS PREMIUM S2 68/1;322726;Pampers;68.0000;kom;18.18;0.27;;;02.05.2025;18.18;8001841104874;Toaletne potrep¹tine
PEL.GAÆICE PAMPERS S6 31/1;322732;Pampers;31.0000;kom;14.99;0.48;;14.99;02.05.2025;14.99;8001090759917;Toaletne potrep¹tine
PEL.GAÆICE PAMPERS S5 34/1;322734;Pampers;34.0000;kom;14.99;0.44;;14.99;02.05.2025;14.99;8001090759870;Toaletne potrep¹tine
PEL.GAÆICE PAMPERS S4 38/1;322735;Pampers;38.0000;kom;14.99;0.39;;14.99;02.05.2025;14.99;8001090759832;Toaletne potrep¹tine
PEL.PAMPERS CARRY PACK S1 26/1;322754;Pampers;26.0000;kom;6.49;0.25;;;02.05.2025;6.49;8001841104614;Toaletne potrep¹tine
PEL.PAMPERS CARRY PACK S2 23/1;322756;Pampers;23.0000;kom;6.39;0.28;;;02.05.2025;6.39;8001841104652;Toaletne potrep¹tine
ULO®A.WC NET STYLE PINK 36,5 g;322781;Wc Net;1.0000;kom;2.79;2.79;;;02.05.2025;2.79;8003650014733;Sredstva za èi¹æenje
KREMA ZA USNE EVELINE MATT 06;322784;Eveline;1.0000;kom;3.99;3.99;;;02.05.2025;3.99;5901761977462;Kozmetika
KREMA ZA USNE EVELINE MATT 05;322785;Eveline;1.0000;kom;3.99;3.99;;;02.05.2025;3.99;5901761977455;Kozmetika
KREMA ZA USNE EVELINE MATT 04;322786;Eveline;1.0000;kom;3.99;3.99;;;02.05.2025;3.99;5901761977448;Kozmetika
SIR RICOTTA S.VITAL 2X100 g;322788;SPAR Vital;0.2000;kg;1.19;5.95;;;02.05.2025;1.19;8001300653141;Hrana
KREMA ZA USNE EVELINE MATT 02;322789;Eveline;1.0000;kom;3.99;3.99;;;02.05.2025;3.99;5901761977424;Kozmetika
KREMA ZA USNE EVELINE MATT 01;322790;Eveline;1.0000;kom;3.99;3.99;;;02.05.2025;3.99;5901761977417;Kozmetika
BILJNI PRI.ZA ©LAG SPAR 500 ml;322809;SPAR;0.5000;L;1.89;3.78;;;02.05.2025;1.89;3856021209611;Hrana
MLIJ.UHT ALP.BEZ LAK 3,5%MM 1L;322811;Alpsko;1.0000;L;2.29;2.29;;;02.05.2025;2.29;3838800059709;Hrana
KAVA BARCAFFE BLACK&EASY 11 g;322838;Barcaffe;0.0110;KG;0.35;31.82;;;02.05.2025;0.35;3838471037716;Piæa
KAP. DG CAFFE NAPOLI 128 g;322839;Nescafe;0.1280;kg;5.29;41.33;;5.29;02.05.2025;6.49;8445290421456;Piæa
KAVA DG CAFFE MOKA 144g;322841;Nescafe;0.1440;kg;5.29;36.74;;5.29;02.05.2025;6.49;7613035695610;Piæa
KAP. DG CAFFE LUNGO 144 g;322842;Nescafe;0.1440;kg;5.29;36.74;;5.29;02.05.2025;6.49;7613033590146;Piæa
ULJE BUÈINO SPAR 0,5 L ;322848;SPAR;0.5000;L;6.99;13.98;;;02.05.2025;6.99;3856021209468;Hrana
MIN.VOD.JAMNICA 1,5 L GAZ.4pac;322864;Jamnica;6.0000;l;3.51;0.59;;;02.05.2025;3.09;3858890874525;Piæa
©AMP.SCHAUMA STRENGHT&V.400 ml;322868;Schauma;0.4000;L;2.99;7.48;;2.79;02.05.2025;2.79;9000101229233;Kozmetika
DEO SPRAY AXE ICE CHILL 150 ml;322903;Axe;0.1500;L;4.55;30.33;;;02.05.2025;4.55;8710447497357;Kozmetika
FLIPS KUKURUZNI BOBI 35 g;322931;Bobi;0.0350;kg;0.45;12.86;;;02.05.2025;0.45;3858891590967;Hrana
FLIPS KUKURUZNI BOBI 80 g;322932;Bobi;0.0800;kg;0.89;11.13;;;02.05.2025;0.89;3858891590981;Hrana
LIZAL.CHUPA CHUPS XXL 4D 29 g;322933;Chupa Chups;0.0290;kg;0.79;27.24;;;02.05.2025;0.79;84460547;Hrana
KVASAC SUHI DR.SCHAR 20 g;322960;Schar;0.0200;kg;;75.50;1.51;1.89;02.05.2025;1.89;8008698005828;Hrana
DVOPEK DR.SCHAR B.G. 175 g;322964;Schar;0.1750;kg;;19.94;3.49;4.89;02.05.2025;4.89;8008698028605;Hrana
VINO MUSCAT IURIS 0,75 L;322965;;0.7500;L;11.92;15.89;;;02.05.2025;11.92;3859891102266;Piæa
VINO CAB.MERL.SYRAH IUR.0,75 L;322966;;0.7500;L;9.28;12.37;;;02.05.2025;9.28;3859891102457;Piæa
VINO TRAMINER IURIS 0,75 L;322967;;0.7500;L;9.28;12.37;;;02.05.2025;9.28;3859891102433;Piæa
WHISKY MONKEY SHOULDER 0,7L;322969;;0.7000;L;36.62;52.31;;;02.05.2025;36.62;5010327105215;Piæa
PJEN.BOTTEGA POETI ROSE 0,75 L;322973;;0.7500;L;12.29;16.39;;;02.05.2025;12.29;8005829230289;Piæa
VINO GRA©EVINA DVANAJ©È.0,75 L;322974;;0.7500;L;8.49;11.32;;;02.05.2025;8.49;3859893380013;Piæa
VINO PINOT SIVI DVANAJ©.0,75 L;322975;;0.7500;L;9.59;12.79;;;02.05.2025;9.59;3859893380204;Piæa
GIN GREENALL´S 0,7 L;323006;;0.7000;L;16.38;23.40;;;02.05.2025;16.38;5010296002980;Piæa
KAVA SPAR PREMIUM BRASIL 250g;323054;SPAR PREMIUM;0.2500;KG;3.99;15.96;;;02.05.2025;3.99;9100100004548;Piæa
BRITVICE VENUS3 PLUS 6/1;323064;Gillette;6.0000;kom;;0.92;5.49;5.59;02.05.2025;5.59;7702018426232;Kozmetika
BRITVICE VENUS3 SENSITIVE 3/1;323081;Gillette;3.0000;kom;3.69;1.23;;3.69;02.05.2025;3.69;7702018487028;Kozmetika
BRIT.VENUS3 SENSI.JEDNOK.3/1;323084;Gillette;3.0000;kom;6.69;2.23;;6.69;02.05.2025;6.69;7702018491544;Kozmetika
SOK JUICY GUSTI 1 L 100%;323136;Juicy;1.0000;L;2.59;2.59;;;02.05.2025;2.35;3858890977356;Piæa
SOK JUICY JAGODA 1 L;323140;Juicy;1.0000;L;2.79;2.79;;;02.05.2025;2.65;3858890977332;Piæa
SLAD.KINDER BUENO KORNET 248 g;323152;Kinder;0.2480;kg;;24.15;5.99;7.99;02.05.2025;7.99;8000500384664;Hrana
RI®INE PAHULJ.VITAL BIO 100 g;323221;SPAR Vital;0.1000;kg;1.79;17.90;;;02.05.2025;1.59;8001300802983;Hrana
PIR VITAL EKSTRUDIRANI 100 g ;323225;SPAR Vital;0.1000;kg;1.79;17.90;;;02.05.2025;1.85;8001300802945;Hrana
PAHULJ.VITAL PIR INTEG.300 g;323227;SPAR Vital;0.3000;kg;2.99;9.97;;;02.05.2025;2.91;8001300804130;Hrana
HELJDA SPAR VITAL 500 g;323228;SPAR Vital;0.5000;kg;3.49;6.98;;;02.05.2025;3.49;8001300241232;Hrana
PROSO SPAR VITAL 500 g;323230;SPAR Vital;0.5000;kg;3.49;6.98;;;02.05.2025;3.49;8001300241263;Hrana
UMAK SPAR PREMIUM SOJA 150 ml ;323243;Premium;0.1500;L;3.49;23.27;;;02.05.2025;3.49;8001300242420;Hrana
GAZ.PIÆ.COLA DESPAR 1,5 L ZERO;323275;Despar;1.5000;L;1.19;0.79;;;02.05.2025;1.12;8001300112075;Piæa
PIVO KOZEL 4X0,5 L LIM.;323278;Kozel;2.0000;L;5.61;2.81;;;02.05.2025;4.51;8594404006369;Piæa
PIVO KOZEL 4X0,5 L LIM.DARK;323283;Kozel;2.0000;L;5.61;2.81;;;02.05.2025;4.51;8594404005331;Piæa
GAZIRANO PIÆE COCKTA FREE1,5 L;323295;Cockta;1.5000;L;1.78;1.19;;;02.05.2025;1.45;3838471037037;Piæa
CAPPUCCINO GLORIA IRISH 200 g;323296;;0.2000;kg;2.79;13.95;;;02.05.2025;2.79;3850291049090;Piæa
GAZIRAN.PIÆE COCKTA FREE 0,5 L;323297;Cockta;0.5000;L;1.12;2.24;;;02.05.2025;1.12;3838471037051;Piæa
MICELAR.OTOPINA OLIVAL 100 ml;323318;Olival;0.1000;L;2.49;24.90;;;02.05.2025;2.49;3859893186257;Kozmetika
BOJA COLOR NATURALS ZA KO.3.61;323325;Garnier;1.0000;kom;4.99;4.99;;;02.05.2025;4.99;3600542213783;Kozmetika
UMAK HEINZ BBQ SLATKI 500 g;323326;Heinz;0.5000;kg;5.29;10.58;;;02.05.2025;5.3;8715700419695;Hrana
GEL ZA BRIJA.NIVEA3 MEN 200 ml;323327;Nivea;0.2000;L;;20.95;4.19;5.59;02.05.2025;6.69;9005800308432;Kozmetika
REG.FRUCTIS COCON.WATER 200 ml;323346;Garnier;0.2000;L;3.29;16.45;;;02.05.2025;3.29;3600541970892;Kozmetika
©AM.FRUCTIS COCON.WATER 250 ml;323348;Garnier;0.2500;L;3.39;13.56;;;02.05.2025;3.39;3600541970410;Kozmetika
©AM.ELSEVE PURPLE 200 ml;323349;Elseve;0.2000;L;;20.95;4.19;5.59;02.05.2025;5.59;3600523699162;Kozmetika
REF.GLADE MICROSPRAY LOT.10 ml;323368;Glade;1.0000;kom;5.79;5.79;;;02.05.2025;5.79;5000204818376;Sredstva za èi¹æenje
REF.GLADE MICROSPRAY LAV.10 ml;323369;Glade;1.0000;kom;5.79;5.79;;;02.05.2025;5.79;5000204820003;Sredstva za èi¹æenje
SOK ALOE VERA VITAL 1 L;323391;SPAR Vital;1.0000;l;12.99;12.99;;;02.05.2025;13.20;8001300440284;Piæa
PASTA OD INÆUNA DESPAR 60 g;323392;Despar;0.0600;kg;1.54;25.67;;;02.05.2025;1.54;8001300274117;Hrana
VOÆNA ZAB.BEBIV.KRU.©LJI.120 g;323430;Bebivita;0.1200;kg;1.32;11.00;;;02.05.2025;1.32;4018852024958;Hrana
VOÆNA ZAB.BEBIV.JAB.KIVI 120 g;323434;Bebivita;0.1200;kg;1.32;11.00;;;02.05.2025;1.32;4018852034841;Hrana
PA©.S LUK. I BUÈ.SJ.150 g;323467;Krainer;0.1500;kg;1.99;13.27;;;02.05.2025;1.99;9004286421659;Hrana
KEKS MILKA TENDER COW 140 g;323474;Milka;0.1400;kg;3.39;24.21;;;02.05.2025;3.39;7622210590664;Hrana
SIR MEKI KOZJI SPAR 180 g;323488;SPAR Qualitätsmarke;0.1800;kg;2.99;16.61;;;02.05.2025;2.99;9100000442877;Hrana
SIR SKYR NATUR PUR BIO 400 g;323490;SPAR Natur*pur;0.4000;kg;1.99;4.98;;;02.05.2025;1.99;9100000444178;Hrana
DES.MOUSSE ÈOK.SPAR 4x60 g;323495;SPAR Qualitätsmarke;0.2400;kg;1.59;6.63;;;02.05.2025;1.49;9100000158501;Hrana
©AMP.BEAUTY KISS MASNA 300 ml;323540;Beauty Kiss;0.3000;L;1.19;3.97;;;02.05.2025;1.19;9100000155159;Kozmetika
©AMP.BEAUTY KISS NORMAL.300 ml;323541;Beauty Kiss;0.3000;L;1.19;3.97;;;02.05.2025;1.19;9100000155135;Kozmetika
BALZAM BEAUTY KISS 125 ml;323546;Beauty Kiss;0.1250;L;1.99;15.92;;;02.05.2025;1.99;9100000154992;Kozmetika
ULJE OLIVAL S.MRKVA 100 ml;323555;Olival;0.1000;l;7.99;79.90;;;02.05.2025;7.99;3858892691809;Kozmetika
ULJE SUH.OLIVAL SUP.MRK.100 ml;323557;Olival;0.1000;l;7.29;72.90;;;02.05.2025;7.29;3858892691779;Kozmetika
PEKMEZ MRKV.OLIVAL 100 ml;323559;Olival;0.1000;l;7.29;72.90;;;02.05.2025;7.29;3858892691717;Kozmetika
RAFFAELLO FERRERO 80 g;323561;Ferrero;0.0800;kg;2.59;32.38;;;02.05.2025;2.59;8000500311585;Hrana
KREM.SUN CARE SPORT F30 90 ml;323618;Afrodita;0.0900;L;11.79;131.00;;;02.05.2025;11.79;3831070654841;Kozmetika
ÈAJ AHMAD CITRUS MIX 2X20 g;323630;Ahmad;0.0400;kg;3.05;76.25;;;02.05.2025;3.05;0054881000048;Piæa
DET.PUR WORLD RASPBERRY 450 ml;323718;Pur;0.4500;L;;3.31;1.49;1.55;02.05.2025;1.55;9000101355130;Sredstva za èi¹æenje
SLAD.HD MACADAMIA 460 ml;323724;Häagen Dazs;0.4600;L;6.99;15.20;;;02.05.2025;6.99;3415581122831;Hrana
SLAD.HD PRALINE/©LAG 460 ml;323729;Häagen Dazs;0.4600;L;6.99;15.20;;;02.05.2025;6.99;3415581153835;Hrana
SLAD.HD BELGIJSKA ÈOKOL.460 ml;323730;Häagen Dazs;0.4600;L;6.99;15.20;;;02.05.2025;6.99;3415581113839;Hrana
SLADO.HD MANGO/MALINA 460 ml;323731;Häagen Dazs;0.4600;L;6.99;15.20;;;02.05.2025;6.99;3415581165838;Hrana
RAVIOLI 4 VRSTE SIRA RAN.250 g;323737;Rana;0.2500;kg;;9.16;2.29;2.99;02.05.2025;2.99;8001665713153;Hrana
TORTELLI. RIC/©PINA.RANA 250 g;323743;Rana;0.2500;kg;;9.16;2.29;2.99;02.05.2025;2.99;8001665713177;Hrana
TORTELLINI PR©UT RANA 250 g;323746;Rana;0.2500;kg;;9.16;2.29;2.99;02.05.2025;2.99;8001665713184;Hrana
MAJONEZA HEINZ SQUEEZE 220 ml;323754;Heinz;0.2200;L;3.59;16.32;;;02.05.2025;3.29;87157857;Hrana
MLIJ.LAG.JUTRO 0%M.M. LAKT.1 L;323759;Dukat;1.0000;L;1.99;1.99;;;02.05.2025;1.99;3850354017080;Hrana
LOS.PIZ BUIN NAKON SUNÈ.200ml;323765;Piz Buin;0.2000;L;11.99;59.95;;;02.05.2025;11.99;3574661469270;Kozmetika
SALVETE PARTY 20/1;323777;;20.0000;kom;2.65;0.13;;;02.05.2025;2.65;3858887181902;Proizvodi za kuæanstvo
SIR CHEDDAR MILD PRESID.200 g;323832;President;0.2000;kg;4.45;22.25;;;02.05.2025;4.45;5017838821610;Hrana
SIR CHEDD.MATURE PRESID.200 g;323835;President;0.2000;kg;4.45;22.25;;;02.05.2025;4.45;5017838821658;Hrana
JOG.VOÆ.DUKAT MIX MA/JAG.150 g;323841;Dukat;0.1500;kg;0.59;3.93;;;02.05.2025;0.60;3850354012429;Hrana
SIR SV.KREM PRESIDENT 500 g;323855;President;0.5000;kg;2.99;5.98;;;02.05.2025;2.99;3850355006021;Hrana
ZAM.MLIJEKO NAN OPTIPRO1 400 g;323862;Nan;0.4000;kg;10.99;27.48;;;02.05.2025;10.99;7613036362924;Hrana
ZAM.MLIJEKO NAN OPTIPRO1 800 g;323864;Nan;0.8000;kg;19.99;24.99;;;02.05.2025;19.99;7613036362238;Hrana
ZAM.MLIJEKO NAN OPTIPRO2 800 g;323865;Nan;0.8000;kg;18.99;23.74;;;02.05.2025;19.99;7613034089984;Hrana
ZAM.MLIJEKO NAN OPTIPRO3 800 g;323868;Nan;0.8000;kg;18.99;23.74;;;02.05.2025;18.49;7613034090010;Hrana
ZAM.MLIJEKO NAN OPTIPRO4 800 g;323869;Nan;0.8000;kg;18.99;23.74;;;02.05.2025;18.49;7613035424654;Hrana
LOS.PIZ BUIN HID.SPF30 200ml ;323896;Piz Buin;0.2000;L;20.99;104.95;;;02.05.2025;20.99;3574661464985;Kozmetika
KOBASICA VEGE.ZA PEÈENJE 175 g;323900;SPAR Veggie;0.1750;kg;3.49;19.94;;;02.05.2025;3.49;9100000442006;Hrana
SIR TRAPIST ZDENKA 45% 400 g;323905;Zdenka;0.4000;kg;6.29;15.73;;;02.05.2025;6.29;3858888597559;Hrana
Sir kozji tvrdi Puða;323933;;1.0000;kg;28.99;28.99;;;02.05.2025;28.99;3859893092411;Hrana
ZLATNI KRUH SA SJEMENKAMA 300g;323965;;0.3000;kg;1.89;6.30;;;02.05.2025;1.89;3858881128965;Hrana
KRUPICA P©ENIÈNA S-BUDGET 1 kg;323983;S-BUDGET;1.0000;kg;0.99;0.99;;;02.05.2025;0.99;3856021209765;Hrana
MINI RO©TILJ KOBAS.ANDRO 300 g;324049;Andro;0.3000;kg;2.99;9.97;;;02.05.2025;2.99;3858892820063;Hrana
FOLIJA ALUMINIJSKA 10m FINO;324078;;1.0000;kom;2.99;2.99;;;02.05.2025;2.99;5900536352046;Proizvodi za kuæanstvo
KIN.SCHOKO BONS WHITE 200 g;324089;Ferrero;0.2000;kg;;20.95;4.19;5.29;02.05.2025;5.29;8000500289877;Hrana
PIVO SAN SERVOLO APA 0,33 L;324090;;0.3300;L;2.72;8.24;;;02.05.2025;2.72;3859893049156;Piæa
PIVO SAN SERVOLO IPA 0,33 L;324093;;0.3300;L;2.72;8.24;;;02.05.2025;2.72;3859893049170;Piæa
FOLIJA ALUMINIJSKA 30m FINO;324098;;1.0000;kom;6.99;6.99;;;02.05.2025;6.99;5900536352060;Proizvodi za kuæanstvo
PAPIR ZA PEÈENJE 8m FINO;324099;;1.0000;kom;2.79;2.79;;;02.05.2025;2.79;5201314971016;Proizvodi za kuæanstvo
FOLIJA PRIJANJAJUÆA 30m FINO;324100;;1.0000;kom;2.59;2.59;;;02.05.2025;2.59;5201314951117;Proizvodi za kuæanstvo
ÈOK.TAMNA ZIGANTE S TART.60 g;324101;Zigante;0.0600;kg;8.75;145.83;;;02.05.2025;8.75;3858891980584;Hrana
ÈOK.BIJE.ZIGANTE S TARTUF.60 g;324103;Zigante;0.0600;kg;8.75;145.83;;;02.05.2025;8.75;3858891980591;Hrana
VREÆICE ZA LED 240/1 FINO;324104;;1.0000;kom;1.19;1.19;;;02.05.2025;1.19;5201314981022;Proizvodi za kuæanstvo
SPR.NIVEA UMIRE.K.SPF50+ 200ml;324110;Nivea;0.2000;L;14.99;74.95;;;02.05.2025;14.99;4006000130750;Kozmetika
VREÆE ZA SMEÆE UBOJI 60L 20/1 ;324113;;20.0000;kom;2.99;0.15;;;02.05.2025;2.99;5201314578031;Proizvodi za kuæanstvo
VREÆE ZA SMEÆE UBOJI 35L 30/1 ;324117;;30.0000;kom;2.89;0.10;;;02.05.2025;2.89;5201314579038;Proizvodi za kuæanstvo
VREÆE ZA SMEÆE 120L 10/1 FINO;324122;;10.0000;kom;3.79;0.38;;;02.05.2025;3.79;5201314932024;Proizvodi za kuæanstvo
SPU®VA  FINO PREMIUM 1/1;324125;;1.0000;kom;1.19;1.19;;;02.05.2025;1.19;8606013476850;Proizvodi za kuæanstvo
®ICA ZA PRANJE POSUÐA FINO 2/1;324129;;2.0000;kom;1.72;0.86;;;02.05.2025;1.72;5201314911173;Proizvodi za kuæanstvo
KRPA FINO ZA DOMAÆINSTVO 3/1;324130;;3.0000;kom;1.72;0.57;;;02.05.2025;1.72;5201314913023;Proizvodi za kuæanstvo
UM.GO TAN CHILI SLATKI 500 ml;324153;Go-tan;0.5000;l;;5.98;2.99;5.49;02.05.2025;5.49;8710605021011;Hrana
KRPA VLA®NA FINO 4/1;324156;;4.0000;kom;3.31;0.83;;;02.05.2025;3.31;8606013475440;Proizvodi za kuæanstvo
OVRATNIK BIOCIDNI ZA PSE 75 cm;324171;Vitakraft;1.0000;kom;5.19;5.19;;;02.05.2025;5.20;3838964197682;Proizvodi za kuæanstvo
HRANA ZA PSE PED.PIL.POV.2 kg;324184;Pedigree;2.0000;kg;10.49;5.25;;;02.05.2025;10.49;5900951272400;Proizvodi za kuæanstvo
TORTILLA OL TACO 8/1 193 g ;324214;Old El Paso;0.1930;kg;3.99;20.67;;;02.05.2025;3.99;8410076472175;Hrana
ÈOKOLADA MERCI NOUGAT 112 g;324235;Merci;0.1120;kg;2.79;24.91;;;02.05.2025;2.79;4014400916751;Hrana
JUNEÆA PLJESKAVICA 480 g;324255;SPAR BBQ;0.4800;kg;5.69;11.85;;;02.05.2025;4.97;3856021212437;Hrana
JUNEÆI ÆEVAPÈIÆI 480 g;324258;SPAR BBQ;0.4800;kg;5.69;11.85;;;02.05.2025;4.97;3856021212451;Hrana
PLJESKAVICA SA SIROM 480 g;324260;SPAR BBQ;0.4800;kg;4.39;9.15;;;02.05.2025;3.99;3856021212512;Hrana
DEO SPRAY REXONA BLUE 150 ml;324262;Rexona;0.1500;L;4.79;31.93;;;02.05.2025;2.99;8717163680544;Kozmetika
PUREÆE MESNE OKR.VINDON 400 g;324264;;0.4000;kg;4.49;11.23;;;02.05.2025;4.49;3850339439135;Hrana
SLADOLED LINO LADA 90 ml;324265;Ledo;0.0900;L;1.99;22.11;;;02.05.2025;1.99;3850116007328;Hrana
PREMIUM ÆEVAPÈIÆI 480 g;324268;SPAR BBQ;0.4800;kg;5.19;10.81;;;02.05.2025;4.69;3856021212499;Hrana
PREMIUM PLJESKAVICA 480 g;324269;SPAR BBQ;0.4800;kg;5.19;10.81;;;02.05.2025;4.69;3856021212475;Hrana
ZUB.P. HIMALAYA COMPLETE 75 ml;324274;Himalaya;0.0750;L;2.99;39.87;;;02.05.2025;2.99;8901138825577;Kozmetika
KREMA HIMALAYA HIDRATAN.150 ml;324278;Himalaya;0.1500;L;3.05;20.33;;;02.05.2025;3.05;8901138713881;Kozmetika
MUFFIN BOROVN.SPAR ENJOY 115g;324321;SPAR enjoy;0.1150;kg;1.32;11.48;;;02.05.2025;1.32;3858890211399;Hrana
MUFFIN ÈOKOLAD.SPAR ENJOY 115g;324323;SPAR enjoy;0.1150;kg;1.32;11.48;;;02.05.2025;1.32;3858890211382;Hrana
ZUB.PASTA PARODONTAX HER.75 ml;324347;Parodontax;0.0750;L;5.99;79.87;;;02.05.2025;5.59;5054563949615;Kozmetika
MAS.ZA K.FRUCTIS ALOE V.390 ml;324348;Garnier;0.3900;L;7.49;19.21;;;02.05.2025;7.49;3600542221108;Kozmetika
ÈOK.KANDI TAM.BEZ DOD.©EÆ.80 g;324349;Kandit;0.0800;kg;;37.38;2.99;3.49;02.05.2025;3.49;3858889868962;Hrana
ÈOK.KANDI BADE.BEZ DOD.©.80 g;324351;Kandit;0.0800;kg;;37.38;2.99;3.49;02.05.2025;3.49;3858889868948;Hrana
PEKMEZ BIOBAZA SUHO ULJE 250ml;324398;Biobaza;0.2500;L;13.99;55.96;;;02.05.2025;13.99;3856020903824;Kozmetika
SPREJ RAID CIK 400 ml;324407;Raid;0.4000;L;8.35;20.88;;;02.05.2025;8.35;5000204342949;Proizvodi za kuæanstvo
PUNJE.ZA EL.APARAT RAID 36ml;324409;Raid;0.0360;L;9.35;259.72;;;02.05.2025;9.35;5000204028157;Proizvodi za kuæanstvo
VINO ROSE SAN MARTINO 0,75 L;324413;;0.7500;L;8.49;11.32;;;02.05.2025;8.49;3859892237240;Piæa
LIKER AMARO MONTENEGRO 0,7 L;324429;;0.7000;L;15.42;22.03;;;02.05.2025;15.42;8000330001748;Piæa
VERMUT LA DOLCE ITALIJA BI.1 L;324435;;1.0000;L;8.28;8.28;;;02.05.2025;8.28;8000428029654;Piæa
LIKER MOZART BIJELA ÈOKO.0,5 L;324436;;0.5000;L;17.22;34.44;;;02.05.2025;17.22;9013100053303;Piæa
LIKER MOZART GOLD ÈOKOL.0,5 L;324437;;0.5000;L;17.22;34.44;;;02.05.2025;17.22;9013100062053;Piæa
VL.MAR.PAMPERS AQUA 3x48/1;324446;Pampers;144.0000;kom;7.20;0.05;;;02.05.2025;7.20;8006540458525;Toaletne potrep¹tine
MIR.PERLI.LENOR SPRING A.210 g;324452;Lenor;0.2100;kg;4.99;23.76;;4.99;02.05.2025;4.99;8001841182193;Sredstva za èi¹æenje
MIR.PERLICE LENOR FLOWER 210 g;324455;Lenor;0.2100;kg;4.99;23.76;;4.99;02.05.2025;4.99;8001841182223;Sredstva za èi¹æenje
VINO PINKERT ROSE 0,75 L;324460;;0.7500;L;7.92;10.56;;;02.05.2025;7.92;3859893463112;Piæa
VINO BLATO PO©IP VRHUN.0,75 L;324471;;0.7500;L;14.29;19.05;;;02.05.2025;14.29;3859888154360;Piæa
SPR.DIPTEROL MAX ACTION 100ml;324490;Dipterol;0.1000;L;5.29;52.90;;;02.05.2025;5.29;3856007906206;Proizvodi za kuæanstvo
BUÈ.GOLICE EUROCOM.PR®ENE 80 g;324493;EUROCOMPANY;0.0800;kg;0.95;11.88;;0.94;02.05.2025;0.95;3872084004086;Hrana
BUÈ.GOLICA EUROCOMP.NAT.80 g;324494;EUROCOMPANY;0.0800;kg;0.99;12.38;;0.99;02.05.2025;0.99;3872084001955;Hrana
JUHA KREM OD GLJIVA SPAR 64 g;324497;SPAR;0.0640;kg;1.09;17.03;;;02.05.2025;1.09;9100000443317;Hrana
JUHA S MESNIM OKRUG. SPAR 63 g;324506;SPAR;0.0630;kg;1.09;17.30;;;02.05.2025;1.09;9100000443218;Hrana
JUHA BISTRA S REZAN.SPAR 92 g ;324510;SPAR;0.0920;kg;1.09;11.85;;;02.05.2025;1.09;9100000443249;Hrana
JUHA PROLJETNA SPAR 62 g;324514;SPAR;0.0620;kg;1.09;17.58;;;02.05.2025;1.09;9100000443270;Hrana
JUHA KREM OD RAJÈICE SPAR 89 g;324521;SPAR;0.0890;kg;1.09;12.25;;;02.05.2025;1.09;9100000443355;Hrana
JUHA KREM OD ÈE©NJAK SPAR 91 g;324523;SPAR;0.0910;kg;1.09;11.98;;;02.05.2025;1.09;9100000443331;Hrana
JUHA S OKRU.OD GRISA SPAR 62 g;324525;SPAR;0.0620;kg;1.09;17.58;;;02.05.2025;1.09;9100000443195;Hrana
ULJE BABY JOHNSON´S 300 ml ;324546;Johnson's;0.3000;L;5.99;19.97;;;02.05.2025;4.49;3574669909204;Kozmetika
©AMP.JOHNSON´S BABY 500 ml;324548;Johnson's;0.5000;L;9.75;19.50;;;02.05.2025;6.74;3574669907514;Kozmetika
VINO PETULA RO. MARRENON0,75 L;324565;;0.7500;L;12.52;16.69;;;02.05.2025;12.52;3256811113911;Piæa
VINO ZVO.BOG.®IVOT TEÈE 0,75 L;324568;;0.7500;L;14.49;19.32;;;02.05.2025;14.49;8606015090061;Piæa
VINO ZVON. BOG.8 TAMBUR.0,75 L;324570;;0.7500;L;14.89;19.85;;;02.05.2025;14.89;8606015090375;Piæa
KUPKA/GEL J´S BABY 500 ml;324577;Johnson's;0.5000;L;8.85;17.70;;;02.05.2025;5.99;3574661427935;Kozmetika
ULJE J´S BABY ALOE VERA 300 ml;324593;Johnson's;0.3000;L;6.29;20.97;;;02.05.2025;4.69;3574669909181;Kozmetika
VODA VITAMIN WELL CELEBR.0,5 L;324596;;0.5000;L;2.02;4.04;;;02.05.2025;2.02;7350042718290;Piæa
©AMPON J´S BABY 500 ml;324597;Johnson's;0.5000;L;8.85;17.70;;;02.05.2025;6.14;3574661593197;Kozmetika
©AMPON J´S BABY 300 ml;324598;Johnson's;0.3000;L;6.69;22.30;;;02.05.2025;4.64;3574669907538;Kozmetika
©AMPO.J´S BABY KAMILICA 300 ml;324601;Johnson's;0.3000;L;6.69;22.30;;;02.05.2025;4.64;3574669907521;Kozmetika
©AMPO.J´S BABY KAMILICA 500 ml;324604;Johnson's;0.5000;L;9.75;19.50;;;02.05.2025;6.74;3574661593180;Kozmetika
ULJE J´S BABY BEDTIME 300 ml;324609;Johnson's;0.3000;L;6.29;20.97;;;02.05.2025;4.69;3574661472010;Kozmetika
KUPKA J´S BABY BEDTIME 500 ml;324610;Johnson's;0.5000;L;8.25;16.50;;;02.05.2025;5.59;3574669908641;Kozmetika
GEL ZA TU©.FA SPORT ENE.400 ml;324615;Fa;0.4000;L;4.19;10.48;;;02.05.2025;4.19;9000100781374;Kozmetika
GEL ZA TU©.FA SPORT 400 ml;324619;Fa;0.4000;L;4.19;10.48;;;02.05.2025;4.19;3838824142296;Kozmetika
PECIVO JQ BURGER SEZAM  330 g;324694;;0.3300;kg;1.79;5.42;;;02.05.2025;1.79;3029330032120;Hrana
PECIVO JQ BURGER 315 g;324695;;0.3150;kg;1.66;5.27;;;02.05.2025;1.66;3029330032144;Hrana
JQ POLUPEÈENO PECIVO 300 g;324696;;0.3000;kg;1.69;5.63;;;02.05.2025;1.69;3029330062820;Hrana
SALATA S TJESTEN. S BUDG.400 g;324699;S-Budget;0.4000;kg;2.19;5.48;;;02.05.2025;2.19;9100000439891;Hrana
TEK.SAP.S-BUDGET LAVAN.1 L;324765;S-BUDGET;1.0000;L;1.15;1.15;;;02.05.2025;1.15;3856021212123;Kozmetika
TEK.SAP.S-BUDGET MED I KOK.1 L;324767;SPAR;1.0000;L;1.15;1.15;;;02.05.2025;1.15;3856021212147;Kozmetika
TEK.SAP.S-BUDGET MED I MLI.1 L;324768;SPAR;1.0000;L;1.15;1.15;;;02.05.2025;1.15;3856021212161;Kozmetika
VINO CECC.CHIANTI CLASS 0,75 L;324782;;0.7500;L;12.99;17.32;;;02.05.2025;12.99;8006030050819;Piæa
PROSECCO CANELLA DOC 0,75 L;324785;;0.7500;L;10.49;13.99;;;02.05.2025;10.49;8006233000215;Piæa
LIKER ROSSI TERANINO 0,5 L;324789;;0.5000;L;19.52;39.04;;;02.05.2025;19.52;3859891585434;Piæa
TUNA FJK ODREZ.VLAS.SOK 170 g;324799;Franz Jozef Kaiser;0.1200;kg;2.89;24.08;;;02.05.2025;2.89;8595241525402;Hrana
SARDINA FJK FILET SU.ULJE 90 g;324801;Franz Jozef Kaiser;0.0630;kg;1.99;31.59;;;02.05.2025;1.99;8595241524689;Hrana
ZUB.PASTA COLGATE MA.WH.100 ml;324803;Colgate;0.1000;L;2.99;29.90;;;02.05.2025;2.99;8718951312722;Kozmetika
ZUB.PASTA COLGATE MAX F.100 ml;324804;Colgate;0.1000;L;2.99;29.90;;;02.05.2025;2.99;8718951313576;Kozmetika
©TRUDLA MAK ENJOY 240 g;324817;SPAR enjoy;0.2400;kg;3.19;13.29;;;02.05.2025;3.19;3856021212222;Hrana
SKYR NATUR SPAR 500 g;324825;SPAR;0.5000;kg;;2.98;1.49;1.79;02.05.2025;1.79;9100000009681;Hrana
LAK EVELINE NAILCARE THERAPY;324827;Eveline;1.0000;KOM;3.89;3.89;;;02.05.2025;3.89;5901761956610;Kozmetika
PUD.EVELINE MATT FULL;324834;Eveline;1.0000;kom;7.29;7.29;;;02.05.2025;7.29;5901761980691;Kozmetika
PANIR.ODREZ. SA ©PINATOM 440 g;324836;AiA;0.4400;kg;3.19;7.25;;;02.05.2025;3.19;8008110013417;Hrana
PANIRANI MEDALJONI  430 g;324837;AiA;0.4300;kg;3.19;7.42;;;02.05.2025;3.19;8008110016395;Hrana
JAGODA VH 500 g;324871;SPAR Kroatische Gärten;0.5000;kg;2.99;5.98;;;02.05.2025;2.99;3859889267052;Hrana
VODA CETINA 1,5 L GAZIRANA;324928;Cetina;1.5000;L;.78;0.52;;;02.05.2025;.78;3859890129028;Piæa
©TRUDLA SA SIROM 135 g;324952;;0.1350;kg;1.40;10.37;;;02.05.2025;1.40;3858889891922;Hrana
KOLAÈ S ÈOKOL ENJOY 130 g;324965;SPAR enjoy;0.1300;kg;2.25;17.31;;;02.05.2025;2.25;3856021212857;Hrana
MLIJ.BEZ LAK VIND.2,8% 0,2 L;324986;Z Bregov;0.2000;L;0.59;2.95;;;02.05.2025;0.59;3850108023589;Hrana
NJOKI PIROVI DIVITA 500 g;324989;;0.5000;kg;2.19;4.38;;;02.05.2025;2.19;3831001819240;Hrana
PUD.EVELINE MATT U PRAHU;325013;Eveline;1.0000;kom;6.63;6.63;;;02.05.2025;6.63;5901761980707;Kozmetika
ZUB.PA.ELMEX SENSI.WHITE.75 ml;325018;Elmex;0.0750;L;4.39;58.53;;;02.05.2025;4.39;8714789926278;Kozmetika
ZUB.PA.ELMEX SENS.PROFES.75 ml;325020;Elmex;0.0750;L;5.39;71.87;;;02.05.2025;5.39;8718951025998;Kozmetika
ZUB.PA.ELMEX CARIES PROF.75 ml;325023;Elmex;0.0750;L;5.39;71.87;;;02.05.2025;5.39;8718951279551;Kozmetika
ZAÈIN VEGETA NATUR GRILL 80 g;325035;Podravka;0.0800;kg;1.99;24.88;;;02.05.2025;1.99;3856020227494;Hrana
ENJOY MASL.ULJE+ACCETO 25 ml;325043;SPAR enjoy;0.0250;L;1.09;43.60;;;02.05.2025;1.09;3856021212970;Hrana
ENJOY MASL.ULJE+LIMUN 25 ml;325044;SPAR enjoy;0.0250;L;1.09;43.60;;;02.05.2025;1.09;3856021213014;Hrana
ENJOY BUÈ.ULJE+JABU.OCAT 25 ml;325046;SPAR enjoy;0.0250;l;1.09;43.60;;;02.05.2025;1.09;3856021212994;Hrana
ENJOY DRESSING TARTAR 25 g;325049;SPAR enjoy;0.0250;kg;0.49;19.60;;;02.05.2025;0.49;3856021212956;Hrana
ENJOY DRESSING MAJONEZA 15 g;325050;SPAR enjoy;0.0150;kg;0.49;32.67;;;02.05.2025;0.49;3856021212932;Hrana
KETCHUP ENJOY 15 g;325053;SPAR enjoy;0.0150;kg;0.49;32.67;;;02.05.2025;0.49;3856021212918;Hrana
ENJOY SENF 20 g;325054;SPAR enjoy;0.0200;kg;0.59;29.50;;;02.05.2025;0.59;3856021212895;Hrana
ZAÈIN VEGETA NATUR BURGER 30 g;325067;Vegeta;0.0300;kg;1.19;39.67;;;02.05.2025;1.19;3856020228910;Hrana
ZAÈ.VEGETA NAT.MEKS.JELA 30 g;325072;Vegeta;0.0300;kg;1.19;39.67;;;02.05.2025;1.19;3856020229290;Hrana
BAKALAR PREMIUM KLASIK 90 g;325079;SPAR PREMIUM;0.0900;kg;2.59;28.78;;;02.05.2025;2.59;8001300242253;Hrana
BAKALAR PREMIUM MASLINE 90 g;325080;SPAR PREMIUM;0.0900;kg;2.59;28.78;;;02.05.2025;2.59;8001300242260;Hrana
ÈOK.JAJE KINDER JOY 40 g;325087;Ferrero;0.0400;kg;2.69;67.25;;;02.05.2025;2.69;8000500313299;Hrana
DEBRECINKA SPAR BBQ 300 g;325088;SparBBQ;0.3000;kg;2.99;9.97;;;02.05.2025;3.19;3856021213212;Hrana
RO©TILJSKA KOB.SPAR BBQ 300 g;325089;SparBBQ;0.3000;kg;2.99;9.97;;;02.05.2025;3.19;3856021213199;Hrana
PIKANT KOB.SPAR BBQ 300 g;325090;SparBBQ;0.3000;kg;2.99;9.97;;;02.05.2025;3.19;3856021213250;Hrana
BIJELA KOB.SPAR BBQ 300 g;325091;SparBBQ;0.3000;kg;2.99;9.97;;;02.05.2025;3.19;3856021213236;Hrana
VAFEL LOACKER DUPLA ÈOK.175 g;325098;Loacker;0.1750;kg;2.19;12.51;;;02.05.2025;2.19;8000380192199;Hrana
GIN BULLDOG 0,7 L;325143;;0.7000;L;29.99;42.84;;;02.05.2025;29.99;0897076002010;Piæa
GIN MONKEY 47 0,5 L;325199;;0.5000;L;40.91;81.82;;;02.05.2025;40.91;4260218310117;Piæa
GIN BEEFEATER 1 L;325208;;1.0000;L;28.22;28.22;;;02.05.2025;28.22;5000329002278;Piæa
GAZIRANO PIÆE COCKTA 0,33 L LI;325215;Cockta;0.3300;L;1.02;3.09;;;02.05.2025;1.02;3838471038027;Piæa
VODA CETINA 1,5 L NEGAZIRANA;325223;Cetina;1.5000;L;.78;0.52;;;02.05.2025;.78;3859890129004;Piæa
PIVO 1664 BLANC 0,5 L LIMENKA;325228;;0.5000;L;1.59;3.18;;;02.05.2025;1.59;3080216031811;Piæa
PIVO BLANC 0,33L NB;325231;Blanc;0.3300;L;1.42;4.30;;;02.05.2025;1.42;3080216015507;Piæa
ZAÈIN KURKUMA NADALINA 45 g;325263;Nadalina;0.0450;kg;2.09;46.44;;;02.05.2025;2.09;3858881585294;Hrana
EKSP.PROIZ.VITAL KUK.MAHU.70 g;325278;SPAR Vital;0.0700;kg;1.99;28.43;;;02.05.2025;1.99;8001300803577;Hrana
EKSP.PROIZ.VITAL KUK.SLAN.90 g;325279;SPAR Vital;0.0900;kg;1.99;22.11;;;02.05.2025;1.99;8001300803553;Hrana
VODA JANA VITAMI.MEN/LIM 0,5 L;325282;Jana;0.5000;L;1.19;2.38;;;02.05.2025;1.19;3858890874570;Piæa
BOMBONI SKITTLES SMOOTHIE 95 g;325285;Skittles;0.0950;kg;1.59;16.74;;;02.05.2025;1.59;4009900531559;Hrana
BOMB.GUM.HARIBO BOBICE 100 g;325290;Haribo;0.1000;kg;1.59;15.90;;;02.05.2025;1.59;9002975328548;Hrana
BOMB.GUM.HARIBO CRVI 100 g;325291;Haribo;0.1000;kg;1.59;15.90;;;02.05.2025;1.59;9002975377379;Hrana
JOG. DANONIN.JAGODA TO GO 70 g;325297;Danone;0.0700;kg;0.99;14.14;;;02.05.2025;0.99;7350000550214;Hrana
PROSECCO MIONETTO YELLOW0,75 L;325339;;0.7500;L;19.69;26.25;;;02.05.2025;19.69;8006220001942;Piæa
RI®A NA MLI.MÜLL.JAGOODA 200 g;325342;Müller;0.2000;kg;0.92;4.60;;;02.05.2025;0.92;40858227;Hrana
VINO AD®IÆ ROSE 0,75 L;325366;;0.7500;L;17.39;23.19;;;02.05.2025;17.39;3859890469148;Piæa
QUINOA BURGER SPAR 450 g;325379;SPAR BBQ;0.4500;kg;3.99;8.87;;;02.05.2025;2.99;9100000831763;Hrana
VINO PALIHN. PLAVAC PEL.0,75 L;325393;;0.7500;L;4.79;6.39;;;02.05.2025;4.79;3859892911072;Piæa
VINO PALIHNIÆ PLAV. ROSE0,75 L;325396;;0.7500;L;4.79;6.39;;;02.05.2025;4.79;3859892911232;Piæa
VINO PALIHNIÆ CUVEE KU. 0,75 L;325398;;0.7500;L;5.49;7.32;;;02.05.2025;5.49;3859892911256;Piæa
VINO PALIHNIÆ PLAV.MALI 0,75 L;325400;;0.7500;L;9.19;12.25;;;02.05.2025;9.19;3859892911430;Piæa
VINO PALIHNIÆ PRO©PER 0,75 L;325402;;0.7500;L;7.99;10.65;;;02.05.2025;7.99;3859892911294;Piæa
OSVJE®.PIÆE DESPAR CR.NAR.1 L;325432;Despar;1.0000;L;2.29;2.29;;;02.05.2025;2.29;8001300151111;Piæa
VODA S BUDGET LIMUN 1,5 L;325433;S-Budget;1.5000;L;.85;0.57;;;02.05.2025;.85;9100000045047;Piæa
ÈAJ EKO KORIJEN MASLAÈAK 50 g;325468;Darvitalis;0.0500;kg;3.99;79.80;;;02.05.2025;3.99;3858890832716;Piæa
VINO PALIHNIÆ RUKATAC 1 L;325469;;1.0000;L;5.09;5.09;;;02.05.2025;5.09;3859892911102;Piæa
NAPITAK ÈOK.SHAKE Z BREG.0,2 L;325497;Z Bregov;0.2000;L;1.09;5.45;;;02.05.2025;1.09;3850108035407;Piæa
NAPITAK VAN.SHAKE Z BREG.0,2 L;325501;Z Bregov;0.2000;L;1.09;5.45;;;02.05.2025;1.09;3850108035421;Piæa
JOGUR.PROT.SKYR ©UM.VOÆE 200 g;325506;Z Bregov;0.2000;kg;1.29;6.45;;;02.05.2025;1.29;3850108032321;Hrana
JOG. PROT.SKYR ZOB/GRO®.200 g;325508;Z Bregov;0.2000;kg;1.29;6.45;;;02.05.2025;1.29;3850108032345;Hrana
MLIJEK.CRNA ÈOK.DUKAT 0,5 L ;325514;Dukat;0.5000;L;1.69;3.38;;;02.05.2025;1.69;3850354014638;Hrana
MLIJ.BIJELA ÈOK.DUKAT 0,5 L ;325515;Dukat;0.5000;L;1.69;3.38;;;02.05.2025;1.69;3850354014652;Hrana
NAMAZ BAKALAR OLIVETO 90 g;325518;;0.0900;kg;3.59;39.89;;;02.05.2025;3.59;3859890853237;Hrana
NAMAZ BAKALAR TARTUFINO 90 g;325519;;0.0900;kg;4.19;46.56;;;02.05.2025;4.19;3859890853220;Hrana
CREMA BAKALAR NA BIJELO 100 g;325520;;0.1000;kg;3.19;31.90;;;02.05.2025;3.19;3859890853053;Hrana
CREMA BAKALAR TARTUFINO 100 g;325521;;0.1000;kg;3.19;31.90;;;02.05.2025;3.19;3859890853152;Hrana
BAKALAR NA BIJELO B.MAMMA 90 g;325522;;0.0900;kg;3.29;36.56;;;02.05.2025;3.29;3859890853015;Hrana
JAJA BIJELA M RAZ. LUNETA 10/1;325591;Luneta;10.0000;kom;2.79;0.28;;;02.05.2025;2.79;3859893520174;Hrana
SIR KREM ABC 500 g;325592;Belje;0.5000;kg;5.49;10.98;;;02.05.2025;5.49;3850257060657;Hrana
SPAR SODA VODA GREJP 0,33 L;325607;SPAR;0.3300;L;.75;2.27;;;02.05.2025;.72;9100000444406;Piæa
BRUSCHETTE MARETTI 140 g;325608;;0.1400;kg;1.59;11.36;;;02.05.2025;1.59;3800205877547;Hrana
SPAR SODA VODA MENTA 0,33 L;325609;SPAR;0.3300;L;.75;2.27;;;02.05.2025;.72;9100000444420;Piæa
SPAR SODA VODA LIMUN 0,33 L;325612;SPAR;0.3300;L;.75;2.27;;;02.05.2025;.72;9100000444383;Piæa
BRESAOLA OD JELENA 60 g;325623;Lovski;0.0600;kg;3.19;53.17;;;02.05.2025;3.19;3859893534058;Hrana
REG. ELSESVE DREAM LONG 200 ml;325625;Elseve;0.2000;L;;16.45;3.29;4.39;02.05.2025;4.39;3600523756193;Kozmetika
©AM.ELSEVE DREAM LONG 250 ml;325633;Elseve;0.2500;L;;13.16;3.29;4.39;02.05.2025;4.39;3600523756155;Kozmetika
©AMPO.ELSEVE DREAM LONG 400 ml;325643;Elseve;0.4000;L;;10.98;4.39;5.89;02.05.2025;5.89;3600523756209;Kozmetika
MAS.ZA K.ELSEVE DREAM L.300 ml;325644;Elseve;0.3000;L;6.95;23.17;;;02.05.2025;6.95;3600523756308;Kozmetika
FILET.INÆ.SUNC.ULJU PELAG.200g;325705;;0.1300;kg;9.99;76.85;;;02.05.2025;9.99;3857500068477;Hrana
INÆUNI MAR. SUN.ULJ.PELA.120 g;325711;;0.0700;kg;4.19;59.86;;;02.05.2025;4.19;3859893545078;Hrana
SRDELA FILET SUNC.PELAG.120 g;325715;;0.0700;kg;3.69;52.71;;;02.05.2025;3.69;3859893545085;Hrana
FILET.INÆ.SUNC.ULJU PELA.120 g;325718;;0.0700;kg;4.29;61.29;;;02.05.2025;4.29;3859893545061;Hrana
INÆUNI MAR. SUN.ULJ.PELA.200 g;325722;;0.1300;kg;8.99;69.15;;;02.05.2025;8.99;3857500068446;Hrana
TAMP.JASMIN NATURE NORMAL 16/1;325735;Jasmin Nature;16.0000;kom;2.49;0.16;;;02.05.2025;2.49;3838985899978;Toaletne potrep¹tine
VODKA VIGOR ORIGINAL 0,7 L;325748;;0.7000;L;9.08;12.97;;;02.05.2025;9.08;3850112142115;Piæa
VODKA VIGOR ORIGINAL 1 L ;325751;;1.0000;L;12.02;12.02;;;02.05.2025;12.02;3850112142993;Piæa
DET.ZA RUBLJE SPLENDID 5,5 kg;325755;Splendid;5.5000;kg;13.99;2.54;;;02.05.2025;10.99;9100000971704;Sredstva za èi¹æenje
VODKA VIGOR WILD BERRY 0,7 L;325757;;0.7000;L;9.22;13.17;;;02.05.2025;9.22;3850112142955;Piæa
GIN SAX PINK 37,5% 0,7 L;325759;;0.7000;L;12.58;17.97;;;02.05.2025;12.58;3850112142917;Piæa
GIN SAX ORIGINAL 37,5% 1 L;325761;;1.0000;L;15.02;15.02;;;02.05.2025;15.02;3850112142153;Piæa
DET.SPLENDID COLOR 5,5 kg;325762;Splendid;5.5000;kg;13.99;2.54;;;02.05.2025;10.99;9100000447162;Sredstva za èi¹æenje
DOD.JE.FANT LAZANJE 70 g;325763;;0.0700;kg;1.39;19.86;;;02.05.2025;1.39;3850104295492;Hrana
VINJAK RUBIN 38% 1 L ;325764;;1.0000;L;17.09;17.09;;;02.05.2025;17.09;8600074921106;Piæa
VINO VRANAC CRNOGOR. KVAL.1 L;325769;;1.0000;L;4.65;4.65;;;02.05.2025;4.65;3899003001070;Piæa
DET.COLOR SPLENDID 1,65 kg;325770;Splendid;1.6500;kg;4.49;2.72;;;02.05.2025;4.49;9100000447209;Sredstva za èi¹æenje
KOST VITAKRAFT PRIR.KO®A 14 cm;325798;Vitakraft;1.0000;kom;2.39;2.39;;;02.05.2025;2.39;4008239582775;Proizvodi za kuæanstvo
INSTANT KAKAO NESQUIK 13,5 g;325802;Nesquik;0.0135;kg;0.89;65.93;;;02.05.2025;0.89;7613036624008;Piæa
INS.KAVA NESCAFE 3U1 16,5 g;325812;Nescafe;0.0165;kg;0.35;21.21;;;02.05.2025;0.35;5941017016415;Piæa
KINDER PARADISO 29 g;325819;Kinder;0.0290;kg;0.65;22.41;;;02.05.2025;0.65;80052807;Hrana
INSTANT KAVA NESCAFE 2U1 8 g;325820;Nescafe;0.0080;kg;0.35;43.75;;;02.05.2025;0.35;59945345;Piæa
INS.KAV.NES.SMEÐ.©EÆ.3U1 165 g;325836;Nescafe;0.1650;kg;2.99;18.12;;;02.05.2025;2.99;7613036844475;Piæa
ROLL ON BOROTALCO SEA 50 ml;325846;Borotalco;0.0500;L;3.50;70.00;;;02.05.2025;3.50;80859840;Kozmetika
ROLL ON BOROTALCO ACTIVE 50 ml;325855;Borotalco;0.0500;L;3.50;70.00;;;02.05.2025;3.50;80945819;Kozmetika
BLAZINICE CAROLI 120/1;325868;Jean Carol;120.0000;kom;2.12;0.02;;;02.05.2025;2.12;4000576397821;Toaletne potrep¹tine
BLAZINICE JEAN CAROL 90/1;325869;Jean Carol;90.0000;kom;1.75;0.02;;;02.05.2025;1.75;4000576396909;Toaletne potrep¹tine
©EÆ.PASTA VEET ZA DEPIL.250 ml;325870;Veet;0.2500;L;9.95;39.80;;;02.05.2025;9.95;4002448114017;Kozmetika
GRAH CARNEX  SA SLANINOM 400 g;325876;Carnex;0.4000;kg;3.69;9.23;;;02.05.2025;3.69;8600012700282;Hrana
GRAH CARNEX S KOBASICOM 400 g;325878;Carnex;0.4000;kg;3.69;9.23;;;02.05.2025;3.69;8600012700299;Hrana
PUNJENA PAPRIKA CARNEX  400 g;325882;Carnex;0.4000;kg;3.69;9.23;;;02.05.2025;3.69;8600012700428;Hrana
MESNE OKRUGLICE CARNEX  400 g;325883;Carnex;0.4000;kg;3.69;9.23;;;02.05.2025;3.69;8600012700329;Hrana
NAPITAK BOLERO INST.BAZGA 9 g;325914;Bolero;0.0090;kg;0.99;110.00;;;02.05.2025;0.99;3800048223488;Hrana
NAPITAK BOLERO INS.LED.ÈAJ 9 g;325916;Bolero;0.0090;kg;0.99;110.00;;;02.05.2025;0.99;3800048203022;Hrana
NAPITAK BOLERO INS.LIMUN 9 g;325918;Bolero;0.0090;kg;0.99;110.00;;;02.05.2025;0.99;3800048200038;Hrana
NAPITAK BOLERO INS.NARAN.9 g;325919;Bolero;0.0090;kg;0.99;110.00;;;02.05.2025;0.99;3800048200045;Hrana
Pr¹ut drni¹ki;325921;Dimmes;1.0000;kg;35.99;35.99;;;02.05.2025;35.99;3859892362874;Hrana
PIVO PAN RADL.BRES./ÐUM.0,5 L ;325923;Pan;0.5000;L;1.68;3.36;;;02.05.2025;1.58;3858887583225;Piæa
PJEN.JP CHENET ICE WHITE0,75 L;325926;;0.7500;L;5.72;7.63;;;02.05.2025;5.72;3500610085338;Piæa
PJEN. JP CHENET ICE ROSE 0,75L;325929;;0.7500;L;5.72;7.63;;;02.05.2025;5.72;3500610093708;Piæa
VINO JP CHE.GRENA. ROSE0,75 L;325933;;0.7500;L;5.49;7.32;;;02.05.2025;5.49;3263286301385;Piæa
PJEN.SREB.PENINA MU©KAT 0,75 L;326136;;0.7500;L;9.82;13.09;;;02.05.2025;9.82;3830000344074;Piæa
PREPEÈEN. RAKIJA OD ©LIVA 1 L;326139;;1.0000;L;19.39;19.39;;;02.05.2025;19.39;8600074221077;Piæa
LIGNJA PATAGONIJSKA CIJE.500 g;326161;Ledo;0.5000;kg;;12.78;6.39;7.99;02.05.2025;7.99;3850116713250;Hrana
JUICE VINDI NARANÈA 1 L;326166;Vindija;1.0000;L;2.79;2.79;;;02.05.2025;2.79;3850108075397;Piæa
JUICE VINDI JABUKA 1 L;326170;Vindija;1.0000;L;1.95;1.95;;;02.05.2025;1.95;3850108076776;Piæa
JUICE VINDI ANANAS 1 L;326172;Vindija;1.0000;L;2.59;2.59;;;02.05.2025;2.59;3850108075380;Piæa
SP KRPA ZA BRISANJE KUPAONE;326222;Splendid;1.0000;kom;1.99;1.99;;;02.05.2025;1.99;9100000637853;Proizvodi za kuæanstvo
NAPOLITANKE JAFFA CREME 187 g;326360;Jaffa;0.1870;kg;1.69;9.04;;;02.05.2025;1.69;8600114005841;Hrana
NAPOL.JAFFA ©LAG I ÈOKO. 187 g;326364;Jaffa;0.1870;kg;1.69;9.04;;;02.05.2025;1.69;8600114006626;Hrana
PJENU©AC FREIXENET 0,0% 0,75 L;326385;Freixenet;0.7500;L;10.09;13.45;;;02.05.2025;10.09;8410384003016;Piæa
PJEN.FREIXENET ITALI.ROSE0,75L;326390;Freixenet;0.7500;L;17.79;23.72;;;02.05.2025;17.79;8410036806934;Piæa
VINO DOMODO ZINFANDEL 0,75 L;326392;;0.7500;L;6.29;8.39;;;02.05.2025;5.98;8023354314212;Piæa
VINO DOMODO SANGIOVESE 0,75 L;326393;;0.7500;L;5.89;7.85;;;02.05.2025;5.6;8023354422115;Piæa
VINO PLAVAC PREM.TER. M 0,75 L;326394;;0.7500;L;20.29;27.05;;;02.05.2025;20.29;3859893386015;Piæa
KAVA FRANCK COF&GO SENSUAL 9 g;326396;Franck;0.0090;KG;0.39;43.33;;;02.05.2025;0.39;3850291049304;Piæa
KAVA FRANCK COFFE&GO INT. 9 g;326397;Franck;0.0090;kg;0.39;43.33;;;02.05.2025;0.39;3850291049267;Piæa
KAVA FRANCK COF&GO ORIGI. 9 g;326398;Franck;0.0090;kg;0.39;43.33;;;02.05.2025;0.39;3850291049281;Piæa
OSVJ.DUCK AC MARINE 2X38,6 g;326409;Duck;1.0000;kom;2.45;2.45;;2.45;02.05.2025;2.45;5000204210682;Sredstva za èi¹æenje
OSV.ZA WC BREF FRESH FL.2X50 g;326429;Bref;0.1000;kg;4.95;49.50;;;02.05.2025;4.95;9000101028614;Sredstva za èi¹æenje
OSVJ.WC BREF FLOWER 3X50 g;326433;Bref;0.1500;kg;5.95;39.67;;;02.05.2025;5.95;9000101024067;Sredstva za èi¹æenje
HRENOVKE JELI 200 g;326455;Jeli;0.2000;kg;2.09;10.45;;;02.05.2025;2.09;3858892720103;Hrana
SENDVIÈ SALAMA NAREZAK 100 g;326466;Pik;0.1000;kg;1.79;17.90;;;02.05.2025;1.79;3850139181227;Hrana
TORTILLA SA CHIOM I QUINO.370g;326485;;0.3700;kg;2.58;6.97;;;02.05.2025;2.58;8710637106045;Hrana
MAGNEZIJ GEL 250 ml;326495;Olival;0.2500;L;4.59;18.36;;;02.05.2025;4.59;3858892692295;Kozmetika
PIVO PILSNER URQUEL 4x0,5 L;326559;Pilsner;2.0000;L;6.31;3.16;;;02.05.2025;5.21;8594404005409;Piæa
®ELIN DOLCELA 3:1 25 g;326595;Dolcela;0.0250;kg;1.09;43.60;;;02.05.2025;1.09;3856020211011;Hrana
ZAÈIN KIM CRNI KOTANYI 55 g;326599;Kotanyi;0.0550;kg;3.29;59.82;;;02.05.2025;2.99;9001414240465;Hrana
ZAÈ.GRILL SMOKED KOTANYI 80 g;326601;Kotanyi;0.0800;kg;2.69;33.63;;;02.05.2025;1.34;9001414306840;Hrana
ZAÈIN KLEKOVE BOBICE 32 g;326606;Kotanyi;0.0320;kg;3.29;102.81;;;02.05.2025;2.99;9001414240533;Hrana
ZAÈ.TOMATO CLASSIC KOTAN.20 g;326608;Kotanyi;0.0200;kg;1.19;59.50;;;02.05.2025;0.99;9001414601341;Hrana
ZAÈIN PAPAR CRVENI ZRNO 25 g;326610;Kotanyi;0.0250;kg;3.99;159.60;;;02.05.2025;3.44;9001414240830;Hrana
ZAÈIN CHILI PEPERONCINI 38 g;326612;Kotanyi;0.0380;kg;3.29;86.58;;;02.05.2025;2.99;9001414146132;Hrana
ZAÈIN DIM.CHILI PAPRIÈICE 36 g;326614;Kotanyi;0.0360;kg;5.19;144.17;;;02.05.2025;5.19;9001414601198;Hrana
SOL MORSKA CHILI I ÈE©NJA.72 g;326619;Kotanyi;0.0720;kg;2.25;31.25;;;02.05.2025;2.25;9001414143995;Hrana
VINO MARIJAN ARM.TERAN 0,75 L;326645;;0.7500;L;16.29;21.72;;;02.05.2025;16.29;3859893024085;Piæa
VINO MAR.AR.CAB.SAUVIGN.0,75 L;326647;;0.7500;L;16.29;21.72;;;02.05.2025;16.29;3859893024108;Piæa
TUNA EVA KOM.BILJ.ULJE 4X80 g;326705;Eva;0.2080;kg;6.59;31.68;;;02.05.2025;6.59;3850104231445;Hrana
TUNA EVA KOM.MAS.ULJE 4X80 g;326708;Eva;0.2080;kg;8.19;39.38;;;02.05.2025;8.19;3850104231568;Hrana
EN.NAP.MONSTER MANGO LOC.0,5 L;326742;Monster;0.5000;L;1.95;3.90;;;02.05.2025;1.95;5060639121618;Piæa
KREM.GARNIER S.N.ALOE 50 ml;326754;Garnier;0.0500;l;7.99;159.80;;;02.05.2025;7.99;3600542243377;Kozmetika
DJ.©TAPIÆI ZA U©I TO TO 60/1 ;326860;Toto;60.0000;kom;1.16;0.02;;;02.05.2025;1.16;3838985889085;Toaletne potrep¹tine
VINO ZLATAN PO©IP 0,75 L;326915;;0.7500;L;13.52;18.03;;;02.05.2025;13.52;3859888437418;Piæa
VINO ZLATAN CRLJ.ZINFA.0,75 L;326918;;0.7500;L;23.52;31.36;;;02.05.2025;23.52;3859888437425;Piæa
VINO SA.HIL.MALA NEVINA 0,75 L;326919;;0.7500;L;21.79;29.05;;;02.05.2025;21.79;3857000002179;Piæa
MOZZARELLA MINI MEGGLE 125 g;326928;Meggle;0.1250;kg;1.89;15.12;;;02.05.2025;1.89;4006496029101;Hrana
MIN.VODA RADENSKA 4X1,5L;326940;Radenska;6.0000;L;3.29;0.55;;;02.05.2025;2.89;3830065021231;Piæa
OSVJE®A.PIÆE VINDI NAR/NEK 1 L;326942;Vindija;1.0000;L;;1.19;1.19;1.49;02.05.2025;1.49;3850108073089;Piæa
OSVJE®AVAJU.PIÆE VINDI BCE 1 L;326944;Vindija;1.0000;L;;1.19;1.19;1.49;02.05.2025;1.49;3850108072778;Piæa
JOG.GRÈKI TIP 10%NP BIO 400 g;326954;Spar Natur pur;0.4000;kg;1.99;4.98;;;02.05.2025;1.99;9100000449654;Hrana
OSLIÆ FILET HUBBSY FROZY 500 g;326955;Frozy;0.5000;kg;4.99;9.98;;;02.05.2025;4.99;3858891041889;Hrana
ZAGORSKI ©TRUKLJI FROZY 540 g;326956;Frozy;0.5400;kg;4.39;8.13;;;02.05.2025;4.39;3858891043753;Hrana
RAKIJA OD VOÆA DUNJA 0,7 L;326969;;0.7000;L;18.59;26.56;;;02.05.2025;18.59;3858894170081;Piæa
SV. RA®NJIÆI STUZZICHINI 400 g;326986;;0.4000;KG;6.59;16.48;;5.3;02.05.2025;7.69;8005153005973;Hrana
SV. RA®NJIÆI RUSTICO 420 g;326994;;0.4200;KG;6.99;16.64;;5.97;02.05.2025;7.99;8008110001124;Hrana
SIR ©OKAC TRAPIST 600 g;326999;;0.6000;kg;7.69;12.82;;;02.05.2025;7.69;3858888597672;Hrana
GAZ.PIÆE PEPSI MAX LIMETA 2 L;327008;Pepsi;2.0000;L;2.05;1.03;;;02.05.2025;1.95;3830065021132;Piæa
KREMA MEN UNIVEZALNA 125 ml;327020;Afrodita;0.1250;L;;31.92;3.99;4.99;02.05.2025;4.99;3831070653912;Kozmetika
JOG.TEK.0,1% VITAL 150 g;327021;SPAR Vital;0.1500;kg;0.35;2.33;;;02.05.2025;0.35;3856021212871;Hrana
ODSTRANJ.ZA NOKTE ULJNI 100 ml;327022;Afrodita;0.1000;L;2.99;29.90;;;02.05.2025;2.99;3831070655213;Kozmetika
AROMA SPAR RUM 4x2 ml;327045;SPAR;0.0080;l;.79;98.75;;;02.05.2025;.79;9100000157993;Hrana
Sir Gouda Ammerland cca.3 kg;327075;Eigenbedarf;1.0000;kg;6.49;6.49;;;02.05.2025;6.49;4000436615508;Hrana
KR.ZA TIJELO B.KISS 300 ml ;327296;Beauty Kiss;0.3000;L;2.69;8.97;;;02.05.2025;2.65;9100000154916;Kozmetika
ULJE MASL.EX.D.CASOLARE 500 ml;327302;;0.5000;L;8.99;17.98;;;02.05.2025;8.99;8007153001597;Hrana
TJES.ZP REZANCI HELJDA 400 g;327345;Zlato Polje;0.4000;kg;2.79;6.98;;;02.05.2025;2.79;3838700014655;Hrana
TJEST.ZLA.PO.REZANCI PIR 400 g;327349;Zlato Polje;0.4000;kg;2.79;6.98;;;02.05.2025;2.79;3838700016130;Hrana
TJESTI.ZL.PO.©KOLJKE PIR 350 g;327350;Zlato Polje;0.3500;kg;1.99;5.69;;;02.05.2025;1.99;3838700010381;Hrana
KOLAÈ PANNA COTTA MALINA 120 g;327362;Dolcela;0.1200;kg;2.29;19.08;;;02.05.2025;2.29;3856020229825;Hrana
JOG.TEK.2,8% Z BREG. TT.200 g ;327369;Z Bregov;0.2000;kg;0.49;2.45;;;02.05.2025;0.49;3850108032505;Hrana
JOGURT 2,8%Z BREG.TTOP 1000 g;327370;Z Bregov;1.0000;kg;2.29;2.29;;;02.05.2025;2.29;3850108032529;Hrana
SMOOT.©LJ/JAB/SMOK FR. 330 g;327371;Z Bregov;0.3300;kg;1.49;4.52;;;02.05.2025;1.49;3850108037135;Hrana
SMOOT.VI©/BAN/NAR FR.330 g;327372;Z Bregov;0.3300;kg;1.49;4.52;;;02.05.2025;1.49;3850108037111;Hrana
SMOOT.ANAN/BAN/KOK FR. 330 g;327373;Z Bregov;0.3300;kg;1.49;4.52;;;02.05.2025;1.49;3850108037104;Hrana
SMOOT.KRU©/BAN/KIV FR. 330 g;327374;Z Bregov;0.3300;kg;1.49;4.52;;;02.05.2025;1.49;3850108037128;Hrana
KAVA BARCAFFE BIJE. KAVA 160 g;327424;Barcaffe;0.1600;kg;3.98;24.88;;;02.05.2025;3.98;3838471037792;Piæa
KAVA BARCAFFE ESPRESSO 70 g;327425;Barcaffe;0.0700;kg;3.98;56.86;;;02.05.2025;3.98;3838471037754;Piæa
KAVA BARCAFFE CAPPUCCINO 120 g;327426;Barcaffe;0.1200;kg;3.98;33.17;;;02.05.2025;3.98;3838471037778;Piæa
MUS.PLOÈ.SPAR VIT.VOÆE 6x21 g;327456;SPAR Vital;0.1260;kg;1.39;11.03;;;02.05.2025;1.39;8001300803478;Hrana
MUS.PLOÈ.SPAR VITA.ÈOKO.6x21 g;327457;SPAR Vital;0.1260;kg;1.39;11.03;;;02.05.2025;1.39;8001300803461;Hrana
HRENOVKA PILEÆA EXTRA 100 g;327469;Perutnina;0.1000;kg;0.55;5.50;;;02.05.2025;0.55;3850220153805;Hrana
Ra¾a kamenica krila oguljena ;327482;;1.0000;kg;14.59;14.59;;;02.05.2025;18.79;93856024302459;Hrana
DET.ZA SUÐE LIKVI ULTRA 1,35 L;327514;Likvi;1.3500;L;3.49;2.59;;;02.05.2025;2.99;3850105170538;Sredstva za èi¹æenje
DET.ZA SUÐE LIKVI 1,35 L;327515;Likvi;1.3500;L;3.49;2.59;;;02.05.2025;2.99;3850105170415;Sredstva za èi¹æenje
DET.ZA SUÐE LIKVI 1,35 L;327516;Likvi;1.3500;L;3.49;2.59;;;02.05.2025;2.99;3850105170330;Sredstva za èi¹æenje
DET.ZA SUÐ.LIKVI BALSAM 900 ml;327519;Likvi;0.9000;L;1.99;2.21;;1.74;02.05.2025;1.74;3850105170682;Sredstva za èi¹æenje
SOK HAPPY DAY ANANAS 100%1 L;327520;Happy Day;1.0000;L;3.49;3.49;;;02.05.2025;3.49;90087769;Piæa
DET.ZA SUÐE LIKVI ULTRA 900 ml;327521;Likvi;0.9000;L;1.99;2.21;;1.74;02.05.2025;1.74;3850105170460;Sredstva za èi¹æenje
Mort.Bologna Stella Negroni;327523;Montorsi;1.0000;kg;12.49;12.49;;;02.05.2025;12.49;0211096900000;Hrana
VINO EMILIA MALVAZIJA 0,75 L;327540;;0.7500;L;8.02;10.69;;;02.05.2025;8.02;3859889132626;Piæa
VINO EMILIA MU©KAT 0,75 L;327541;;0.7500;L;8.32;11.09;;;02.05.2025;8.32;3859889132664;Piæa
VODA JANA MENTA/LIMETA 1,5 L;327545;Jana;1.5000;L;1.79;1.19;;;02.05.2025;1.79;3858890874686;Piæa
SIRUP MONIN PASSION FRU.0,25 L;327592;;0.2500;L;6.46;25.84;;;02.05.2025;6.46;3052910013752;Piæa
SIRUP MONIN ELDERFLOWER 0,25 L;327596;;0.2500;L;6.59;26.36;;;02.05.2025;6.59;3052911188909;Piæa
SIRUP KAPRONCA BAZGA 0,47 L;327599;;0.4700;L;6.38;13.57;;;02.05.2025;6.38;3859892896195;Piæa
SIRUP KAPRONCA MENTA 0,47 L;327600;;0.4700;L;6.38;13.57;;;02.05.2025;6.38;3859892896218;Piæa
SIRUP KAPRONCA MALINA 0,47 L;327601;;0.4700;L;6.92;14.72;;;02.05.2025;6.92;3859892896201;Piæa
ZAÈIN PAPAR CRVENI ZRNO 25 g;327614;Kotanyi;0.0250;KG;2.78;111.20;;;02.05.2025;2.78;9001414440834;Piæa
ULO©CI CAREFREE ALOE 56/1;327745;Carefree;56.0000;kom;3.45;0.06;;;02.05.2025;3.35;3574661552804;Toaletne potrep¹tine
ULO©CI CAREFREE FLEXI 56/1;327746;Carefree;56.0000;kom;3.49;0.06;;;02.05.2025;3.39;3574661552576;Toaletne potrep¹tine
NEKTAR TO JABUKA/NARANÈA 1 L;327758;Juicy;1.0000;L;1.35;1.35;;;02.05.2025;1.35;3858890977813;Piæa
BOMB.ÈOKOLADNI RIESEN 105 g;327783;Storck;0.1050;kg;1.65;15.71;;;02.05.2025;1.65;4014400908589;Hrana
ÈOK.MERCI PETITS CRUNCH 125 g;327785;Storck;0.1250;kg;3.49;27.92;;;02.05.2025;3.49;4014400927375;Hrana
FILEKI GAVRILOVIÆ 300 g;327788;Gavrilovic;0.3000;kg;3.59;11.97;;;02.05.2025;3.59;3858892720936;Hrana
GRAH KOBAS.GAVRILOVIÆ 300 g;327792;Gavrilovic;0.3000;kg;3.59;11.97;;;02.05.2025;3.59;3858892720950;Hrana
GRAH DIM.SLANINA GAVRIL.300 g;327796;Gavrilovic;0.3000;kg;3.59;11.97;;;02.05.2025;3.59;3858892720974;Hrana
GRAH DIM.SV.REBRA GAVRIL.300 g;327798;Gavrilovic;0.3000;kg;3.59;11.97;;;02.05.2025;3.59;3858892721018;Hrana
MESNE OKRUGLICE GAVRIL.300 g;327800;Gavrilovic;0.3000;kg;3.59;11.97;;;02.05.2025;3.59;3858892721056;Hrana
POSNI GRAH GAVRILOVIÆ 300 g;327801;Gavrilovic;0.3000;kg;2.99;9.97;;;02.05.2025;2.99;3858892721070;Hrana
SVINJSKI PAPRIKA© GAVRIL.300 g;327803;Gavrilovic;0.3000;kg;3.59;11.97;;;02.05.2025;3.59;3858892721032;Hrana
GOVEÐI GULA© GAVRILOVIÆ 300 g;327806;Gavrilovic;0.3000;kg;4.49;14.97;;;02.05.2025;4.49;3858892720912;Hrana
TJESTENINA BARILLA CASAR.250 g;327832;Barilla;0.2500;kg;5.49;21.96;;;02.05.2025;5.49;8076809575157;Hrana
DODAT.JELIMA S POVRÆEM 1000 g ;327834;;1.0000;kg;4.24;4.24;;;02.05.2025;4.24;3859893282003;Hrana
ODS.MRLJA VANISH PINK LIQU.2 L;327858;Vanish;2.0000;L;14.49;7.25;;;02.05.2025;14.49;5997321747828;Sredstva za èi¹æenje
ODS.MRLJA VANISH PINK LIQU.1 L;327862;Vanish;1.0000;L;7.99;7.99;;;02.05.2025;7.99;5997321747743;Sredstva za èi¹æenje
ODS.MRLJA VANISH PINK LI.1,5 L;327867;Vanish;1.5000;L;11.19;7.46;;;02.05.2025;11.19;5997321747927;Sredstva za èi¹æenje
POWDER VANISH  WHITE 470 g;327869;Vanish;0.4700;kg;8.39;17.85;;;02.05.2025;8.39;5997321747781;Sredstva za èi¹æenje
ENJOY SALATA C.MAS/KUK. 160 g;327897;SPAR enjoy;0.1600;kg;2.59;16.19;;;02.05.2025;2.59;3856021213076;Hrana
ENJOY SALATA SIR 130 g;327898;SPAR enjoy;0.1300;kg;2.49;19.15;;;02.05.2025;2.49;3856021213038;Hrana
DET.ZA SUÐE LIKVI 450 ml ;327911;Likvi;0.4500;L;1.03;2.29;;1.03;02.05.2025;1.03;3850105170101;Sredstva za èi¹æenje
DET.VIOLETA D.CARE BABY 1 L;327938;Violeta;1.0000;L;4.38;4.38;;;02.05.2025;4.38;3870128017351;Sredstva za èi¹æenje
SPU®VA ZA SUÐE;327953;;1.0000;kom;1.45;1.45;;;02.05.2025;1.45;4008033601313;Proizvodi za kuæanstvo
KEKS NP ZOBENI S ÈOKOL.200 g;327954;Natur pur;0.2000;kg;2.49;12.45;;;02.05.2025;2.49;9100000448589;Hrana
ÈOK.MILKA JAGO.CHEESECA.300 g;327974;Milka;0.3000;kg;6.79;22.63;;;02.05.2025;6.79;7622210683724;Hrana
©AMP.GLISS SUPREME LENG.400 ml;327987;Gliss;0.4000;L;5.59;13.98;;;02.05.2025;5.59;9000101201147;Kozmetika
©AM.GLISS OIL NUTRITIVE 400 ml;327988;Gliss;0.4000;L;5.59;13.98;;;02.05.2025;5.59;9000100549837;Kozmetika
©AMP.GLISS ULTIMATE REP.400 ml;327990;Gliss;0.4000;L;5.59;13.98;;;02.05.2025;5.59;9000100663410;Kozmetika
ODST.MRLJA VANISH WHITE 500 ml;328015;Vanish;0.5000;L;4.79;9.58;;;02.05.2025;4.79;5997321747736;Sredstva za èi¹æenje
POWDER VANISH  PINK 470 g;328017;Vanish;0.4700;kg;8.39;17.85;;;02.05.2025;8.39;5997321747774;Sredstva za èi¹æenje
VINO ©TAMPAR SAUVIGNON 0,75 L;328045;;0.7500;l;15.58;20.77;;;02.05.2025;15.58;3859892664022;Piæa
VINO ©TAMPAR PU©IPEL 0,75 L;328046;;0.7500;l;14.38;19.17;;;02.05.2025;14.38;3859892664084;Piæa
TRETMAN ELSEVE DRE.LONG 200 ml;328056;Elseve;0.2000;L;5.99;29.95;;;02.05.2025;5.99;3600523756278;Kozmetika
VL.MAR.BECUTAN BIORAZGRAD.48/1;328058;Becutan;48.0000;kom;2.15;0.04;;;02.05.2025;2.15;5310001246129;Toaletne potrep¹tine
KREM.DNEVNA HYALURON SPE.50 ml;328061;LOREAL;0.0500;L;9.89;197.80;;;02.05.2025;9.89;3600523775699;Kozmetika
KREM.NOÆNA HYALURON SPEC.50 ml;328063;LOREAL;0.0500;L;9.89;197.80;;;02.05.2025;9.89;3600523775644;Kozmetika
REFIL GLADE ELECTRIC 20 ml;328073;Glade;1.0000;kom;6.69;6.69;;;02.05.2025;6.69;5000204333169;Sredstva za èi¹æenje
REFIL GLADE ELECTRIC 20 ml;328074;Glade;1.0000;kom;6.69;6.69;;;02.05.2025;6.69;5000204332353;Sredstva za èi¹æenje
APARATI.GLADE ELEKTRIÈNI 20 ml;328078;Glade;1.0000;kom;7.69;7.69;;;02.05.2025;7.69;5000204333947;Sredstva za èi¹æenje
APARATI.GLADE ELEKTRIÈNI 20 ml;328080;Glade;1.0000;kom;7.69;7.69;;;02.05.2025;7.39;5000204333558;Sredstva za èi¹æenje
ZU.PAS.COLGATE MAX WHITE 75 ml;328084;Colgate;0.0750;L;4.19;55.87;;;02.05.2025;3.98;8718951250017;Kozmetika
Sir tvrdi jadranski Gligora;328112;Sirana Gligora;1.0000;kg;24.99;24.99;;;02.05.2025;24.99;3858891772639;Hrana
BOJA LOREAL EXCELLENCE 6,1;328127;LOREAL;1.0000;kom;8.49;8.49;;;02.05.2025;8.49;3600523765195;Kozmetika
Krafna marelic.S-Bud.4/1 240 g;328132;S-BUDGET;0.2400;kg;1.49;6.21;;1.49;02.05.2025;2.09;3856021215971;Hrana
Krafna marelic.S-Bud.8/1 480 g;328135;S-BUDGET;0.4800;kg;2.89;6.02;;2.89;02.05.2025;3.89;3856021215964;Hrana
KAVA BARCAFFE CREMOSO 250 g;328137;Barcaffe;0.2500;kg;6.49;25.96;;;02.05.2025;6.49;3838471037662;Piæa
SURIMI OKUS RAKA SMART 250 g;328156;Vici;0.2500;kg;1.69;6.76;;;02.05.2025;1.69;4770190385343;Hrana
OSVJ.PROSTORA BIS LEMON 400ml;328161;Bis;0.4000;L;4.19;10.48;;;02.05.2025;4.19;3850105166111;Sredstva za èi¹æenje
ZU.PASTA SIGNAL NATURALS 75 ml;328183;Signal;0.0750;L;3.59;47.87;;;02.05.2025;3.59;8710522417379;Kozmetika
ZUB.PASTA SENSODYNE 75 ml;328184;Sensodyne;0.0750;L;5.95;79.33;;;02.05.2025;4.39;5054563072634;Kozmetika
Sir Luka Zelene Doline 45%m.m.;328192;;1.0000;kg;10.99;10.99;;;02.05.2025;10.99;3831051011496;Hrana
JUICY FRUITS TRE©NJA 0,5 L;328226;Juicy;0.5000;L;1.09;2.18;;;02.05.2025;1.09;3858890977004;Piæa
JUICY FRUITS TRE©NJA 1,5 L;328227;Juicy;1.5000;L;1.39;0.93;;1.32;02.05.2025;1.62;3858890977035;Piæa
IZO NAP.POWERADE LIMUN 0,5 L;328251;Powerade;0.5000;L;1.65;3.30;;;02.05.2025;1.65;54492806;Piæa
IZO NAP.POWERADE MB 0,5 L;328252;Powerade;0.5000;L;1.65;3.30;;;02.05.2025;1.65;54492653;Piæa
MLINCI DOMAÆI KLARA 400 g;328281;;0.4000;kg;2.99;7.48;;;02.05.2025;2.99;3856016904637;Hrana
SIR MEKI S PLAV.PLJES.SB 200 g;328282;SPAR;0.2000;kg;3.19;15.95;;;02.05.2025;3.19;9100000450643;Hrana
KRU©NE MRVICE XXL KLARA 600 g ;328284;;0.6000;kg;2.49;4.15;;;02.05.2025;2.49;3856016904644;Hrana
©TAP. ZA U©I BIOR.TOSAMA 200/1;328285;Tosama;200.0000;kom;1.89;0.01;;;02.05.2025;1.89;3838985888996;Toaletne potrep¹tine
GEL BEAUTY BIOBAZA 200 ml;328290;Biobaza;0.2000;L;4.99;24.95;;;02.05.2025;4.99;3856020904098;Kozmetika
MICE.VODA BIOBAZA BEA.500 ml;328297;Biobaza;0.5000;L;7.29;14.58;;;02.05.2025;7.29;3856020903596;Kozmetika
WHISKEY CHIVAS REG. 15YO 0,7 L;328301;Chivas Regal;0.7000;L;57.02;81.46;;;02.05.2025;57.02;5000299622292;Piæa
TOAL.PAP.VIOLETA VLA®NI 2x60/1;328308;Violeta;120.0000;kom;3.79;0.03;;;02.05.2025;3.79;3870128018204;Toaletne potrep¹tine
ODSTR.MRLJA VANISH PINK 500 ml;328315;Vanish;0.5000;L;4.79;9.58;;;02.05.2025;4.79;5997321747729;Sredstva za èi¹æenje
ODSTR.MRLJA VANISH WHITE 1 L;328316;Vanish;1.0000;L;7.99;7.99;;;02.05.2025;7.99;5997321747750;Sredstva za èi¹æenje
ODSTR.MRLJA VANISH WHITE 2 L;328318;Vanish;2.0000;L;14.29;7.15;;;02.05.2025;14.29;5999109562555;Sredstva za èi¹æenje
HRANA ZA MAÈ.MOLLY JUN.4X100 g;328368;Molly;0.4000;kg;1.99;4.98;;;02.05.2025;1.99;9100000448282;Proizvodi za kuæanstvo
ÈAJ.PEC.VITAL KOKOS B©.175 g;328382;SPAR Vital;0.2000;kg;2.79;13.95;;;02.05.2025;2.79;3856021213359;Hrana
ÈAJ.PECIVO VITAL ÈOKO B©.200 g;328384;SPAR Vital;0.2000;kg;3.39;16.95;;;02.05.2025;2.99;3856021213335;Hrana
ÈOK.DORINA MOUSSE 270 g;328401;Dorina;0.2700;kg;4.99;18.48;;;02.05.2025;3.79;3850102517138;Hrana
ZUBNA PASTA SENSODYNE 2x75ml;328568;Sensodyne;0.1500;L;8.89;59.27;;;02.05.2025;7.89;5054563078025;Kozmetika
MAÈJA HRANA FRISKIES GOV.85 g;328601;Friskies;0.0850;kg;0.59;6.94;;;02.05.2025;0.59;7613036964166;Proizvodi za kuæanstvo
MAÈJA HRANA FRISKIES PIL.85 g;328602;Friskies;0.0850;kg;0.59;6.94;;;02.05.2025;0.59;7613036964661;Proizvodi za kuæanstvo
MAÈJA HRANA FRISK.PILET.4X85 g;328604;Friskies;0.3400;kg;2.29;6.74;;;02.05.2025;2.29;7613036988124;Proizvodi za kuæanstvo
MAÈJA HRANA FRISK.LOS.4X85 g;328613;Friskies;0.3400;kg;2.29;6.74;;;02.05.2025;2.29;7613036987394;Proizvodi za kuæanstvo
MAÈJA HRANA FRISK.GOVED.4X85 g;328615;Friskies;0.3400;kg;2.29;6.74;;;02.05.2025;2.29;7613036986250;Proizvodi za kuæanstvo
HRANA ZA MAÈKE FRISK.12X85 g;328617;Friskies;1.0200;kg;6.09;5.97;;;02.05.2025;6.09;7613036974301;Proizvodi za kuæanstvo
MAÈJA HRANA FRISKIES LOS.85 g;328618;Friskies;0.0850;kg;0.59;6.94;;;02.05.2025;0.59;7613036964081;Proizvodi za kuæanstvo
MAÈJA HRANA FRISKIES PIL.85 g;328619;Friskies;0.0850;kg;0.59;6.94;;;02.05.2025;0.59;7613036964043;Proizvodi za kuæanstvo
KOKOSOVA VODA SPAR 330 ml;328623;SPAR;0.3300;l;1.59;4.82;;;02.05.2025;1.59;8710671154262;Hrana
JEGER 300 g S BUDGET;328626;S-Budget;0.3000;kg;2.19;7.30;;;02.05.2025;2.19;3856021207761;Hrana
HREN.BEZ OVITKA 250 g S BUDGET;328627;S-Budget;0.2500;kg;2.39;9.56;;;02.05.2025;2.39;3856021207747;Hrana
MORTADELA 150 g SPAR;328628;SPAR Qualitätsmarke;0.1500;kg;;11.27;1.69;1.79;02.05.2025;1.79;3856021207808;Hrana
MORTADELA S MASLIN.150 g SPAR;328629;SPAR Qualitätsmarke;0.1500;kg;;11.27;1.69;1.79;02.05.2025;1.79;3856021207822;Hrana
SENDVIÈ SALAMA 100 g SPAR;328631;SPAR Qualitätsmarke;0.1000;kg;;16.90;1.69;2.19;02.05.2025;2.19;3856021207846;Hrana
©UNKA KUHANA 125 g SPAR;328632;SPAR Qualitätsmarke;0.1250;kg;;13.52;1.69;1.99;02.05.2025;1.99;3856021207860;Hrana
KA©ICA FRUT.JAB.BAN.JAG.100 g;328636;Fructal;0.1000;kg;1.39;13.90;;;02.05.2025;1.39;3838945037105;Hrana
ÈOK.KINDER COUNTRY 47 g;328676;Ferrero;0.0470;kg;1.39;29.57;;;02.05.2025;1.39;8000500238912;Hrana
INS.KAVA NES.GOLD DECAF 200 g;328679;Nescafe;0.2000;kg;14.99;74.95;;;02.05.2025;14.99;7613033006951;Piæa
INS.KAVA NESC.CAP COLOMB.200 g;328682;Nescafe;0.2000;kg;14.99;74.95;;;02.05.2025;14.99;9002100103408;Piæa
VODICA ZA USTA COLGATE 500ml;328689;Colgate;0.5000;L;5.69;11.38;;;02.05.2025;5.69;8714789732671;Kozmetika
TJESTENINA MAGGI PILETINA 63 g;328692;Maggi;0.0630;kg;2.19;34.76;;;02.05.2025;2.19;7613036680028;Hrana
TJESTENINA MAGGI CHILI 63 g;328693;Maggi;0.0630;kg;2.19;34.76;;;02.05.2025;2.19;7613036884945;Hrana
TJESTENINA MAGGI CURRY 63 g;328694;Maggi;0.0630;kg;2.19;34.76;;;02.05.2025;2.19;7613036679992;Hrana
TARTAR UMAK SPAR VEGGIE 250 ml;328699;SPAR Veggie;0.2500;L;2.65;10.60;;;02.05.2025;2.65;9100000449463;Hrana
ZAÈIN PIMENT MLJEVENI 20 g ;328704;Kotanyi;0.0200;kg;1.39;69.50;;;02.05.2025;1.09;9001414601877;Hrana
PIVO PLAVU©A SVIJETLO 0,5 L;328705;;0.5000;L;2.78;5.56;;;02.05.2025;2.78;0745760031009;Piæa
VL.MAR.PAMPERS SENSITIVE 80/1;328714;Pampers;80.0000;kom;2.25;0.03;;;02.05.2025;2.25;8001841041421;Toaletne potrep¹tine
VL.MAR.PAMPERS FRESH 80/1;328716;Pampers;80.0000;kom;2.25;0.03;;;02.05.2025;2.25;8001841077598;Toaletne potrep¹tine
VL.MARAMICE BABY PAMPERS 52/1;328718;Pampers;52.0000;kom;1.75;0.03;;;02.05.2025;1.75;8001841041391;Toaletne potrep¹tine
ULO©CI CAREFREE FRESH 56/1;328723;Carefree;56.0000;kom;3.45;0.06;;;02.05.2025;3.35;3574661554877;Toaletne potrep¹tine
UMAK VEGGIE GUACAMOLE 150 g;328742;SPAR Veggie;0.1500;kg;2.49;16.60;;;02.05.2025;2.49;9100000983561;Hrana
SOL MORSKA SPAR MLINAC 100 g;328797;SPAR;0.1000;kg;1.69;16.90;;;02.05.2025;1.69;9100000979410;Hrana
GEL ZA KOSU NIVEA MEN 150 ml;328804;Nivea;0.1500;L;5.79;38.60;;;02.05.2025;5.79;9005800318325;Kozmetika
KREM.NIVEA Q10 HRANJ.DNE.50 ml;328815;Nivea;0.0500;L;15.99;319.80;;;02.05.2025;15.99;9005800319223;Kozmetika
KREMA ZA ISPUCANA STOPAL.75 ml;328843;Olival;0.0750;L;3.99;53.20;;;02.05.2025;3.99;3859893186653;Kozmetika
MASKARA EVELINE BIG VOL.BANG;328845;Eveline;1.0000;kom;5.39;5.39;;;02.05.2025;5.39;5901761997538;Kozmetika
KEKSI KINDER CARDS 131 g;328875;Kinder;0.1310;kg;3.19;24.35;;;02.05.2025;2.49;8000500269169;Hrana
KEKSI NUTELLA 304 g;328877;Ferrero;0.3040;kg;4.39;14.44;;;02.05.2025;4.39;8000500310427;Hrana
ÈAJ FRANCK LIM.TRA.ÐUMBIR.40 g;328895;Franck;0.0400;kg;2.29;57.25;;;02.05.2025;2.29;3850291050027;Piæa
DET.ZA SUÐE LIKVI ORIGI.900 ml;328904;Likvi;0.9000;L;1.99;2.21;;1.74;02.05.2025;1.74;3850105170385;Sredstva za èi¹æenje
DET.ZA SUÐE LIKVI FRESH 900 ml;328907;Likvi;0.9000;L;1.99;2.21;;1.74;02.05.2025;1.74;3850105170286;Sredstva za èi¹æenje
DET.ZA S.LIKVI BALSAM 450 ml ;328919;Likvi;0.4500;L;1.19;2.64;;1.19;02.05.2025;1.19;3850105170637;Sredstva za èi¹æenje
DET.ZA S.LIKVI ORIGINA.450 ml ;328920;Likvi;0.4500;L;1.19;2.64;;1.19;02.05.2025;1.19;3850105170231;Sredstva za èi¹æenje
KARAMELA KIKI JAGODA 100 g;328991;Kiki;0.1000;kg;1.03;10.30;;1.03;02.05.2025;1.29;3850102516735;Hrana
KARAMELA KIKI PUNIOZA MIX 90 g;328993;Kiki;0.0900;kg;1.03;11.44;;1.03;02.05.2025;1.29;3850102005901;Hrana
KARAMELA KIKI PUNIOZA JAG.90 g;328995;Kiki;0.0900;kg;1.03;11.44;;1.03;02.05.2025;1.29;3850102005918;Hrana
KAPSULE BARCAFFE BRAZIL 55 g;328998;Barcaffe;0.0550;kg;4.69;85.27;;;02.05.2025;4.69;3838471044462;Piæa
KAPSULE BARCAFFE ESPR. 55 g;329000;Barcaffe;0.0550;kg;4.69;85.27;;;02.05.2025;4.69;3838471042888;Piæa
SIR EMENTALER ZDENKA 150 g;329002;;0.1500;kg;2.79;18.60;;;02.05.2025;2.79;3858888597795;Hrana
SIR GAUDA DIMLJEN.ZDENKA 150 g;329006;;0.1500;kg;2.79;18.60;;;02.05.2025;2.79;3858888597764;Hrana
SIR EDAMAC ZDENKA 150 g ;329010;;0.1500;kg;2.79;18.60;;;02.05.2025;2.79;3858888597740;Hrana
SIR TRAPIST ZDENKA REZAN.150 g;329011;;0.1500;kg;2.79;18.60;;;02.05.2025;2.79;3858888597801;Hrana
NAMAZ BONNE MAMAN KESTEN 370 g;329082;Bonne Maman;0.3700;kg;4.99;13.49;;;02.05.2025;7.19;3045320089677;Hrana
PUD. DUO VANILIJA CREMOR.190 g;329142;Zott;0.1900;kg;0.89;4.68;;;02.05.2025;0.89;4014500518886;Hrana
TP VL.VIOLETA DOUBLE CARE 60/1;329155;Violeta;60.0000;kom;1.95;0.03;;;02.05.2025;1.95;3870128021037;Toaletne potrep¹tine
VL.MAR.VIOLETA SENSITIVE 20/1;329156;Violeta;20.0000;kom;1.55;0.08;;;02.05.2025;1.55;3870128019577;Toaletne potrep¹tine
TP VL.VIOLETA HEMO CARE 60/1;329157;Violeta;60.0000;kom;1.95;0.03;;;02.05.2025;1.95;3870128020733;Toaletne potrep¹tine
CORNFLAKES SPAR FF 300 g;329247;SPAR free from;0.3000;kg;2.19;7.30;;;02.05.2025;2.14;9100000832906;Hrana
BOMBONIJERA MOZART 247 g;329251;Victor Schmidt;0.2470;kg;5.89;23.85;;;02.05.2025;5.89;9001508890637;Hrana
SR.FROSCH WC GEL MENTA 750 ml;329252;Frosch;0.7500;L;;2.79;2.09;2.65;02.05.2025;2.65;4009175941701;Sredstva za èi¹æenje
DET.FROSCH ZA SUÐ.CITRU.750 ml;329253;Frosch;0.7500;L;;2.52;1.89;2.39;02.05.2025;2.39;4009175110688;Sredstva za èi¹æenje
DET.FROSCH ZA SUÐ.ALO.V.750 ml;329254;Frosch;0.7500;L;;2.52;1.89;2.39;02.05.2025;2.39;4009175165213;Sredstva za èi¹æenje
©AMP.H&S HIDRATACIJA 400 ml ;329272;Head&Shoulders;0.4000;L;;12.48;4.99;6.19;02.05.2025;6.19;8001841406688;Kozmetika
PA©TETA PILEÆA JETRENA 100 g;329275;Perutnina;0.1000;kg;.79;7.90;;;02.05.2025;.79;3838977018615;Hrana
PA©TETA PEPE 50 g;329276;Perutnina;0.0500;kom;.52;10.40;;;02.05.2025;.52;3838977022094;Hrana
GEL NIVEA TU©.KIDS 250 ml;329301;Nivea;0.2500;L;;17.96;4.49;5.45;02.05.2025;5.45;4005900677884;Kozmetika
PARTY MIX NATURA 150 g;329314;Natura;0.0150;kg;3.29;219.33;;;02.05.2025;3.29;3859893512032;Hrana
©UNKA KOCKICE 2X75 g;329338;Hermann;0.1500;kg;2.49;16.60;;;02.05.2025;2.75;4003419003187;Hrana
OSV.WC BREF DE LUXE MAG.2x50 g;329362;Bref;0.1000;kg;4.95;49.50;;;02.05.2025;4.95;9000101375084;Sredstva za èi¹æenje
OSV.WC BREF DE LUXE MAG.3x50 g;329363;Bref;0.1500;kg;5.95;39.67;;;02.05.2025;5.95;9000101375145;Sredstva za èi¹æenje
©TAP.VATIRANI JASMIN NAT.200/1;329406;Jasmin Nature;200.0000;kom;1.59;0.01;;;02.05.2025;1.59;3838985888934;Toaletne potrep¹tine
BRA©NO INT.PIROVO FARINA 1 kg;329446;Farina;1.0000;kg;2.05;2.05;;;02.05.2025;2.05;3858887100972;Hrana
MIC.OTOP.EVELINE 3U1 500 ml;329508;Eveline;0.5000;L;5.69;11.38;;;02.05.2025;5.69;5901761970128;Kozmetika
KR.EVELINE SKIN CARE EX.50 ml ;329520;Eveline;0.0500;L;4.69;93.80;;;02.05.2025;4.69;5901761981636;Kozmetika
KR.EVELINE SKIN CARE EX.50 ml ;329521;Eveline;0.0500;L;4.69;93.80;;;02.05.2025;4.69;5901761981650;Kozmetika
RAJÈICA CHERRY VH 500 g;329587;SPAR Kroatische Gärten;0.5000;kg;3.19;6.38;;;02.05.2025;3.19;3856021214004;Hrana
©TAPIÆI ZA U©I TOSAMA 300/1;329589;Tosama;300.0000;kom;1.95;0.01;;;02.05.2025;1.95;3838985888972;Toaletne potrep¹tine
PREZ.DUREX FEEL SLIM FIT 10/1;329605;Durex;10.0000;kom;;1.09;10.89;13.69;02.05.2025;13.69;5997321772738;Toaletne potrep¹tine
PREZ.DUREX EXTRA SAFE 24/1;329607;Durex;24.0000;kom;15.69;0.65;;;02.05.2025;15.69;5900627072389;Toaletne potrep¹tine
PITA S VI©NJAMA S-BUDGET 420 g;329609;S-BUDGET;0.4200;kg;4.99;11.88;;;02.05.2025;4.99;3856021214479;Hrana
SRED.AJAX  KUPAONICA 750 ml;329614;Ajax;0.7500;L;2.65;3.53;;;02.05.2025;2.65;8718951293052;Sredstva za èi¹æenje
KREMA BECUTAN UNIVERZAL.75 ml;329618;Becutan;0.0750;L;2.89;38.53;;;02.05.2025;2.89;5310001253653;Kozmetika
KREMA BECUTAN UNIVERZAL.35 ml;329619;Becutan;1.0000;kom;1.75;1.75;;;02.05.2025;1.75;5310001253639;Kozmetika
MLIJ.UHT 2,8% Z BREG.ÈEP  1 L;329672;Z Bregov;1.0000;L;1.02;1.02;;;02.05.2025;1.02;3850108020908;Hrana
KOLAGE OVITAK FI 120 5/1;329690;;1.0000;kom;5.39;5.39;;;02.05.2025;5.39;3830061315945;Hrana
MRE®ICA ZA ©UNKU R.18 5M;329691;;1.0000;kom;2.52;2.52;;;02.05.2025;2.52;3830061315938;Hrana
SVINJSKA CRIJEVA 32/35 10M;329715;;1.0000;kom;4.39;4.39;;;02.05.2025;4.39;3858881734234;Hrana
SVINJSKA CRIJEVA 38/42 10M;329718;;1.0000;kom;3.49;3.49;;;02.05.2025;3.49;3858881734241;Hrana
BIG BURGER SA PARMZANOM 180 g;329764;;0.1800;kg;3.49;19.39;;3.18;02.05.2025;4.49;8008110008383;Hrana
PRAL.I LOVE MILKA ALP.ML.110 g;329766;Milka;0.1100;kg;4.79;43.55;;;02.05.2025;3.69;7622210598714;Hrana
B.BURGER SA PANC.U LUKOM 180 g;329776;;0.1800;kg;3.49;19.39;;3.18;02.05.2025;4.49;8008110008406;Hrana
BOMBONIJERA MERCI MOUSSE 210 g;329782;Merci;0.2100;kg;7.99;38.05;;;02.05.2025;7.99;4014400923735;Hrana
PRALINE LINDOR LJE©NJAK 200 g;329783;Lindt;0.2000;kg;6.98;34.90;;;02.05.2025;6.98;8003340096506;Hrana
KEKSI GULLON CHIP CH.BG.130 g;329847;Gullon;0.1300;kg;;17.62;2.29;3.19;02.05.2025;3.19;8410376037883;Hrana
KEKSI GULLON SHARKIES BG.250 g;329849;Gullon;0.2500;kg;3.39;13.56;;;02.05.2025;3.39;8410376044959;Hrana
KREKERI GULLON BG.200 g;329850;Gullon;0.2000;kg;3.69;18.45;;;02.05.2025;3.69;8410376045017;Hrana
KEKS GULLON CHOCO B©.150 g;329852;Gullon;0.1500;kg;3.39;22.60;;;02.05.2025;3.39;8410376052893;Hrana
KEKS GULLON CHOC.SAND.B©.250 g;329853;Gullon;0.2500;kg;3.39;13.56;;;02.05.2025;3.39;8410376048148;Hrana
KEKS GULLON DIGESTIVE B©.245 g;329856;Gullon;0.2450;kg;2.49;10.16;;;02.05.2025;2.49;8410376049602;Hrana
KEKS GULLON TWINS B©.147 g;329861;Gullon;0.1470;kg;2.49;16.94;;;02.05.2025;2.49;8410376051384;Hrana
MASLINE S-BUDGET ZEL.PAP.695 g;329876;S-Budget;0.4000;kg;2.99;7.48;;;02.05.2025;3.59;3856021214134;Hrana
TRAJNI KRUH BIO N.PUR 500 g;329953;SPAR Natur*pur;0.5000;kg;1.79;3.58;;;02.05.2025;1.76;9100000448831;Hrana
TRAJNI KRUH BIO N.PUR 500 g;329954;SPAR Natur*pur;0.5000;kg;1.79;3.58;;;02.05.2025;1.76;9100000448855;Hrana
SIR TRAPIST SPAR REZANI 150 g;329959;SPAR Qualitätsmarke;0.1500;kg;2.29;15.27;;;02.05.2025;2.29;3856021213700;Hrana
ÈAJNI KOL.S BUDGET INTEG.1 kg;329969;S-Budget;1.0000;kg;2.59;2.59;;;02.05.2025;2.59;8056149082690;Hrana
SLADOLED PLAZMA SENDVIÈ 129 ml;329984;Ledo;0.1290;L;1.99;15.43;;;02.05.2025;1.99;3850116033983;Hrana
INS.KAVA JACOBS CR.GOLD 2x200g;329985;Jacobs;0.4000;kg;19.99;49.98;;;02.05.2025;17.99;3858889578496;Piæa
KEKS DOMAÆICA EXT.CHOCO 220 g;330001;Kra¹;0.2200;kg;3.19;14.50;;;02.05.2025;2.49;3850102009640;Hrana
NAMAZ RIO MARE PATE TUNA 100 g;330013;Rio Mare;0.1000;kg;3.69;36.90;;;02.05.2025;3.69;8004030538023;Hrana
NAMAZ RIO MARE PATE TUNA 100 g;330014;Rio Mare;0.1000;kg;3.69;36.90;;;02.05.2025;3.69;8004030538047;Hrana
BRA©NO DR.SCHAER MIX C 1 kg;330018;Schar;1.0000;kg;;5.03;5.03;6.29;02.05.2025;6.29;8008698004852;Hrana
VREÆ ZA NAMIR. U ROLI 3L 250/1;330048;;250.0000;kom;5.19;0.02;;;02.05.2025;5.19;5900536269900;Proizvodi za kuæanstvo
SPU®VA KUHINJSKA 5+1 FINO ;330049;;6.0000;kom;2.19;0.37;;;02.05.2025;2.19;5900536279121;Proizvodi za kuæanstvo
GAZIRAN.PIÆE SKY COLA ZERO 2 L;330050;Sky;2.0000;L;1.79;0.90;;;02.05.2025;1.79;3875000181656;Piæa
MEDENJACI MANNER MIX 500 g;330053;Manner;0.5000;kg;4.99;9.98;;;02.05.2025;4.99;9000331609706;Hrana
ÈOK.DESPAR PREMIUM 90% 100 g;330055;SPAR PREMIUM;0.1000;kg;2.49;24.90;;;02.05.2025;2.49;8001300803850;Hrana
ÈOK.DESPAR PREMIUM 85% 100 g;330056;SPAR PREMIUM;0.1000;kg;2.49;24.90;;;02.05.2025;2.49;8001300803836;Hrana
ÈOK.DESPAR PREMIUM 74% 100 g;330057;SPAR PREMIUM;0.1000;kg;2.49;24.90;;;02.05.2025;2.49;8001300803843;Hrana
PRALINE BAILEYS 102 g;330067;Baileys;0.1020;kg;2.99;29.31;;2.99;02.05.2025;2.99;5099872013206;Hrana
ÈOK.ZAINI 100% KAKAO 75 g;330092;DUPIN;0.0750;kg;4.19;55.87;;;02.05.2025;4.19;8004735107739;Hrana
ÈOK.ZAINI 90% KAKAO 75 g;330093;DUPIN;0.0750;kg;4.19;55.87;;;02.05.2025;4.19;8004735107715;Hrana
ÈOK.ZAINI 80% KAKAO 75 g;330095;DUPIN;0.0750;kg;4.19;55.87;;;02.05.2025;4.19;8004735107692;Hrana
ÈOK.ZAINI 70% KAKAO 75 g;330098;DUPIN;0.0750;kg;4.19;55.87;;;02.05.2025;4.19;8004735107678;Hrana
LIKER MATISS PINA COLADA 0,7 L;330171;;0.7000;l;12.02;17.17;;;02.05.2025;12.02;3838945029582;Piæa
MIJE©ANI KOLAÈI 1000g;330198;;1.0000;kg;14.69;14.69;;;02.05.2025;14.69;3858881124097;Hrana
MARAM.LOVELY MENTHOL 4SL.24x10;330215;Lovely;24.0000;kom;3.99;0.17;;;02.05.2025;3.99;9100000774770;Toaletne potrep¹tine
KAVA SPAR PREMIUM UGANDA 250 g;330227;SPAR PREMIUM;0.2500;kg;3.99;15.96;;;02.05.2025;3.99;9100100004609;Piæa
FLASTER MEDIHELP DJEÈJI 16/1;330247;MediHelp;16.0000;kom;1.09;0.07;;;02.05.2025;1.09;9100000759371;Toaletne potrep¹tine
FLASTER MEDIHELP 20/1;330252;MediHelp;20.0000;kom;1.45;0.07;;;02.05.2025;1.45;9100000759272;Toaletne potrep¹tine
FLASTER MEDIHELP KLASSIK 30/1;330256;MediHelp;30.0000;kom;0.75;0.03;;;02.05.2025;0.75;9100000759234;Toaletne potrep¹tine
FLAST.MEDIHELP SENS.1mx6cm 1/1;330266;MediHelp;1.0000;kom;0.95;0.95;;;02.05.2025;0.95;9100000759197;Toaletne potrep¹tine
ÈOK.DJED BO®IÆNJAK MILKA 45 g;330273;Milka;0.0450;kg;1.99;44.22;;;02.05.2025;1.99;7622210587237;Hrana
FLAST.MEDIHELP ELAS.1mx6cm 1/1;330274;MediHelp;1.0000;kom;0.95;0.95;;;02.05.2025;0.95;9100000759173;Toaletne potrep¹tine
FLASTER MEDIHELP 5mx2,5cm 1/1;330276;MediHelp;1.0000;kom;1.35;1.35;;;02.05.2025;1.35;9100000759210;Toaletne potrep¹tine
TUNA SALATA FJK GRAH 160 g;330278;Franz Jozef Kaiser;0.1600;kg;3.19;19.94;;;02.05.2025;3.19;8595241526126;Hrana
TUNA SALATA FJK MEXICO 160 g;330279;Franz Jozef Kaiser;0.1600;kg;3.19;19.94;;;02.05.2025;3.19;8595241524726;Hrana
TUNA SALATA FJK FUSILLI 160 g;330281;Franz Jozef Kaiser;0.1600;kg;3.19;19.94;;;02.05.2025;3.19;8595241524764;Hrana
PIVO HLADNO PIVO 0,5 L;330292;;0.5000;l;;4.24;2.12;2.55;02.05.2025;2.65;3859893357053;Piæa
ENER.NAP.MONS.PIPE PUNCH 0,5 L;330312;Monster;0.5000;L;1.95;3.90;;;02.05.2025;1.95;5060639123834;Piæa
LIZALICE CANDY CANES 127 g;330339;Evropa;0.1270;kg;1.19;9.37;;;02.05.2025;1.19;5310002472350;Hrana
VODKA HEDONA 0,1 L ZVEÈEVO;330348;;0.1000;l;1.65;16.50;;;02.05.2025;1.65;3858894171187;Piæa
VOD.ZA US.LISTERI.KIDS 250 ml;330349;Listerine;0.2500;L;4.79;19.16;;;02.05.2025;4.79;3574661557458;Kozmetika
RAKIJA TRAVARICA 0,1 L ZVEÈEVO;330351;;0.1000;l;1.65;16.50;;;02.05.2025;1.65;3858894170302;Piæa
PIVO O®UJSKO 4X0,5 L LIM.ZP;330368;O¾ujsko;2.0000;L;5.31;2.66;;;02.05.2025;4.19;3850131986011;Piæa
LIKER JAGERMEISTE.SCHARF 0,7 L;330374;;0.7000;l;16.52;23.60;;;02.05.2025;16.52;4067700019882;Piæa
PJENU©AC FESTINO 0,75 L;330414;Exclusive bei SPAR;0.7500;l;2.02;2.69;;;02.05.2025;2.02;5905466013135;Piæa
FLAST.MEDIHELP KLASSIK 20/1;330433;MediHelp;20.0000;kom;0.85;0.04;;;02.05.2025;0.82;9100000759296;Toaletne potrep¹tine
SIR TOPLJ.PRESID.NATUR 140 g;330470;;0.1400;kg;1.99;14.21;;;02.05.2025;1.99;3850355001750;Hrana
LIKER ANTI. PELINKOVAC 0,05 L ;330471;;0.0500;l;1.75;35.00;;;02.05.2025;1.75;3850112111289;Piæa
FER.PROIZ.SOJ.MALIN/BRUS.150 g;330472;Alpro;0.1500;kg;1.49;9.93;;;02.05.2025;1.49;5411188126430;Hrana
FER.PROIZ.SOJ.BOROVNICA 150 g;330474;Alpro;0.1500;kg;1.49;9.93;;;02.05.2025;1.49;5411188126416;Hrana
FER.PROIZ.SOJ.BRESKVA 150 g;330475;Alpro;0.1500;kg;1.49;9.93;;;02.05.2025;1.49;5411188126393;Hrana
VINO PP ORAHOV.CAB.SA.0,75 L ;330547;;0.7500;l;5.52;7.36;;;02.05.2025;5.52;3858889832291;Piæa
VINO PP ORAH.CUVEE CRNI 0,75 L;330549;;0.7500;l;5.52;7.36;;;02.05.2025;5.52;3858889831676;Piæa
LIKER ROSSI PELINKOVAC 0,5 L;330551;;0.5000;l;19.52;39.04;;;02.05.2025;19.52;3859891585557;Piæa
PROSECCO GRANDE VENTO 0,75 L;330566;;0.7500;l;11.08;14.77;;;02.05.2025;11.08;5949013501027;Piæa
TONIC WATER FEVER TREE 0,5 L;330589;;0.5000;l;4.09;8.18;;;02.05.2025;4.09;5060108450263;Piæa
TONIC FEV.TREE MEDITERAN.0,5 L;330594;;0.5000;l;4.29;8.58;;;02.05.2025;4.29;5060108450546;Piæa
VINO KUTJEVO CRNI COUVEE 1 L;330608;;1.0000;l;4.68;4.68;;;02.05.2025;4.68;3850156001164;Piæa
VINO TESTAMENT BABIÆ 0,75 L;330615;;0.7500;l;16.78;22.37;;;02.05.2025;16.78;3859893402029;Piæa
INS. KAVA NES. CLASSIC 250+25g;330645;Nescafe;0.2500;kg;11.99;47.96;;;02.05.2025;11.99;7891000256572;Piæa
KEKS BELVITA ÈOKOLADA 225 g;330674;Elvita;0.2250;kg;1.79;7.96;;1.49;02.05.2025;2.09;7622210899316;Hrana
KEKS BELVITA ®ITAR.-MLIJ.225 g;330676;Belvita;0.2250;kg;;8.84;1.99;2.44;02.05.2025;2.69;7622210899286;Hrana
KEKS BELVITA MED-LJE©NJ. 225 g;330677;Belvita;0.2250;kg;;8.84;1.99;2.44;02.05.2025;2.69;7622210899255;Hrana
MINI BURGER 2X100 g;330678;;0.2000;kg;;16.95;3.39;3.44;02.05.2025;4.49;8008110008369;Hrana
BIG BURGER 180 g;330681;;0.1800;kg;3.29;18.28;;3.05;02.05.2025;4.49;8008110008420;Hrana
KEKS BELVITA SOFT JAGODA 250 g;330690;Belvita;0.2500;kg;2.69;10.76;;2.44;02.05.2025;3.29;7622210592262;Hrana
KEKS BELVITA SOFT ÈOKOL.250 g;330691;Belvita;0.2500;kg;;10.76;2.69;2.79;02.05.2025;3.29;7622210591203;Hrana
VINDI FRUITY LIMUNADA 1,5 L;330731;Vindija;1.5000;L;1.78;1.19;;;02.05.2025;1.78;3850108073560;Piæa
ISO SPORT LIMUN GREJP 1 L;330739;Vindija;1.0000;L;1.49;1.49;;;02.05.2025;1.49;3850108078466;Piæa
©AMP.HERBAL THERAPY 500 ml;330758;Herbal Therapy;0.5000;L;6.69;13.38;;;02.05.2025;6.69;8595641301972;Kozmetika
©AMP.HERBAL TH.KONOPLJA 500 ml;330759;Herbal Therapy;0.5000;L;6.69;13.38;;;02.05.2025;6.69;8595641301989;Kozmetika
KREMA HERBAL THERAPY 125 ml;330760;Herbal Therapy;0.1250;L;3.98;31.84;;;02.05.2025;3.98;3859893603464;Kozmetika
TP ZEWA DELICATE CARE 3SL.10/1;330771;Zewa;10.0000;kom;;0.40;3.99;5.57;02.05.2025;5.57;7322541171746;Toaletne potrep¹tine
ÈAJ TEEKANE ÐUMBIR KURK. 35 g;330795;;0.0350;kg;2.59;74.00;;;02.05.2025;2.59;5901086058556;Piæa
ÈAJ TEEKANE VOÆ. FRUIT L. 45 g;330796;;0.0450;kg;2.39;53.11;;;02.05.2025;2.39;5901086057658;Piæa
KA©ICA HIPPIS BAN.KRU.MA.100 g;330817;Hipp;0.1000;kg;1.35;13.50;;;02.05.2025;1.35;9062300133766;Hrana
KA©ICA HIPPIS JA.BA.KEKS 100 g;330818;Hipp;0.1000;kg;1.35;13.50;;;02.05.2025;1.35;9062300133728;Hrana
ENJOY SENDVIÈ TRAM.©UNKA 160 g;330828;SPAR enjoy;0.1600;kg;1.99;12.44;;;02.05.2025;1.99;3856021214615;Hrana
ENJOY SENDV.TRAME.ZIMSKA 140 g;330832;SPAR enjoy;0.1400;kg;1.99;14.21;;;02.05.2025;1.99;3856021214653;Hrana
GEL ZA KOSU GOT2B 150 ml;330838;Got2b;0.1500;l;6.99;46.60;;;02.05.2025;6.99;9000100366526;Kozmetika
GEL ZA KOSU SYOSS 250 ml;330840;Syoss;0.2500;L;;20.76;5.19;5.69;02.05.2025;5.69;9000100654074;Kozmetika
GRANOLA SANTE JAG.I MAL. 300 g;330842;Sante;0.3000;kg;3.99;13.30;;;02.05.2025;3.99;5900617037213;Hrana
GRANOLA SANTE FIT KAKAO 300 g;330844;Sante;0.3000;kg;3.99;13.30;;;02.05.2025;3.99;5900617037190;Hrana
BOJA PALETTE  DELUXE 240;330845;Palette;1.0000;kom;;4.99;4.99;5.99;02.05.2025;5.99;9000101234206;Kozmetika
PR©UT DRNI©KI 100 g NAREZAK;330867;DRNI©KE DELICIJE MARAN;0.1000;kg;5.49;54.90;;;02.05.2025;5.49;3857000002810;Hrana
KOBASICA TIROLSKA 350 g;330886;Gavrilovic;0.3500;kg;4.19;11.97;;;02.05.2025;4.19;3858892721278;Hrana
©UNKA U OVITKU 350 g;330887;Gavrilovic;0.3500;kg;4.49;12.83;;;02.05.2025;4.49;3858892721292;Hrana
KOBASICA POSEBNA 350 g;330888;Gavrilovic;0.3500;kg;3.39;9.69;;;02.05.2025;3.39;3858892721353;Hrana
ÈAJ 12 BILJAKA AGRISTAR 40 g;330930;;0.0400;kg;2.35;58.75;;;02.05.2025;2.35;3858886503729;Piæa
ÈAJ ÐUMBIR I NARAN. AGRIS.40 g;330933;;0.0400;kg;1.99;49.75;;;02.05.2025;1.99;3858886504801;Piæa
ÈAJ KURK. I ÐUMB.AGRISTAR 34 g;330936;;0.0340;kg;2.15;63.24;;;02.05.2025;2.15;3858886501046;Piæa
MUSLI NATUREL ©UMS.VOÆE 350 g;330947;Naturel;0.3500;kg;3.59;10.26;;;02.05.2025;3.59;3858889364815;Hrana
MUSL.NATUREL BIJELA ÈOK. 350 g;330951;Naturel;0.3500;kg;3.59;10.26;;;02.05.2025;3.59;3858889364822;Hrana
MUS.NATUREL ÈOK.I VI©NJA 350 g;330953;Naturel;0.3500;kg;3.59;10.26;;;02.05.2025;3.59;3858889364808;Hrana
DESPAR NEKTAR BRESKVA MANG.1 L;330988;Despar;1.0000;L;1.99;1.99;;;02.05.2025;2.02;8001300152002;Piæa
VOÆNI PIRE NP BAN.KRU©.4X90 g;330990;Spar Natur pur;0.3600;kg;3.09;8.58;;;02.05.2025;3.09;9100000824116;Hrana
VOÆNI PIRE NP JAB.BAN.4X90 g;330992;Spar Natur pur;0.3600;kg;3.09;8.58;;;02.05.2025;3.09;9100000824093;Hrana
DIVLJA SVINJA GULA© 350 g;330994;;0.3500;kg;5.49;15.69;;;02.05.2025;5.49;3830034363546;Hrana
REPA DOMAÆA KISELA VH 740 g;331005;SPAR Kroatische Gärten;0.6000;kg;3.49;5.82;;;02.05.2025;3.49;3856021212383;Hrana
GAZ.PIÆE PEPSI MAX LIMET.0,5 L;331008;Pepsi;0.5000;L;1.05;2.10;;;02.05.2025;1.05;3830065021095;Piæa
GAZ.PIÆE PEPSI LIMETA 0,33 L;331014;Pepsi;0.3300;L;.99;3.00;;;02.05.2025;.99;3830065021071;Piæa
SPAR ENJOY BIO COLA 0,33 L ;331027;SPAR enjoy;0.3300;L;2.29;6.94;;;02.05.2025;2.22;9100000825465;Piæa
ZAMJEN.MLIJEKO BEBIMIL1 300 g;331034;Bebimil;0.3000;kg;6.49;21.63;;;02.05.2025;6.49;9007253105064;Hrana
ZAM.MLIJEKO BEBIMIL1 600 g;331039;Bebimil;0.6000;kg;11.15;18.58;;;02.05.2025;11.15;9007253105071;Hrana
SIR S CHILLIJEM GLIGORA 125 g;331060;Sirana Gligora;0.1250;kg;4.39;35.12;;;02.05.2025;4.39;3858891770222;Hrana
TORTA KAKAO DESPAR 350 g;331079;DESPAR;0.3500;kg;2.79;7.97;;;02.05.2025;2.78;8001300502203;Hrana
FER.SOJIN PROIZVO.JAGODA 150 g;331082;Alpro;0.1500;kg;1.49;9.93;;;02.05.2025;1.49;5411188128700;Hrana
SIR SPORT TRAPIST ZDENKA 400 g;331101;Zdenka;0.4000;kg;5.79;14.48;;;02.05.2025;5.79;3858888597955;Hrana
MLINCI IZ CENTRA SVIJETA 400 g;331103;;0.4000;kg;3.32;8.30;;;02.05.2025;3.32;3857500076205;Hrana
SIR BILOGSKI TRAPIST ZDE.400 g;331105;Zdenka;0.4000;kg;6.29;15.73;;;02.05.2025;6.29;3858888597962;Hrana
MASLAC FRANCIA 250 g;331111;;0.2500;kg;3.99;15.96;;;02.05.2025;3.99;8010184000033;Hrana
SIR AROM.MIX PA©KA SIRA.100 g;331112;;0.1000;kg;2.99;29.90;;;02.05.2025;2.99;3859892884710;Hrana
SIR CLASS.MIX PA©KA SIRA.100 g;331114;;0.1000;kg;3.29;32.90;;;02.05.2025;3.29;3859892884697;Hrana
SIR TRAD.MIX PA©KA SIRA.100 g;331116;;0.1000;kg;4.29;42.90;;;02.05.2025;4.29;3859892884673;Hrana
NEK.TO JABUKA/NARANÈA 2 L;331177;To;2.0000;L;2.15;1.08;;;02.05.2025;2.15;3858890977998;Piæa
BOM.HARIBO KISELI POMMES 100 g;331277;Haribo;0.1000;kg;1.59;15.90;;;02.05.2025;1.59;9002975331555;Hrana
BOM.GUM.HARIBO STARMIX 200 g;331278;Haribo;0.2000;kg;2.49;12.45;;;02.05.2025;2.49;9002975722025;Hrana
VOÆ.PLOÈ. N.A! JAB.-MALI.35 g;331281;Nature Addicts;0.0350;kg;1.69;48.29;;;02.05.2025;1.69;3609200003070;Hrana
VOÆ.PLOÈ. N.A! JAB.-JAGO.35 g;331282;Nature Addicts;0.0350;kg;1.69;48.29;;;02.05.2025;1.69;3609200003087;Hrana
VOÆ.PL.. N.A! JAB.-CR.RIB.35 g;331283;Nature Addicts;0.0350;kg;1.69;48.29;;;02.05.2025;1.69;3609200006972;Hrana
KEKSI MISURA KAKAO RI®A 120 g;331322;Misura;0.1200;kg;1.49;12.42;;;02.05.2025;1.49;8002590045654;Hrana
KEKSI MISURA ®ITAR.B©.120 g;331324;Misura;0.1200;kg;1.49;12.42;;;02.05.2025;1.49;8002590045630;Hrana
KEKSI MISURA PRIVOL.MED 400 g;331326;Misura;0.4000;kg;3.59;8.98;;;02.05.2025;3.59;8002590043483;Hrana
KEKSI MISURA KOM.ÈOK.290 g;331329;Misura;0.2900;kg;3.59;12.38;;;02.05.2025;3.59;8002590043391;Hrana
KEKSI MISURA DOL.JOG.B©.400 g;331333;Misura;0.4000;kg;3.89;9.73;;;02.05.2025;3.84;8002590043544;Hrana
KEKSI MISURA DOL.®IT.B©.300 g;331335;Misura;0.3000;kg;3.59;11.97;;;02.05.2025;3.59;8002590043353;Hrana
UMAK KIKKOMAN SOJA 500 ml;331346;Kikkoman;0.5000;L;;7.98;3.99;4.29;02.05.2025;6.79;8715035110502;Hrana
RI®A SCOTTI INTEGRALNA 1 kg;331353;Scotti;1.0000;kg;6.49;6.49;;;02.05.2025;6.63;8001860190513;Hrana
LIMUNOV SOK POLENGHI 200 ml;331385;;0.2000;l;1.39;6.95;;;02.05.2025;1.42;8031301885692;Hrana
BRA©NO LAN B.G.BIO 250 g;331409;BB OIL;0.2500;kg;1.69;6.76;;;02.05.2025;1.69;3859893314377;Hrana
BRA©NO LJE©NJAK B.G.BIO 250 g;331410;BB OIL;0.2500;kg;3.99;15.96;;;02.05.2025;3.99;3859893314292;Hrana
©KROB GUSSNEL DOLCELA 300 g;331414;Dolcela;0.3000;kg;2.29;7.63;;;02.05.2025;2.29;3850104282591;Hrana
TARTAR THOMY VREÆICA 220 g;331424;Thomy;0.2200;kg;3.19;14.50;;;02.05.2025;3.19;8445291136359;Hrana
NAPITAK ALPRO ZOB B©.1 L;331425;Alpro;1.0000;L;;2.59;2.59;3.99;02.05.2025;3.99;5411188124689;Piæa
NAPITAK ALPRO KOKOS B©.1 L ;331428;Alpro;1.0000;L;3.79;3.79;;;02.05.2025;2.39;5411188128311;Piæa
ÈAJ PODRAVKA DINARSKI 30 g;331520;Podravka;0.0300;kg;1.99;66.33;;;02.05.2025;2.19;3856020233983;Piæa
ÈAJ PODRAVKA VELEBITSKI 30 g;331521;Podravka;0.0300;kg;1.99;66.33;;;02.05.2025;2.19;3856020233952;Piæa
KOLAÈ SPAR MAKOVNJAÈA 500 g;331527;SPAR Qualitätsmarke;0.5000;kg;3.58;7.16;;;02.05.2025;2.39;9100000838083;Hrana
KOLAÈ SPAR ORAHNJAÈA 500 g;331529;SPAR Qualitätsmarke;0.5000;kg;3.58;7.16;;;02.05.2025;2.39;9100000838106;Hrana
KULEN DOBRO NAREZAK 100 g;331536;Dobro;0.1000;kg;2.89;28.90;;;02.05.2025;2.89;3850133809462;Hrana
Kobasica za kuhanje ;331577;Andro;1.0000;kg;7.19;7.19;;;02.05.2025;10.22;3858892820377;Hrana
PILING NAJFINIJI RU®MAR.300 ml;331595;NAJFINIJI;0.3000;KG;7.19;23.97;;;02.05.2025;7.19;3859893394287;Kozmetika
PILING NAJFINIJI LAVAND.300 ml;331596;NAJFINIJI;0.3000;KG;7.19;23.97;;;02.05.2025;7.19;3859893394294;Kozmetika
HIDROLAT NAJFIN.SMILJE 100 ml;331598;NAJFINIJI;0.1000;L;6.79;67.90;;;02.05.2025;6.79;3859893394256;Kozmetika
HIDROLAT NAJFINIJI LAVA.100 ml;331600;NAJFINIJI;0.1000;L;6.79;67.90;;;02.05.2025;6.79;3859893394249;Kozmetika
DEO KR.NAJFINIJI METVICA 50 ml;331607;NAJFINIJI;0.0500;L;6.29;125.80;;;02.05.2025;6.29;3859893394003;Kozmetika
DEO KR.NAJFINIJI LAVANDA 50 ml;331612;NAJFINIJI;0.0500;L;6.29;125.80;;;02.05.2025;6.29;3859893394201;Kozmetika
PJENU©AC JOSIPOVIÆ JAZZ 0,75 L;331620;;0.7500;L;21.09;28.12;;;02.05.2025;21.09;3857500027320;Piæa
KUPKA S BUDGET NEUTRO 1 L;331633;S-BUDGET;1.0000;L;1.72;1.72;;;02.05.2025;1.72;8033954558046;Kozmetika
KESTEN PIRE 100% SANA 250 g;331666;;0.2500;kg;3.99;15.96;;;02.05.2025;3.99;3858892321119;Hrana
KOZ.©TAPIÆ JASMIN NATURE 100/1;331695;Jasmin Nature;100.0000;kom;1.35;0.01;;;02.05.2025;1.35;3838985889061;Toaletne potrep¹tine
GIN BLEU D ARGENT 0,7 L;331714;;0.7000;L;9.29;13.27;;;02.05.2025;9.29;3263280110280;Piæa
GIN ROSE D ARGENT 0,7 L;331715;;0.7000;L;9.29;13.27;;;02.05.2025;9.29;3263280117289;Piæa
INST.JUHA INDOMIE PILET. 5x70g;331730;Indomie;0.3500;kg;2.09;5.97;;;02.05.2025;2.65;0089686170115;Hrana
ÈAJ NATURAVI. NAR.CIM.KUR.50 g;331828;Naturavita;0.0500;kg;2.19;43.80;;;02.05.2025;2.19;3858884091600;Piæa
ÈAJ NATURAVI. ÐUMB. LIMUN 50 g;331829;Naturavita;0.0500;kg;2.19;43.80;;;02.05.2025;2.19;3858884091617;Piæa
©AMPON MANE´N TAIL 355 ml;331838;Mane´n Tail;0.3550;L;7.69;21.66;;;02.05.2025;7.69;0071409543214;Kozmetika
MLIJEKO ZAM.BEBIMIL 2 300 g;331842;Bebimil;0.3000;kg;6.49;21.63;;;02.05.2025;6.49;9007253105057;Hrana
MLIJEKO ZAM.BEBIMIL 2 600 g;331843;Bebimil;0.6000;kg;11.25;18.75;;;02.05.2025;11.25;9007253104906;Hrana
TINKTURA DARVI.DETOX 50 ml;331861;Darvitalis;0.0500;L;14.29;285.80;;;02.05.2025;14.29;3858890830248;Hrana
TINKTURA DARV.KOPRIVA 50 ml;331862;Darvitalis;0.0500;L;13.99;279.80;;;02.05.2025;13.99;3858890831306;Hrana
TINKTURA DAR.SIKAVICA 50 ml;331863;Darvitalis;0.0500;L;13.99;279.80;;;02.05.2025;13.99;3858890833348;Hrana
GEL OLD SPICE CAPTAIN 2x400ml;331864;Old Spice;0.8000;L;5.19;6.49;;;02.05.2025;5.19;8700216961967;Kozmetika
TINKTURA DAR.VRBOVICA 50 ml;331865;Darvitalis;0.0500;L;14.99;299.80;;;02.05.2025;14.29;3858890832440;Hrana
TINKTURA DAR.VALERIJANA 50 ml;331866;Darvitalis;0.0500;L;13.99;279.80;;;02.05.2025;13.99;3858890833263;Hrana
TINKTURA DARVITALIS GLOG 50 ml;331867;Darvitalis;0.0500;L;13.99;279.80;;;02.05.2025;13.99;3858890833300;Hrana
DEO SP.OLD SPICE WHITE.2x150ml;331869;Old Spice;0.3000;L;5.99;19.97;;;02.05.2025;5.99;8001841670720;Kozmetika
PROPOLIS SPREJ DARVITAL.20 ml;331870;Darvitalis;0.0200;L;5.29;264.50;;;02.05.2025;5.29;3858890831665;Hrana
PROPOLIS KAPI DARVITALIS 20 ml;331871;Darvitalis;0.0200;L;5.19;259.50;;;02.05.2025;5.19;3858890831634;Hrana
DEO STICK OLD SPICE CAP.2x50ml;331873;Old Spice;0.1000;L;5.99;59.90;;;02.05.2025;5.99;8700216961998;Kozmetika
POSL.ZA PSE VITA.NOS.PUR.90 g;331874;Vitakraft;0.0900;kg;2.79;31.00;;;02.05.2025;2.79;4008239369192;Proizvodi za kuæanstvo
©AMPON VITAK. LAVANDA 250 ml;331875;Vitakraft;0.2500;l;2.69;10.76;;;02.05.2025;2.69;8007229000455;Proizvodi za kuæanstvo
BIO SALATA  BABY LEAF 100 g;331885;;0.1000;kg;2.39;23.90;;;02.05.2025;2.39;3859893093371;Hrana
©AMPINJONI VH 500 g;331893;SPAR Kroatische Gärten;0.5000;kg;1.85;3.70;;;02.05.2025;1.85;3856021213984;Hrana
PUDING ÈOKO.PROT.Z BREG.180 g;331902;Z Bregov;0.1800;kg;1.29;7.17;;;02.05.2025;1.29;3850108040913;Hrana
PUDING VAN.PROTEIN Z BRE.180 g;331904;Z Bregov;0.1800;kg;1.29;7.17;;;02.05.2025;1.29;3850108040906;Hrana
BEYOND BURGER VEGE 226 g;331918;;0.2260;kg;5.49;24.29;;;02.05.2025;4.49;1230000068116;Hrana
PERECI SLANI SPAR 250 g;331923;SPAR Qualitätsmarke;0.2500;kg;2.59;10.36;;;02.05.2025;2.59;3856021213779;Hrana
JABUKA ZELENA VH 2 kg;331986;Eigenbedarf;2.0000;kg;2.19;1.10;;;02.05.2025;2.19;3856021219740;Hrana
MAR.S BUDGET ZA SKUPLJ.B.36/1;331993;S-Budget;36.0000;kom;2.49;0.07;;;02.05.2025;2.49;8056149081228;Proizvodi za kuæanstvo
BRA©N.INT.PIROVO PODRAVKA 1 kg;332000;Podravka;1.0000;kg;2.49;2.49;;;02.05.2025;2.49;3838700295269;Hrana
BRA©NO HELJDINO PODRAVKA 1 kg;332001;Podravka;1.0000;kg;3.99;3.99;;;02.05.2025;3.99;3838700295276;Hrana
TAB.MULTIVITA MG DIR.20/1 30 g;332006;Multivita;0.0300;kg;3.79;126.33;;;02.05.2025;3.79;3858881248502;Hrana
EL.KOMPLE.AIRWICK LINEN 19 ml ;332011;Airwick;1.0000;kom;7.49;7.49;;;02.05.2025;7.49;5999109542403;Sredstva za èi¹æenje
TAB.FINISH ALL IN1 MAX 80/1;332016;Finish;80.0000;kom;14.99;0.19;;;02.05.2025;14.99;5997321733562;Sredstva za èi¹æenje
VINO ROSO PLAVAC BARR.S.0,75 L;332111;;0.7500;l;7.99;10.65;;;02.05.2025;7.99;3859888568129;Piæa
VINO PO©IP ROYAL ROSO  0,75 L;332116;;0.7500;l;12.89;17.19;;;02.05.2025;12.89;3859888568860;Piæa
VINO RUKATAC ROSO 0,75 L;332117;;0.7500;l;5.09;6.79;;;02.05.2025;5.09;3859888568136;Piæa
VINO ROSE ROSO 0,75 L;332118;;0.7500;l;5.59;7.45;;;02.05.2025;5.59;3859888568839;Piæa
VINA KOPER MALVAZIJA  0,75 L;332125;;0.7500;l;9.49;12.65;;;02.05.2025;9.49;3830000700122;Piæa
VINO TOMAZ ROSE FLAMINO 0,75 L;332127;;0.7500;l;15.49;20.65;;;02.05.2025;15.49;3857500055040;Piæa
VINO TOMAZ MALVAZIJA SS.0,75 L;332130;;0.7500;l;25.69;34.25;;;02.05.2025;25.69;3857500055026;Piæa
VINA KOPER REFO©K-REX  0,75 L;332148;;0.7500;l;9.99;13.32;;;02.05.2025;9.99;3830000703048;Piæa
ÈETK.CURAPROX  CS 1560/3 3/1;332734;Curaprox;1.0000;kom;12.95;12.95;;;02.05.2025;12.95;7612412001563;Kozmetika
ÈETK.CURAPROX  CS 5460 3/1;332746;Curaprox;1.0000;kom;12.95;12.95;;;02.05.2025;12.95;7612412540604;Kozmetika
ÈETK.CURAPROX  1560 SOFT;332747;Curaprox;1.0000;kom;5.25;5.25;;;02.05.2025;5.25;7612412156003;Kozmetika
ÈETK.CURAPROX  CS5460 ULTRASOF;332749;Curaprox;1.0000;kom;5.25;5.25;;;02.05.2025;5.25;7612412423143;Kozmetika
ÈETK.CURAPROX  CPS 07 INTERDE.;332752;Curaprox;7.0000;kom;8.29;1.18;;;02.05.2025;8.29;7612412427721;Kozmetika
ÈETK.CURAPROX  CPS 06 INTERDE.;332753;Curaprox;7.0000;kom;8.29;1.18;;;02.05.2025;8.29;7612412427653;Kozmetika
PA©TETA PODR.PILEÆA JETR.95 g;332799;Podravka;0.0950;kg;1.29;13.58;;;02.05.2025;1.29;3856020224592;Hrana
PA©TETA PODR.PILEÆA AJVAR 95 g;332805;Podravka;0.0950;kg;1.29;13.58;;;02.05.2025;1.29;3856020224653;Hrana
©TAP.ZA U©I JEAN CAROL 200/1;332835;Jean Carol;200.0000;kom;1.69;0.01;;;02.05.2025;1.69;4000576027933;Toaletne potrep¹tine
TAB.JAR PLATINUM 125/1;332874;Jar;125.0000;kom;32.99;0.26;;;02.05.2025;32.99;8001841513706;Sredstva za èi¹æenje
ÈAJ AGRISTAR MENTA 80 g;332880;Agristar;0.0800;kg;3.09;38.63;;;02.05.2025;3.09;3858886501312;Piæa
ÈAJ AGRISTA.MATIÈNJ. LIST 70 g;332883;Agristar;0.0700;kg;2.89;41.29;;;02.05.2025;2.89;3858886501329;Piæa
MARAM.LOVELY BALSAM 4SL.24x10;332897;Lovely;24.0000;kom;3.99;0.17;;;02.05.2025;3.99;9100000752877;Toaletne potrep¹tine
VINO MALVAZ.VRH.ISTAR.0,75 L;332908;Platinum;0.7500;l;8.32;11.09;;;02.05.2025;8.32;3859893101892;Piæa
KREMA ZA DEPILAC.ÈUPKO 125 ml;332909;Èupko;0.1250;L;2.95;23.60;;;02.05.2025;2.95;3859888495302;Kozmetika
ZAM.MLIJEKO BEBIM.3 AKT.500 g;333024;Bebimil;0.5000;kg;8.95;17.90;;;02.05.2025;8.95;9007253104920;Hrana
VINO PINK MOSCATO IURIS 0,75 L;333044;Iuris;0.7500;l;8.28;11.04;;;02.05.2025;8.28;3859891102440;Piæa
MLIJ UHT 1,5% BEZ L MEGG.0,5 L;333054;Meggle;0.5000;L;0.89;1.78;;;02.05.2025;0.89;3870085010525;Hrana
KUKURUZ KOKIÈAR 500g;333057;;0.5000;kg;1.10;2.20;;;02.05.2025;1.10;3858889330650;Hrana
KUKURUZ KOKIÈAR NATURA 400 g;333058;Natura;0.4000;kg;1.21;3.03;;;02.05.2025;1.21;3859892798482;Hrana
LAN SJEME NATUR PUR MLJE.300 g;333061;Spar Natur pur;0.3000;kg;1.39;4.63;;;02.05.2025;1.39;9100000830858;Hrana
KUKURUZ KOK.EUROCOMPANY 200 g;333062;EUROCOMPANY;0.2000;kg;0.60;3.00;;0.59;02.05.2025;0.60;3872084000705;Hrana
GRAH ©ARENI NATURA 500 g;333063;;0.5000;kg;2.29;4.58;;;02.05.2025;2.29;3859893124501;Hrana
KUKURUZ KOKIÈAR NATURA 200 g;333066;Natura;0.2000;kg;0.66;3.30;;;02.05.2025;0.66;3859893124754;Hrana
GRAH PINTO NATURA 500 g;333070;;0.5000;kg;1.96;3.92;;;02.05.2025;1.96;3859893124938;Hrana
LEÆA ZELENA NATURA 500 g;333071;;0.5000;kg;1.99;3.98;;;02.05.2025;1.99;3859891427307;Hrana
GRAH 5 VRSTA MJE©AV.SPAR 500 g;333072;SPAR;0.5000;kg;1.99;3.98;;;02.05.2025;1.99;3856021206467;Hrana
KUKURUZ KOKIÈAR NATURA 1000 g;333075;;1.0000;kg;2.45;2.45;;;02.05.2025;2.45;3859890587422;Hrana
LEÆA CRVENA NATURA 500 g;333076;;0.5000;kg;1.89;3.78;;;02.05.2025;1.89;3859890587019;Hrana
PROSO NATUR PUR 1 kg;333077;SPAR Natur*pur;1.0000;kg;3.19;3.19;;;02.05.2025;3.05;9100000776958;Hrana
GRAH BIJELI VEDRINI 1000g;333082;;1.0000;kg;2.65;2.65;;;02.05.2025;2.65;3858889331435;Hrana
LAN SJEME NATUR PUR 300 g;333084;Natur pur;0.3000;kg;1.29;4.30;;;02.05.2025;1.29;9100000830834;Hrana
LAN SJEMENKE NATURA 150 g;333085;;0.1500;kg;.92;6.13;;;02.05.2025;.92;3859891427673;Hrana
GRAH BIJELI RFZ;333086;;1.0000;kg;2.79;2.79;;;02.05.2025;2.79;3859890587514;Hrana
SEZAM SJEMENKE NATURA 150 g;333087;;0.1500;kg;1.39;9.27;;;02.05.2025;1.39;3859891427680;Hrana
CHIA SJEMENKE SPAR VITAL 250 g;333089;SPAR Vital;0.2500;kg;2.45;9.80;;;02.05.2025;2.45;9100000701172;Hrana
GRAH BIJELI NATURA 500 g ;333092;;0.5000;kg;2.29;4.58;;;02.05.2025;2.29;3859893124518;Hrana
LAN 200g;333094;;0.2000;kg;1.19;5.95;;;02.05.2025;1.19;3859890630999;Hrana
CHIA SJEMENKE NATURA 100 g;333095;Natura;0.1000;kg;1.85;18.50;;;02.05.2025;1.85;3859892798062;Hrana
Suncokret 200g;333096;;0.2000;kg;0.99;4.95;;;02.05.2025;0.99;3859890630937;Hrana
GRA©AK SU©ENI VEDRINI 500g;333097;;0.5000;kg;0.98;1.96;;;02.05.2025;0.98;3859890630739;Hrana
PR©UT S BUDGET NAREZANI 100 g;333099;S-Budget;0.1000;kg;2.59;25.90;;;02.05.2025;2.59;3856021225062;Hrana
SEZAM 200g;333100;;0.2000;kg;0.98;4.90;;;02.05.2025;0.98;3859890630920;Hrana
LEÆA CRVENA SPAR 500 g;333101;SPAR;0.5000;kg;1.99;3.98;;;02.05.2025;1.99;3856021206405;Hrana
SLANUTAK NATURA 500g;333102;;0.5000;kg;1.94;3.88;;;02.05.2025;1.94;3859890587026;Hrana
LEÆA ZELENA SPAR 500 g;333103;SPAR;0.5000;kg;1.99;3.98;;;02.05.2025;1.99;3856021206429;Hrana
SLANUTAK SPAR 500 g ;333105;SPAR;0.5000;kg;1.99;3.98;;;02.05.2025;1.99;3856021206443;Hrana
MAHUNARKE MJE©AVINA SPAR 500 g;333106;SPAR;0.5000;kg;1.99;3.98;;;02.05.2025;1.99;3856021206481;Hrana
CHIA SJEM.SUPERFO.ENCIAN 200 g;333107;Encian;0.2000;kg;5.24;26.20;;;02.05.2025;5.24;3858890101539;Hrana
GRA©AK SU©ENI RFZ;333112;;1.0000;kg;1.69;1.69;;;02.05.2025;1.69;3858889331596;Hrana
LEÆA ZELENA RFS;333114;;1.0000;kg;3.49;3.49;;;02.05.2025;3.49;3859891427611;Hrana
TOAST DESPAR INTEGRALNI 330 g;333117;DESPAR;0.3300;kg;1.09;3.30;;;02.05.2025;1.09;8001300502029;Hrana
ROLL ON FA FRESH&DRY 50 ml;333162;Fa;0.0500;L;3.20;64.00;;;02.05.2025;3.20;9000101251227;Kozmetika
DEO SPRAY FA FRESH&DRY 150 ml;333165;Fa;0.1500;L;3.20;21.33;;;02.05.2025;3.20;9000101251166;Kozmetika
GEL ZA TU.FA PINK JASMI.400 ml;333173;Fa;0.4000;L;4.19;10.48;;;02.05.2025;4.19;9000100935531;Kozmetika
BOJA SYOSS 4-15 PRA©NJAVI KROM;333175;Syoss;1.0000;kom;6.19;6.19;;;02.05.2025;5.59;9000101266481;Kozmetika
BOJA SYOSS OLEO INTENSE 4-86;333176;Syoss;1.0000;kom;6.79;6.79;;;02.05.2025;6.49;9000100927055;Kozmetika
PASTA ZA KOSU SYOSS 100 ml;333177;Syoss;0.1000;L;6.39;63.90;;;02.05.2025;6.39;9000101208504;Kozmetika
RI®IN SNACK N.P. PUNOZRN.100 g;333225;Spar Natur pur;0.1000;kg;1.19;11.90;;;02.05.2025;1.19;9100000772264;Hrana
RI®IN SNACK N.P.TAM.ÈOK.100 g;333227;Spar Natur pur;0.1000;kg;1.99;19.90;;;02.05.2025;1.49;9100000772189;Hrana
SNACK NAT.PUR EKSP.RI®A 100 g;333229;Spar Natur pur;0.1000;kg;1.99;19.90;;;02.05.2025;1.49;9100000772165;Hrana
VL.TP LOVELY CASHMERE 60/1 ;333231;Lovely;60.0000;kom;1.29;0.02;;;02.05.2025;1.29;9100000948454;Toaletne potrep¹tine
KRUH RI®IN FREE FROM 250 g;333234;SPAR free from;0.2500;kg;2.29;9.16;;;02.05.2025;2.29;9100000449098;Hrana
GRAH S-BUDGET BIJELI 800 g;333236;S-Budget;0.5300;kg;1.59;3.00;;;02.05.2025;1.59;9100000718088;Hrana
JAVOROV SIRUP NP.BLAGI 250 ml;333237;Spar Natur pur;0.2500;L;6.99;27.96;;;02.05.2025;6.99;9100000997445;Hrana
SJEM.SUNCOKR.SPAR VITAL 400 g;333246;SPAR Vital;0.4000;kg;1.59;3.98;;;02.05.2025;1.59;9100000446172;Hrana
INDIJSKI ORA©ÈIÆI SPAR 300 g;333247;SPAR;0.3000;kg;4.79;15.97;;;02.05.2025;4.79;9100000690063;Hrana
VINO PLAVAC BA.PALIHNIÆ 0,75 L;333311;;0.7500;l;7.09;9.45;;;02.05.2025;7.09;3859892911324;Piæa
VINO PLAVAC PALIHNIÆ 1 L;333312;;1.0000;l;4.39;4.39;;;02.05.2025;4.39;3859892911089;Piæa
VINO POSTUP PALIHNIÆ 0,75 L;333313;;0.7500;l;12.99;17.32;;;02.05.2025;12.99;3859892911096;Piæa
VINO DINGAÈ PALIHNIÆ  0,75 L;333314;;0.7500;l;15.49;20.65;;;02.05.2025;15.49;3859892911126;Piæa
VINO RUKATAC PALIHNIÆ 3 L;333315;;3.0000;L;9.99;3.33;;;02.05.2025;9.99;3859892911249;Piæa
VINO PLAVAC MALI PALIHNIÆ 3 L;333317;;3.0000;l;9.19;3.06;;;02.05.2025;9.19;3859892911218;Piæa
GEL TU©.S BUDGET SPORT 1 L;333318;S-Budget;1.0000;L;1.59;1.59;;;02.05.2025;1.69;9100000015743;Kozmetika
VINO PO©IP AK.S.MATU©KO 0,75 L;333319;;0.7500;l;15.29;20.39;;;02.05.2025;15.29;3859889396653;Piæa
GIN DUBROVNIK REPUBLIC 0,5 L;333383;;0.5000;l;50.32;100.64;;;02.05.2025;50.32;0783591081800;Piæa
PIZZA SELJAÈKA SPAR 315 g;333417;SPAR Qualitätsmarke;0.3150;kg;2.69;8.54;;;02.05.2025;2.69;9100000783833;Hrana
PIZZA MOZZARELLA SPAR 330 g;333418;SPAR Qualitätsmarke;0.3300;kg;2.69;8.15;;;02.05.2025;2.69;9100000733906;Hrana
LASAGNE BOLOGNESE SPAR 400 g;333422;SPAR Qualitätsmarke;0.4000;kg;;6.48;2.59;3.39;02.05.2025;3.39;9100000774190;Hrana
ROLL ON GARNIER MINERAL 50 ml;333461;Garnier;0.0500;L;4.59;91.80;;;02.05.2025;4.59;3600542310338;Kozmetika
DEO S.MEN EXPERT INVINC.150 ml;333472;LOREAL;0.1500;L;;26.60;3.99;4.79;02.05.2025;4.79;3600523908639;Kozmetika
ROLL-ON MEN EXPER.SPORT 50 ml ;333473;LOREAL;0.0500;L;;79.80;3.99;4.79;02.05.2025;4.79;3600523908677;Kozmetika
PAP.RUÈ.ZEWA FLEXISHEETS 2/1;333571;Zewa;2.0000;kom;2.55;1.28;;;02.05.2025;2.55;7322541192864;Proizvodi za kuæanstvo
PAP.RUÈ.ZEWA JUMBO WHITE 1/1;333597;Zewa;1.0000;kom;3.85;3.85;;;02.05.2025;3.85;7322541191706;Proizvodi za kuæanstvo
PAP.RUÈ.ZEWA EXTRA LONG 2/1;333598;Zewa;2.0000;kom;3.49;1.75;;;02.05.2025;3.49;7322541192932;Proizvodi za kuæanstvo
SOMERSBY LUBENICA 0,5 L LIM.;333648;Somersby;0.5000;L;1.78;3.56;;;02.05.2025;1.78;3858887583393;Piæa
KRANJSKA KOB.S BUDGET 320 g;333656;S-Budget;0.3200;kg;2.78;8.69;;;02.05.2025;2.78;3856021214837;Hrana
KAKAO PRAH NATUR PUR 125 g;333665;Natur pur;0.1250;kg;3.49;27.92;;;02.05.2025;3.49;9100000835402;Hrana
TJ.N.PUR FARFALLE MINI 500 g;333666;Natur pur;0.5000;kg;1.72;3.44;;;02.05.2025;1.72;9100000444635;Hrana
TJ.N.PUR PENNE MINI 500 g;333667;Spar Natur pur;0.5000;kg;1.72;3.44;;;02.05.2025;1.72;9100000444659;Hrana
PIVO NEPOSLU©NA 0,5 L;333674;;0.5000;L;3.18;6.36;;;02.05.2025;3.18;0745760031016;Piæa
TRUFFLE DELAVIUDA KAKAO 100 g;333681;DELAVIUDA;0.1000;kg;2.12;21.20;;;02.05.2025;2.12;8410223605913;Hrana
TRUFFLE DELAVIUDA NARAN. 100 g;333682;DELAVIUDA;0.1000;kg;2.65;26.50;;;02.05.2025;2.65;8410223608105;Hrana
TU© ZA OÈI EVELINE U OLOVCI;333703;Eveline;1.0000;kom;5.99;5.99;;;02.05.2025;5.99;5901761977547;Kozmetika
SER.ZA USNE EVELINE PÈELINJI ;333704;Eveline;1.0000;kom;5.15;5.15;;;02.05.2025;5.15;5903416001898;Kozmetika
SER.ZA USNE EVELINE CHILLI;333705;Eveline;1.0000;kom;5.15;5.15;;;02.05.2025;5.15;5903416001904;Kozmetika
RU® EVELINE VELVET MATT 512;333707;Eveline;1.0000;kom;5.29;5.29;;;02.05.2025;5.29;5901761999860;Kozmetika
PANCETA KOCKICE VP CCA 300 g;333708;Dimmes;1.0000;kg;10.19;10.19;;;02.05.2025;10.19;3859892362102;Hrana
RU® EVELINE VELVET MATT 511;333711;Eveline;1.0000;kom;5.29;5.29;;;02.05.2025;5.29;5901761999822;Kozmetika
RU® EVELINE VELVET MATT 510;333712;Eveline;1.0000;kom;5.29;5.29;;;02.05.2025;5.29;5901761999716;Kozmetika
RU® EVELINE VELVET MATT 506;333713;Eveline;1.0000;kom;4.59;4.59;;;02.05.2025;4.59;5901761936179;Kozmetika
KAPSULE MULT.OMEGA 3 30/1 ;333730;Multivita;30.0000;kom;4.49;0.15;;;02.05.2025;4.49;3858881248601;Hrana
PIVO GRIF PALE ALE 0,5 L;333737;;0.5000;L;2.42;4.84;;;02.05.2025;2.42;3859893353147;Piæa
ÈOK.DORINA KOKOS 98 g;333765;Dorina;0.0980;kg;1.99;20.31;;;02.05.2025;1.99;3850102516889;Hrana
DEO SPRAY FA DIVINE MOM.150 ml;333791;Fa;0.1500;L;3.20;21.33;;;02.05.2025;3.20;9000101053111;Kozmetika
PR©UT S BUDGET 1/4 VP;333792;S-Budget;1.0000;kg;17.99;17.99;;;02.05.2025;17.99;3856021225031;Hrana
BOJA SYOSS OLEO 4-23 VIN.CRV.;333825;Syoss;1.0000;kom;6.79;6.79;;;02.05.2025;6.49;9000100840835;Kozmetika
FLIPS MARBO MAX K.VRHNJE 25 g;333828;Marbo;0.0250;kg;0.59;23.60;;0.59;02.05.2025;0.79;8606014407464;Hrana
FLIPS MARBO MAX SLAT.CHIL.25 g;333829;Marbo;0.0250;kg;0.59;23.60;;0.59;02.05.2025;0.79;8606014407440;Hrana
JOGURT PROBIOTIK FORTIA 1 kg;333841;Z Bregov;1.0000;kg;2.59;2.59;;;02.05.2025;2.49;3850108032642;Hrana
JOG.FORTIA JAGRO/CR.RIBIZ.1 kg;333842;Z Bregov;1.0000;kg;2.69;2.69;;;02.05.2025;2.69;3850108032178;Hrana
JOGURT FORTIA NATUR 330 g;333861;Z Bregov;0.3300;kg;1.39;4.21;;;02.05.2025;1.39;3850108032697;Hrana
JOGURT FORTIA VI©NJA  330 g;333862;Z Bregov;0.3300;kg;1.49;4.52;;;02.05.2025;1.49;3850108032666;Hrana
JOG.JAG/GRO/C.RIB.FORTIA 330 g;333876;Z Bregov;0.3300;kg;1.49;4.52;;;02.05.2025;1.49;3850108032680;Hrana
JOGURT FORTIA BOROVBAZGA 330 g;333878;Z Bregov;0.3300;kg;1.49;4.52;;;02.05.2025;1.49;3850108032673;Hrana
KRE.BIOBAZA BEAU.ANTI A.50 ml ;333974;Biobaza;0.0500;L;9.95;199.00;;;02.05.2025;9.95;3856020903572;Kozmetika
ÈOK.ZEC LINDT ZLAT.USKRS 100 g;334048;Lindt;0.1000;kg;;4.90;0.49;0.99;02.05.2025;0.99;4000539600302;Hrana
PIVSKI PERECI 8 KOM 750 g;334062;;0.7500;kg;3.79;5.05;;;02.05.2025;3.79;9009267052006;Hrana
FILET.INÆ.MASL.ULJU PELA.180 g;334066;;0.0950;kg;9.99;105.16;;;02.05.2025;9.99;3859893545238;Hrana
TORTELL.RICOTTA I ©PINAT 250 g;334087;Aurelia;0.2500;kg;2.79;11.16;;;02.05.2025;2.79;3859892780692;Hrana
RAVIOLI KOZJI SIR AURELI.250 g;334094;Aurelia;0.2500;kg;2.89;11.56;;;02.05.2025;2.89;3859893533143;Hrana
SIR GORSKI CHILI PAP.CA.340 g ;334147;;0.3400;kg;6.49;19.09;;;02.05.2025;6.49;3857500021281;Hrana
MINESTRONE SPAR VITAL 450 g;334164;SPAR Vital;0.4500;kg;2.29;5.09;;;02.05.2025;1.94;9100000152950;Hrana
SIR CHEDDAR KERRYGOL.RED 200 g;334182;Kerrygold;0.2000;kg;3.99;19.95;;;02.05.2025;3.99;5000165026766;Hrana
BOJA GARNIER COLO.SENSA.S1;334201;Garnier;1.0000;kom;4.99;4.99;;;02.05.2025;4.99;3600542259095;Kozmetika
CROISS.7 DAY´S SUPER MAX 110 g;334213;7 Day's;0.1100;kg;1.19;10.82;;;02.05.2025;1.19;7622201388362;Hrana
CROISS.7 DAY´S SUPER MAX 110 g;334215;7 Day's;0.1100;kg;1.19;10.82;;;02.05.2025;1.19;7622201390624;Hrana
ÈOK.KINDER FERRERO 125g;334263;Ferrero;0.1250;kg;1.79;14.32;;;02.05.2025;1.79;4008400204727;Hrana
SIR PANIR.EMME.SRCA SPAR 250 g;334278;SPAR;0.2500;kg;3.49;13.96;;;02.05.2025;3.49;9100000836522;Hrana
SIRUP NATUR PUR AGAVA 1 kg;334304;Spar Natur pur;1.0000;kg;;5.99;5.99;7.49;02.05.2025;9.99;9100000720142;Hrana
POSL.ZA PSE SCOT.MINI BUR.75 g;334305;Scotty;0.0750;kg;1.89;25.20;;;02.05.2025;1.89;9100000833224;Proizvodi za kuæanstvo
BALZAM L´ANGELICA KOKOS 4,8 g;334325;L´Angelica;1.0000;kom;1.99;1.99;;;02.05.2025;1.99;8017331072004;Kozmetika
BALZAM L´ANGELICA PAMUK 4,8 g;334326;L´Angelica;1.0000;kom;1.99;1.99;;;02.05.2025;1.99;8017331071793;Kozmetika
SRED.UNI.DESPAR LIME&MENTA 1 L;334329;Despar;1.0000;L;1.59;1.59;;;02.05.2025;1.59;8001300891369;Sredstva za èi¹æenje
TLAÈENICA PREMIUM 300 g;334339;Silma;0.3000;kg;2.49;8.30;;;02.05.2025;2.49;3859892782344;Hrana
KAVA STARBUCKS PIKE PLACE 53 g;334341;Starbucks;0.0530;kg;5.89;111.13;;;02.05.2025;5.89;7630477891677;Piæa
VINO ZLATAN BABIÆ EKO  0,75 L;334377;;0.7500;l;9.05;12.07;;;02.05.2025;9.05;3859888437579;Piæa
TORTA CHEESECAKE LATICA 650 g;334379;Latica;0.6500;kg;6.63;10.20;;;02.05.2025;6.63;3850261359747;Hrana
PAPRIKE PEPPAD.JAL.LJUTE 400 g;334390;Peppadew;0.2000;kg;3.59;17.95;;;02.05.2025;3.59;6007788005085;Hrana
OSVJ.WC BREF MINT 3X50 g;334408;Bref;0.1500;kg;5.95;39.67;;;02.05.2025;5.95;9000101360578;Sredstva za èi¹æenje
PEZ USKRS.FIGURICE 17 g;334416;Pez;0.0170;kg;2.49;146.47;;2.49;02.05.2025;2.49;9044400826762;Hrana
DET.FROSCH ZA SUÐE LIMU.750 ml;334420;Frosch;0.7500;L;;2.52;1.89;2.39;02.05.2025;2.39;4001499964534;Sredstva za èi¹æenje
DET.FROSCH ZA SUÐ.LIMET.500 ml;334433;Frosch;0.5000;L;;2.58;1.29;1.65;02.05.2025;1.65;4009175176172;Sredstva za èi¹æenje
DET.FROSCH ZA SUÐE LIMU.500 ml;334438;Frosch;0.5000;L;;2.58;1.29;1.65;02.05.2025;1.65;4009175951946;Sredstva za èi¹æenje
ÈOK.KIND.SUPRISE MAXI LEI 150g;334443;Ferrero;0.1500;kg;;26.60;3.99;8.99;02.05.2025;8.99;8000500260043;Hrana
ÈOK.ZEC KINDER 45 g;334445;Ferrero;0.0450;kg;;4.22;0.19;0.49;02.05.2025;0.49;4008400521527;Hrana
ÈOK.KINDER LOVE 37 g;334450;Ferrero;0.0370;kg;;5.14;0.19;0.49;02.05.2025;0.49;8000500443996;Hrana
POSL.ZA PSE PEDIG.SCHMACK.86 g;334451;Pedigree;0.0860;kg;2.19;25.47;;;02.05.2025;2.19;5010394004435;Proizvodi za kuæanstvo
ÈOK.KINDER BUENO 4-PACK 172 g;334459;Ferrero;0.1720;kg;4.29;24.94;;;02.05.2025;4.29;5020411113828;Hrana
HRANA ZA PSE PED.JUN.PIL.400 g;334468;Pedigree;0.4000;kg;2.39;5.98;;;02.05.2025;2.39;5900951284496;Proizvodi za kuæanstvo
©AMPON J´S BABY GOLD 750 ml;334501;Johnson's;0.7500;L;10.49;13.99;;;02.05.2025;7.25;3574669907781;Kozmetika
KAVA BARCAFFE PERFET. IR.140 g;334528;Barcaffe;0.1400;kg;3.98;28.43;;;02.05.2025;3.98;3838471038102;Piæa
DEO SPR.AXE WILD BERGA.150 ml;334559;Axe;0.1500;L;4.55;30.33;;;02.05.2025;4.55;8720181028809;Kozmetika
DEO SPRAY AXE LEATHER 150 ml;334565;Axe;0.1500;L;4.55;30.33;;;02.05.2025;4.55;8710447285428;Kozmetika
D®EM DI.BO®A MARELICA 690 g;334611;Dida Boza;0.6900;kg;5.69;8.25;;;02.05.2025;5.69;3859893011832;Hrana
BRIJAÈ BEAUTY KISS 5 O©TRICA;334627;Beauty Kiss;1.0000;kom;6.63;6.63;;;02.05.2025;6.63;9100000965079;Kozmetika
PATRONE BEAUTY KISS 4/1;334628;Beauty Kiss;4.0000;kom;5.33;1.33;;;02.05.2025;5.33;9100000965055;Kozmetika
TAB.FINISH ALL IN ONE MAX 94/1;334657;Finish;94.0000;kom;18.95;0.20;;;02.05.2025;18.95;5997321736280;Sredstva za èi¹æenje
WOK MIX STRIBOR 350 g;334661;;0.3500;kg;2.39;6.83;;;02.05.2025;2.39;3858893250470;Hrana
KRALJEVSKA MJE©AVINA 200 g;334665;;0.2000;kg;1.69;8.45;;;02.05.2025;1.69;3858893250333;Hrana
BABY MJE©AVINA 100 g;334666;;0.1000;kg;1.56;15.60;;;02.05.2025;1.56;3858893250258;Hrana
BUTTERNUT TIKVA 350 g;334668;;0.3500;kg;2.29;6.54;;;02.05.2025;2.29;3858893250777;Hrana
BIO JAGODE NP 250 g;334671;Spar Natur pur;0.2500;kg;2.49;9.96;;;02.05.2025;2.49;9100000837857;Hrana
POSL.ZA PSE PEDIGR.RODEO 123 g;334676;Pedigree;0.1230;kg;1.79;14.55;;;02.05.2025;1.79;5998749141007;Proizvodi za kuæanstvo
GAZ.PIÆE COC.BEZ ©EÆ.0,33 L LI;334691;Cockta;0.3300;L;1.02;3.09;;;02.05.2025;1.02;3838471039956;Piæa
NATUR PUR JUNEÆA LEÐA BK;334698;SPAR Natur*pur;1.0000;KG;39.99;39.99;;;02.05.2025;38.99;9100200545583;Hrana
HRANA ZA MAÈKE SHEBA PILE.85 g;334701;Sheba;0.0850;kg;1.09;12.82;;;02.05.2025;1.09;4770608263881;Proizvodi za kuæanstvo
HRANA ZA MAÈKE SHEBA 4X85 g;334703;Sheba;0.3400;kg;3.29;9.68;;;02.05.2025;3.29;4770608257132;Proizvodi za kuæanstvo
HRANA ZA MAÈ.SHEBA PER.4X85 g;334706;Sheba;0.3400;kg;3.29;9.68;;;02.05.2025;3.29;4770608247683;Proizvodi za kuæanstvo
KAP. DG FLAT WHITE 187,2 g;334718;Nescafe;0.1872;kg;5.29;28.26;;5.29;02.05.2025;6.49;7613036595735;Piæa
FOLIJA ALUMINIJSKA 24 m;334720;;1.0000;kom;5.99;5.99;;;02.05.2025;5.99;3859893097706;Proizvodi za kuæanstvo
FOLIJA PRIJANJAJUÆA 30m;334724;;1.0000;kom;2.99;2.99;;;02.05.2025;2.99;3859893097003;Proizvodi za kuæanstvo
PAPIR ZA PEÈENJE 8m;334728;;1.0000;kom;3.49;3.49;;;02.05.2025;3.49;3859893097454;Proizvodi za kuæanstvo
HRANA ZA PSE CESAR GO.JE.150 g;334745;Cesar;0.1500;kg;1.79;11.93;;;02.05.2025;1.79;4008429158797;Proizvodi za kuæanstvo
CAPPUCC.S BUDGET ÈOKOL. 200 g;334764;S-Budget;0.2000;kg;1.99;9.95;;;02.05.2025;1.99;3856021214257;Piæa
CAPPUCC.S BUDGET CLASIC 200 g;334767;S-Budget;0.2000;kg;1.99;9.95;;;02.05.2025;1.99;3856021214219;Piæa
CAPPUCC.S BUDGET VAN. 200 g;334769;S-Budget;0.2000;kg;1.99;9.95;;;02.05.2025;1.99;3856021214233;Piæa
ÈOK.MILKA PLI©ANAC 96 g;334780;Milka;0.0960;kg;;10.31;0.99;1.99;02.05.2025;1.99;7622210857989;Hrana
USK.ZEC MILKA 45 g;334785;Milka;0.0450;kg;;4.22;0.19;0.49;02.05.2025;0.49;7622210587251;Hrana
GAZ.PIÆE SCHW.PINK GREJP 0,5 L;334841;Coca-Cola;0.5000;L;1.35;2.70;;;02.05.2025;1.35;5449000089496;Piæa
GAZ.PIÆE SCH.PINK GREJP 1 L;334842;Coca-Cola;1.0000;L;1.79;1.79;;;02.05.2025;1.79;5449000245236;Piæa
GAZ.PIÆ.SCHW.TONIK 1 L BEZ ©E.;334843;Schweppes;1.0000;L;1.79;1.79;;;02.05.2025;1.79;5449000064219;Piæa
GEL DESPAR SVE U 1 650 ml;334865;Despar;0.6500;L;4.48;6.89;;;02.05.2025;4.48;8001300899754;Sredstva za èi¹æenje
DESERT MLIJ.MONTE WHITE 150 g;334877;Zott;0.1500;kg;1.19;7.93;;;02.05.2025;1.19;4014500515571;Hrana
JOG.VOÆ.JOGOB. ZOTT 6X150g;334884;Zott;0.9000;kg;3.39;3.77;;;02.05.2025;3.39;3858883229127;Hrana
SLADOLED KONTIKI LEDO 4x70 ml;334965;Ledo;0.2800;L;;11.39;3.19;3.99;02.05.2025;3.99;3850116066394;Hrana
MAJ./KETCHUP ZVIJEZDA 165 g;334967;Zvijezda;0.1650;kg;2.39;14.48;;;02.05.2025;2.39;3856015321275;Hrana
MLIJ.ÈOK.LAG.JUTRO DUKAT 0,5 L;334972;Dukat;0.5000;L;1.75;3.50;;;02.05.2025;1.75;3850354015093;Hrana
ÈIPS DESPAR SLANI 180 g;334975;Despar;0.1800;kg;1.29;7.17;;;02.05.2025;1.29;8001300761587;Hrana
ÈIPS DESPAR PAPRIKA 150 g;334976;Despar;0.1500;kg;1.34;8.93;;;02.05.2025;1.32;8001300501459;Hrana
ÈIPS DESPAR RAJÈICA 150 g;334978;Despar;0.1500;kg;1.32;8.80;;;02.05.2025;1.32;8001300501442;Hrana
ÈIPS DESPAR LIMETA I PAP.150 g;334979;Despar;0.1500;kg;1.34;8.93;;;02.05.2025;1.32;8001300501435;Hrana
ÈIPS DESP.SLANI REBRASTI 180 g;334985;Despar;0.1800;kg;1.39;7.72;;;02.05.2025;1.39;8001300761433;Hrana
ÈIPS MEKI CLASSIC DESPAR 160 g;334986;Despar;0.1600;kg;1.52;9.50;;;02.05.2025;1.52;8001300501701;Hrana
ÈOK.MILKA SWING KEKS 100 g;335020;Milka;0.1000;kg;2.49;24.90;;;02.05.2025;2.49;7622201125721;Hrana
NAPOL.MANNER ÈOKOLADA 200 g;335027;Manner;0.2000;kg;2.29;11.45;;;02.05.2025;2.29;9000331627212;Hrana
NAPOL.MANNER ORIGINAL 200 g;335028;Manner;0.2000;kg;2.29;11.45;;;02.05.2025;2.29;9000331627229;Hrana
©AMPON FRUCTIS ALOE 400 ml;335034;Garnier;0.4000;L;4.39;10.98;;;02.05.2025;4.39;3600542134781;Kozmetika
KREMA CHEESECAKE Z BREG.500 g;335041;;0.5000;kg;3.99;7.98;;;02.05.2025;3.99;3850108058864;Hrana
DEO S.GARNIER MAGNESIUM 150 ml;335046;Garnier;0.1500;L;4.59;30.60;;;02.05.2025;4.59;3600542310437;Kozmetika
DEO ROLL ON GARN.MAGNES.50 ml;335048;Garnier;0.0500;L;4.59;91.80;;;02.05.2025;4.59;3600542309967;Kozmetika
MAJONEZA S-BUDGET 80% 275 ml;335049;S-BUDGET;0.2750;L;2.39;8.69;;;02.05.2025;2.39;9100000051710;Hrana
DEO ROLL ON GA.MAGNESIUM 50 ml;335055;Garnier;0.0500;L;4.59;91.80;;;02.05.2025;4.59;3600542310055;Kozmetika
SIR GOUDA NAREZ.S-BUDGET 400 g;335059;S-BUDGET;0.4000;kg;4.49;11.23;;;02.05.2025;4.49;9100000747569;Hrana
SIR FETA BIO NATUR PUR 150 g;335060;SPAR Natur*pur;0.1500;kg;2.79;18.60;;;02.05.2025;2.79;9100000039268;Hrana
SLAD.SNICKERS ©TAPIÆ 73,5 g;335191;Snickers;0.0740;kg;2.39;32.30;;;02.05.2025;2.39;5000159515481;Hrana
SLA.SNICKERS WHITE PRUT.40,8 g;335192;Snickers;0.0410;kg;1.29;31.46;;;02.05.2025;1.29;5000159509756;Hrana
SLAD.KIT KAT KORNET 110 ml;335196;Kitekat;0.1100;L;1.99;18.09;;;02.05.2025;1.99;5900130031460;Hrana
DET.NILA MY HAPPY COLORS 2,7 L;335223;Nila;2.7000;L;7.95;2.94;;;02.05.2025;4.59;3850105169662;Sredstva za èi¹æenje
DET.NILA SENSUAL BLACK 2,7 L;335225;Nila;2.7000;L;7.95;2.94;;;02.05.2025;4.59;3850105169631;Sredstva za èi¹æenje
SLADOLED HD VANILIJA 460 ml;335226;Häagen Dazs;0.4600;L;6.99;15.20;;;02.05.2025;6.99;3415581101836;Hrana
DET.NILA MY CUTE BABY 2,7 L;335227;Nila;2.7000;L;7.95;2.94;;;02.05.2025;4.59;3850105169600;Sredstva za èi¹æenje
KAVA FRANCK JUBILARNA 500 g;335236;Franck;0.5000;kg;10.29;20.58;;;02.05.2025;10.29;3858881088177;Piæa
DEO STI.OLD SPICE WHITEW.70 ml;335252;Old Spice;0.0700;L;;44.00;3.08;3.85;02.05.2025;3.85;5000174917710;Kozmetika
GIN GREAT HOUSE 1 L;335253;;1.0000;l;10.02;10.02;;;02.05.2025;10.02;3858892460092;Piæa
VODKA MOSKVA 1 L;335256;;1.0000;l;10.02;10.02;;;02.05.2025;10.02;3858892460078;Piæa
DEO S.OLD SPICE DEEP SEA 50 ml;335259;Old Spice;0.5000;L;;6.16;3.08;3.85;02.05.2025;3.85;8001841283906;Kozmetika
VINO ©KRLET LAGENA 0,75 L;335280;;0.7500;l;8.18;10.91;;;02.05.2025;8.18;3859893652011;Piæa
VINO MERLOT BUHAÈ 0,75 L;335282;;0.7500;l;8.78;11.71;;;02.05.2025;8.78;3859892110581;Piæa
TONIC FENTIMANS ROSE LE.0,75 L;335283;;0.7500;l;5.99;7.99;;;02.05.2025;5.99;5029396738767;Piæa
VINO GRA©EVINA KV.KRE©.0,75 L;335289;;0.7500;l;6.02;8.03;;;02.05.2025;6.02;3859892575014;Piæa
VINO CAB.SAUVIGKRE©IÆ 0,75 L;335306;;0.7500;l;6.02;8.03;;;02.05.2025;6.02;3859892575342;Piæa
VINO TRAMIN.KV.KRE©IÆ 0,75 L;335323;;0.7500;l;6.02;8.03;;;02.05.2025;6.02;3859892575076;Piæa
VINO GRIF.DARK SIDE 0,75 L;335334;;0.7500;l;16.52;22.03;;;02.05.2025;16.52;3859536305441;Piæa
PIVO KARLOVAÈKO 2 L PET;335335;Karlovacko;2.0000;L;3.42;1.71;;;02.05.2025;3.42;3850103902162;Piæa
VINO GRIFFIN SAUV.BLANC 0,75 L;335337;;0.7500;l;17.32;23.09;;;02.05.2025;17.32;3859536305403;Piæa
VINO GRIFFIN SING.VINE.0,75 L ;335338;;0.7500;l;15.62;20.83;;;02.05.2025;15.62;3859536305434;Piæa
PJENU©.GRIFFIN DARK SI.0,75 L ;335339;;0.7500;l;30.82;41.09;;;02.05.2025;30.82;3859536305472;Piæa
PJENU©. GRIFFIN BRUT VR.0,75 L;335341;;0.7500;l;23.22;30.96;;;02.05.2025;23.22;3859536305427;Piæa
JU©NE KOCKICE PIR NA.PUR 200 g;335347;Natur pur;0.2000;kg;2.38;11.90;;;02.05.2025;2.38;9100000834207;Hrana
FLIPS POM BAR ORIGINAL 50 g;335348;Pom Bär;0.0500;kg;0.99;19.80;;0.99;02.05.2025;1.19;3856021302718;Hrana
FLIPS POM BAR KETCHUP 50 g;335349;Pom Bär;0.0500;kg;0.99;19.80;;0.99;02.05.2025;1.19;3856021302756;Hrana
FLIPS POM BAR PAPRIKA 50 g;335350;Pom Bär;0.0500;kg;0.99;19.80;;0.99;02.05.2025;1.19;3856021302732;Hrana
SOL KUHINJSKA TUZLA SIT.250 g;335378;Tuzlanska Sol;0.2500;kg;1.99;7.96;;;02.05.2025;1.99;3870009000427;Hrana
LIKER VI©NJEVAC ÐANIÆ  0,5 L;335382;;0.5000;l;15.38;30.76;;;02.05.2025;15.38;3859891109371;Piæa
RAKIJA ©LJIVOVICA ÐANIÆ 0,5 L;335383;;0.5000;l;15.38;30.76;;;02.05.2025;15.38;3859891109142;Piæa
LIKER BOROVNICA ÐANIÆ 0,5 L;335384;;0.5000;l;15.38;30.76;;;02.05.2025;15.38;3859891109999;Piæa
VINO MOUTON CADET SAUVI.0,75 L;335396;Mouton Cadet;0.7500;l;14.52;19.36;;;02.05.2025;14.52;3262152001756;Piæa
PJEN.COLETTI BLANC NAT. 0,75 L;335438;;0.7500;l;16.88;22.51;;;02.05.2025;16.88;3859889817615;Piæa
GAZ.PIÆE COCA COLA 12X150 ml;335439;Coca-Cola;1.8000;L;6.79;3.77;;;02.05.2025;6.79;5449000034229;Piæa
GAZ.PIÆE COCA C.ZERO 12X150 ml;335440;Coca-Cola;1.8000;L;6.79;3.77;;;02.05.2025;6.79;5449000138156;Piæa
DEO SP.OLD DEEP SEA MIN.150 ml;335441;Old Spice;0.1500;L;;20.53;3.08;3.85;02.05.2025;3.85;8001841282473;Kozmetika
VINO PINOT CRNI KOLARIÆ 0,75 L;335442;;0.7500;l;22.28;29.71;;;02.05.2025;22.28;3859889817516;Piæa
VINO PINOT SIVI KOLARIÆ 0,75 L;335444;;0.7500;l;13.52;18.03;;;02.05.2025;13.52;3859889817240;Piæa
VINO STARE SOR.KOLARIÆ 0,75 L;335446;;0.7500;l;10.12;13.49;;;02.05.2025;10.12;3859889817271;Piæa
VINO GRA©EVINA KOLARIÆ 1 L;335448;;1.0000;l;4.99;4.99;;;02.05.2025;4.99;3859889817158;Piæa
GEL OLD SPICE ROCK 400 ml;335449;Old Spice;0.4000;L;2.99;7.48;;2.99;02.05.2025;3.49;8001841326207;Kozmetika
VL.TP LOVELY BADEM 60/1 ;335456;Lovely;60.0000;kom;1.29;0.02;;;02.05.2025;1.29;9100000007359;Toaletne potrep¹tine
GINGER BEER THOMAS HENR.0,75 L;335484;;0.7500;l;5.02;6.69;;;02.05.2025;5.02;4251760802540;Piæa
TONIC WATE.THOMAS HENRY 0,75 L;335485;;0.7500;l;5.02;6.69;;;02.05.2025;5.02;4251760802526;Piæa
GEL OLD SPICE DEEP SEA 400 ml;335486;Old Spice;0.4000;L;;7.70;3.08;3.85;02.05.2025;3.85;8001841326153;Kozmetika
RAKIJA WILLIAM RONER 0,7 L;335487;;0.7000;l;29.99;42.84;;;02.05.2025;29.99;8002345007203;Piæa
PJE.BOTTEGA MILLESIMATO 0,75 L;335493;;0.7500;l;8.99;11.99;;;02.05.2025;8.99;8005829231507;Piæa
VINO CONTENDA MERLOT 0,75 L;335502;;0.7500;l;4.02;5.36;;;02.05.2025;4.02;8410702016025;Piæa
VINO CONTEN. CHARDONNAY 0,75 L;335503;;0.7500;l;4.02;5.36;;;02.05.2025;4.02;8410702033435;Piæa
VINO CONTENDA SHIRAZ 0,75 L;335504;;0.7500;l;4.02;5.36;;;02.05.2025;4.02;8410702033459;Piæa
VINO CONTENDA CAB.SAUV.0,75 L;335505;;0.7500;l;4.02;5.36;;;02.05.2025;4.02;8410702033442;Piæa
©AM.FR.HAIR FOOD BANANA 350 ml;335509;Garnier;0.3500;L;5.19;14.83;;;02.05.2025;5.19;3600542290012;Kozmetika
©AM.FRU.HAIR FOOD PAPAY.350 ml;335510;Garnier;0.3500;L;5.19;14.83;;;02.05.2025;5.19;3600542289979;Kozmetika
REG.FRU.HAIR FOOD BANA.350 ml;335513;Garnier;0.3500;L;5.19;14.83;;;02.05.2025;5.19;3600542290272;Kozmetika
PRAL.LINDT LINDOR PISTAC.200 g;335549;Lindt;0.2000;kg;6.98;34.90;;;02.05.2025;6.98;8003340801674;Hrana
PULLED PORK TANN, 500g;335553;Tann;0.5000;kg;6.63;13.26;;;02.05.2025;6.63;9100200520573;Hrana
PULLED BEEF TANN, 500g;335555;Tann;0.5000;kg;11.94;23.88;;;02.05.2025;11.94;9100200520580;Hrana
REG.FRU.HAIR FOOD PAPAY.350 ml;335558;Garnier;0.3500;L;5.19;14.83;;;02.05.2025;5.19;3600542290289;Kozmetika
Pr¹ut adriatic;335588;Pisinium;1.0000;kg;24.99;24.99;;24.99;02.05.2025;24.99;3858884938134;Hrana
PANCETA DIMLJENA 200 g;335589;Pisinium;0.2000;kg;5.29;26.45;;;02.05.2025;5.29;3858884935935;Hrana
SPR.PITROID UNIVERZALNI 400ml;335591;Pitroid;0.4000;L;5.49;13.73;;;02.05.2025;5.49;3856007907760;Proizvodi za kuæanstvo
MEÐIMURS. GIBANICA PREMI.530 g;335598;SPAR Premium;0.5300;kg;5.79;10.92;;;02.05.2025;5.79;3856021214752;Hrana
NAP.CEDEVITA FRESH LIM.340 ml;335617;Cedevita;0.3400;L;1.12;3.29;;;02.05.2025;1.12;3850322013380;Piæa
NAP.CEDEVITA FR.BAZ/LIM.340 ml;335618;Cedevita;0.3400;L;1.12;3.29;;;02.05.2025;1.12;3850322013427;Piæa
NAP.CEDEVITA FRESH LIME.340 ml;335619;Cedevita;0.3400;L;1.12;3.29;;;02.05.2025;1.12;3850322013403;Piæa
NAP.CED.FR.CR.NARAN.340 ml;335620;Cedevita;0.3400;L;1.12;3.29;;;02.05.2025;1.12;3850322013632;Piæa
NAP.CED.FRESH NARANÈA 340 ml;335621;Cedevita;0.3400;L;1.12;3.29;;;02.05.2025;1.12;3850322013366;Piæa
TUR©IJA VH 740 g;335624;SPAR Kroatische Gärten;0.4000;kg;3.59;8.98;;;02.05.2025;3.59;3856021215377;Hrana
KARAMELA WERTHERS SOFT 75 g;335632;Werthers Original;0.0750;kg;1.25;16.67;;;02.05.2025;1.25;4014400923506;Hrana
BOM.NIMM2 RED FRUITS SOFT.90 g;335633;Nimm 2;0.0900;kg;1.25;13.89;;;02.05.2025;1.25;4014400923599;Hrana
BOM.NIMM2 SOFT FIZZY 90 g;335634;Nimm 2;0.0900;kg;1.25;13.89;;;02.05.2025;1.25;4014400919325;Hrana
ÈOK.KNOPPERS NUTBAR 40 g;335635;Knoppers;0.0400;kg;0.79;19.75;;;02.05.2025;0.79;40144450;Hrana
ÈOK.KNOPPERS NUTBAR 120 g;335636;Knoppers;0.1200;kg;1.99;16.58;;;02.05.2025;1.99;4014400929058;Hrana
BOM.SKITTLES WILD BERRY 95 g;335647;Skittles;0.0950;kg;1.59;16.74;;;02.05.2025;1.59;4009900510837;Hrana
BOM.SKITTLES CRAZY SOUR 95 g;335648;Skittles;0.0950;kg;1.59;16.74;;;02.05.2025;1.59;4009900510851;Hrana
BOM.SKITTLES FRUITS 95 g;335649;Skittles;0.0950;kg;1.59;16.74;;;02.05.2025;1.59;4009900510813;Hrana
NAP.PROTEIN.KOKOS Z BREG.0,5 L;335650;Z Bregov;0.5000;L;2.49;4.98;;;02.05.2025;2.49;3850108023657;Hrana
NAP.PROTEIN.ÈOKOL.Z BREG.0,5 L;335651;Z Bregov;0.5000;L;2.49;4.98;;;02.05.2025;2.49;3850108023664;Hrana
NAP.PROTEIN.KEKS Z BREG.0,5 L;335652;Z Bregov;0.5000;L;2.49;4.98;;;02.05.2025;2.49;3850108023671;Hrana
NAP.PROT.ÈOK/KIK.Z BREG.0,5 L;335653;Z Bregov;0.5000;L;2.49;4.98;;;02.05.2025;2.49;3850108023688;Hrana
KAJZERICA S-BUDGET 6/1 420 g;335663;S-BUDGET;0.4200;kg;1.25;2.98;;;02.05.2025;1.25;9100000834627;Hrana
ÈOK.TOBLERONE NUT&FRUIT 100 g;335671;Toblerone;0.1000;kg;1.89;18.90;;1.89;02.05.2025;2.99;7622201137175;Hrana
®VAKE JUICY FRU.COLA TAPE 56 g;335700;Wrigley;0.0560;kg;2.29;40.89;;;02.05.2025;2.29;4009900535410;Hrana
KRE.ELEPHANT SENF&MED&LUK 70 g;335716;Elephant;0.0700;kg;1.39;19.86;;;02.05.2025;1.39;5949040202058;Hrana
KREK.ELEP.RAJÈ.&ZAÈ.BILJE 70 g;335717;Elephant;0.0700;kg;1.39;19.86;;;02.05.2025;1.39;5949040203000;Hrana
SAP.DALAN SPRING FLOWER 100 g;335719;Dalan;0.1000;kg;0.59;5.90;;;02.05.2025;0.59;8690529507641;Kozmetika
PIVO MED.PAK.6X0,5L;335720;;3.0000;L;8.99;3.00;;;02.05.2025;8.99;3859893357060;Piæa
BRANCIN SVJE®I OÈI©ÆENI 360 g;335732;;0.3600;kg;5.49;15.25;;4.99;02.05.2025;6.29;3858890596809;Hrana
ORADA SVJE®A OÈI©ÆENA 360 g;335735;;0.3600;kg;6.49;18.03;;;02.05.2025;6.49;3858890596816;Hrana
PUD. DUO ÈOKOLAD.CREMORE 190 g;335741;Zott;0.1900;kg;0.89;4.68;;;02.05.2025;0.89;4014500518145;Hrana
KOBASICA VELEBITSKA 350 g;335762;Gavrilovic;0.3500;kg;3.75;10.71;;;02.05.2025;3.75;3858892721339;Hrana
©UNKA ZA PIZZU 350 g;335763;Gavrilovic;0.3500;kg;3.29;9.40;;;02.05.2025;3.29;3858892721315;Hrana
PECIVO S-BUDG.VI©EZRNATO 360 g;335787;S-BUDGET;0.3600;kg;1.29;3.58;;;02.05.2025;1.30;9100000038230;Hrana
PANCETA ISTARSKA 200 g;335793;Pisinium;0.2000;kg;5.29;26.45;;;02.05.2025;5.29;3858884937298;Hrana
KRUH TRAJNI PROTEINSKI 250 g;335808;SPAR Natur*pur;0.2500;kg;1.89;7.56;;;02.05.2025;1.85;9100000834221;Hrana
PROIZ.ZA ©LAG MIX HOPLA 250 g;335810;;0.2500;kg;2.49;9.96;;;02.05.2025;2.49;8000005026069;Hrana
KREMA AMBRE SOLAIR SPF50 40 ml;335824;LOREAL;0.0400;L;13.49;337.25;;;02.05.2025;13.49;3600542297813;Kozmetika
PJENA SAMOTAM.AMBER S.200 ml;335825;LOREAL;0.2000;L;14.49;72.45;;;02.05.2025;14.49;3600542298278;Kozmetika
MAR.ZEWA SOFTIS DESIGN 80/1;335833;Zewa;80.0000;kom;2.35;0.03;;;02.05.2025;2.35;7322540441574;Toaletne potrep¹tine
TEK.SAPUN AFRODITA LEMON G.1 L;335834;Afrodita;1.0000;kom;5.99;5.99;;;02.05.2025;5.99;3831070652847;Kozmetika
VINO ROSE ÐAKOVO 0,75 L;335841;;0.7500;l;6.69;8.92;;;02.05.2025;6.69;3859888932760;Piæa
UM.PAD THAI BLUE DRAGON 120 g;335859;Blue Dragon;0.1200;kg;;12.42;1.49;2.19;02.05.2025;2.19;5010338101176;Hrana
UMAK PATAK´S TANDORI 450 g;335862;Blue Dragon;0.4500;kg;;8.87;3.99;5.79;02.05.2025;5.79;5011308303460;Hrana
CROIS.7 DAY´S KAKAO/VANIL.240g;335864;7 Day's;0.2400;kg;3.99;16.63;;;02.05.2025;3.99;7622202049309;Hrana
Sir Tilzit  AMMERLAND 45%m.m.;335865;;1.0000;kg;9.99;9.99;;;02.05.2025;9.99;3858890211597;Hrana
SLAD.MANGO INDY&PIPPA 115 g;335868;Indy & Pippa;0.1150;kg;2.65;23.04;;;02.05.2025;2.65;3831110701450;Hrana
SLA.MANGO INDY&PIPPA 350 g;335870;Indy & Pippa;0.3500;kg;6.63;18.94;;;02.05.2025;6.63;3831110701467;Hrana
BRA©NO INT.ZOBENO FARINA 800 g;335903;Farina;0.8000;kg;1.99;2.49;;;02.05.2025;1.99;3858887101047;Hrana
DE.ROLL ON NIVEA B&W ULT.50 ml;335906;Nivea;0.0500;L;4.99;99.80;;;02.05.2025;4.99;42397717;Kozmetika
DE.ROLL ON NIVEA B&W ULT.50 ml;335909;Nivea;0.0500;L;4.99;99.80;;;02.05.2025;4.99;42397663;Kozmetika
DEO SPRAY NIVEA B&W ULT.150 ml;335911;Nivea;0.1500;L;4.99;33.27;;;02.05.2025;4.99;9005800329659;Kozmetika
DET.PUR CARE ALOVE VERA  1,2 L;335921;Pur;1.2000;L;;2.49;2.99;4.79;02.05.2025;4.79;9000101386080;Sredstva za èi¹æenje
DET.PUR S.o CHEF LEMON 1,2 L;335925;Pur;1.2000;L;;2.49;2.99;4.79;02.05.2025;4.79;9000101386295;Sredstva za èi¹æenje
DET.PUR CHEF LEMON 750 ml;335927;Pur;0.7500;L;1.89;2.52;;1.79;02.05.2025;1.89;9000101386356;Sredstva za èi¹æenje
DET.PUR CARE HANDS/NAIL.750 ml;335930;Pur;0.7500;L;1.89;2.52;;1.79;02.05.2025;1.89;9000101386837;Sredstva za èi¹æenje
SIRUP MAUTNER BAZGA 0,7 L;335942;Mautner Markhof;0.7000;L;4.62;6.60;;;02.05.2025;4.62;9011900195605;Piæa
SIRUP MAUTNER MALINA LIM.0,7 L;335944;Mautner Markhof;0.7000;L;4.62;6.60;;;02.05.2025;4.62;9011900180076;Piæa
SIRUP MAUTNER CR.RIBIZL 0,7 L;335948;Mautner Markhof;0.7000;L;4.62;6.60;;;02.05.2025;4.62;9011900196763;Piæa
DE.ROLL ON MELEM DR.ULJA 50 ml;335950;Melem;0.0500;L;3.59;71.80;;;02.05.2025;3.59;3856007907524;Kozmetika
DEO SPRAY MELEM DR.ULJA 150 ml;335954;Melem;0.1500;L;3.99;26.60;;;02.05.2025;3.99;3856007907609;Kozmetika
DEO SPRAY MELEM RU®A 150 ml;335955;Melem;0.1500;L;3.99;26.60;;;02.05.2025;3.99;3856007907616;Kozmetika
SR.CALGON PROTIV KAMENCA 700 g;335957;Calgon;0.7000;kg;8.99;12.84;;;02.05.2025;8.99;5999109510594;Sredstva za èi¹æenje
DEO STICK MELEM DRA.ULJA 50 ml;335958;Melem;0.0500;kom;5.89;117.80;;;02.05.2025;5.89;3856007907562;Kozmetika
PEKM.BIOBAZA ROYAL SUN 150ml;335970;Biobaza;0.1500;l;9.59;63.93;;;02.05.2025;9.59;3856020905378;Kozmetika
MARME.SUHO ULJE AFRODITA 150ml;335976;Afrodita;0.1500;L;14.99;99.93;;;02.05.2025;14.99;3831070652618;Kozmetika
ML.AFODITA.SPF30 SPRAY200ml;335978;Afrodita;0.2000;L;18.99;94.95;;;02.05.2025;18.99;3831070656456;Kozmetika
GEL AFRODITA ALOE VERA 150ml;335980;Afrodita;0.1500;L;10.99;73.27;;;02.05.2025;10.99;3831070656463;Kozmetika
LOS.PIQUIT REPEL ACTIVE 100 ml;335981;Olival;0.1000;L;9.59;95.90;;;02.05.2025;9.59;3858892692707;Kozmetika
LOS.PIQUIT REPEL.EVERYDA100 ml;335982;Olival;0.1000;L;7.59;75.90;;;02.05.2025;7.59;3858892692738;Kozmetika
ML.PIQUIT REPEL.SENSITI 100 ml;335983;Olival;0.1000;L;7.99;79.90;;;02.05.2025;7.99;3858892692769;Kozmetika
KUP.FELCE A.KOKOS I BAM.650 ml;336024;Felce Azzurra;0.6500;L;4.19;6.45;;;02.05.2025;4.19;8001280068096;Kozmetika
KOB.DOM.S CRVENOM PAPRIKOM VP;336025;Medven;1.0000;kg;13.59;13.59;;;02.05.2025;13.59;3859893326653;Hrana
ÈOKOLADA RIKI RI®A ORIGIN.75 g;336029;Kandit;0.0750;kg;1.59;21.20;;;02.05.2025;1.59;3856024800679;Hrana
TJESTENINA MAGGI GLJIVE 59,2 g;336031;Maggi;0.0592;kg;0.79;13.34;;;02.05.2025;0.79;5201219488862;Hrana
TJESTEN.MAGGI GOVEDINA 59,2 g;336037;Maggi;0.0592;kg;0.79;13.34;;;02.05.2025;0.79;5201219488794;Hrana
TJESTEN.MAGGI PILETINA 59,2 g;336040;Maggi;0.0592;kg;0.79;13.34;;;02.05.2025;0.79;5201219488800;Hrana
UNIVE.DEZINFICI. LABPRO 650 ml;336057;LABPRO;0.6500;L;4.19;6.45;;;02.05.2025;4.19;3850111755132;Sredstva za èi¹æenje
KOKOSOVO MLIJEKO B.D. 400 ml;336093;Blue Dragon;0.4000;l;;5.98;2.39;3.49;02.05.2025;3.49;5010338014339;Hrana
VODA PRIR.IZV.CETINA 0,75 L SÈ;336112;Cetina;0.7500;L;.75;1.00;;;02.05.2025;.75;3859890129790;Piæa
PIVO O®UJ.0,5L LIM 6X0,5 L ZP;336114;O¾ujsko;3.0000;L;7.67;2.56;;;02.05.2025;7.67;3850131005682;Piæa
SUN KISS LIP BALM LSF 30 4,8g;336135;Sun Kiss;1.0000;kom;1.59;1.59;;;02.05.2025;1.59;9100000985640;Kozmetika
LOS.NIVEA SUN BRONZE 200ml;336147;Nivea;0.2000;L;11.99;59.95;;;02.05.2025;11.99;9005800326788;Kozmetika
LOS.NIVEA SUN SENSITIVE 175ml;336149;Nivea;0.1750;L;8.29;47.37;;;02.05.2025;8.29;4005900702630;Kozmetika
PATRONE GILLETTE FUSION 12/1;336172;Gillette;12.0000;kom;48.99;4.08;;;02.05.2025;48.99;7702018441075;Kozmetika
KEKS OREO ORIGINAL 264 g;336173;Oreo;0.2640;kg;3.29;12.46;;;02.05.2025;2.19;7622201401771;Hrana
SLA.©TAPIÆ CLASSIC SB 6x110 ml;336175;S-Budget;0.6600;L;4.99;7.56;;;02.05.2025;4.99;9100000444772;Hrana
SLAD.©TAPIÆ BADEM SB 6x120 ml;336176;S-Budget;0.7200;L;4.99;6.93;;;02.05.2025;4.99;9100000444796;Hrana
PATRONE MACH3 12/1;336177;Gillette;12.0000;kom;29.99;2.50;;;02.05.2025;29.99;3014260323240;Kozmetika
VINO MERLOT LAGUNA 3 L;336218;Agrolaguna;3.0000;l;13.49;4.50;;;02.05.2025;13.49;3858881191877;Piæa
JAJA SVJ.VRTOVI HR RAZ.VEL10/1;336225;SPAR Kroatische Gärten;10.0000;kom;3.19;0.32;;;02.05.2025;3.19;3856021215841;Hrana
GIN TONIC BEEFEATER 0,25 L;336226;Beefeater;0.2500;l;2.52;10.08;;;02.05.2025;2.52;5000299618431;Piæa
GIN TONIC BEEFEAT.PINK 0,25 L;336228;Beefeater;0.2500;l;2.52;10.08;;;02.05.2025;2.52;5000299618448;Piæa
GIN BEEFEATER BL. ORANGE 0,7 L;336231;Beefeater;0.7000;l;22.02;31.46;;;02.05.2025;22.02;5000299618240;Piæa
JAJA BIO NATUR PUR  6/1;336235;Natur pur;6.0000;kom;2.65;0.44;;;02.05.2025;2.65;3856021215827;Hrana
MARAMICE SANYTOL 36/1;336274;Sanytol;36.0000;kom;3.39;0.09;;;02.05.2025;3.39;8411660000224;Sredstva za èi¹æenje
KA©ICA HIPP MRK.KRU.GOV.250 g;336296;Hipp;0.2500;kg;2.22;8.88;;;02.05.2025;2.22;4062300261303;Hrana
PRELJEV DES.KARAMEL 230 g;336299;Sladki Greh;0.2300;kg;3.79;16.48;;;02.05.2025;3.79;3838900034330;Hrana
PRELJEV DES.JAGODA 250 g;336300;Sladki Greh;0.2500;kg;3.79;15.16;;;02.05.2025;3.79;3838900032909;Hrana
VODA SARA MINER.NEG.1,5 L;336316;Sara;1.5000;L;.82;0.55;;;02.05.2025;.82;3875000181779;Piæa
MAJONEZA OD SVJ.JAJA 255 g;336317;Zvijezda;0.2550;kg;3.19;12.51;;;02.05.2025;3.19;3856015321244;Hrana
MLIJEKO SUN KISS LF30 200 ml;336321;Sun Kiss;0.2000;L;5.99;29.95;;;02.05.2025;6.10;9100000982014;Kozmetika
SP.DJ.SUN KISS LF50+ 150 ml;336322;Sun Kiss;0.1500;L;7.99;53.27;;;02.05.2025;7.99;9100000982137;Kozmetika
SP.DJ.SUN KISS LF30 150 ml;336323;Sun Kiss;0.1500;L;5.29;35.27;;;02.05.2025;5.31;9100000016467;Kozmetika
LOSION PO.SUNÈ.SUN KISS 200 ml;336328;Sun Kiss;0.2000;L;2.29;11.45;;;02.05.2025;2.29;9100000960180;Kozmetika
MLIJE.SUN KISS LF50 200 ml;336329;Sun Kiss;0.2000;L;6.63;33.15;;;02.05.2025;6.63;9100000982038;Kozmetika
PUREÆI FILE 750 g;336334;;0.7500;kg;11.49;15.32;;;02.05.2025;11.49;3850339402597;Hrana
SLAD.MAGNUM BADEM VEGAN 90 ml;336340;Magnum;0.0900;L;2.49;27.67;;;02.05.2025;2.49;8714100658277;Hrana
SIR MOZZAR.BOCCO.GALBANI 200 g;336359;Galbani;0.2000;kg;3.19;15.95;;;02.05.2025;3.19;8595021607786;Hrana
Donut Enjoy bijela èokola.56 g;336366;SPAR enjoy;0.0560;kg;0.79;14.11;;;02.05.2025;0.79;8590325509507;Hrana
VINO MALVAZ.DEKLIÆ 0,75 L;336367;;0.7500;l;15.89;21.19;;;02.05.2025;15.89;3857500030214;Piæa
Donut Enjoy kakao 56 g;336368;SPAR enjoy;0.0560;kg;0.69;12.32;;;02.05.2025;0.69;8590325509514;Hrana
ULJE MASL.EX.DJ.ZLATNO 0,75 L;336369;Orgula;0.7500;L;14.99;19.99;;;02.05.2025;14.99;3859890446545;Hrana
LUK LJUTIKA VH 500 g;336371;SPAR Kroatische Gärten;0.5000;kg;2.49;4.98;;;02.05.2025;2.49;3856021216657;Hrana
VINO MU©KAT ®UTI DEKLIÆ 0,50 L;336374;;0.5000;l;16.99;33.98;;;02.05.2025;16.99;3857500030238;Piæa
VINO ROSE DEKLIÆ 0,75 L;336375;;0.7500;l;16.09;21.45;;;02.05.2025;16.09;3857500030283;Piæa
VINO TERAN DEKLIÆ 0,75 L;336376;;0.7500;l;20.49;27.32;;;02.05.2025;20.49;3857500030290;Piæa
NAMAZ NUTELLA LJE©NJAK 600 g;336387;Nutella;0.6000;kg;6.79;11.32;;;02.05.2025;6.49;8000500179864;Hrana
BOJA PALETTE  DELUXE U71;336441;Palette;1.0000;kom;;4.99;4.99;5.99;02.05.2025;5.99;9000101267303;Kozmetika
BOJA PALETTE  DELUXE 900;336444;Palette;1.0000;kom;;4.99;4.99;5.99;02.05.2025;5.99;9000100966665;Kozmetika
KREM©NITA S-BUDGET 2/1 300 g;336450;S-BUDGET;0.3000;kg;2.59;8.63;;;02.05.2025;2.59;3856021216558;Hrana
ZAGRE.KREM©NITA S-BUD.300 g;336452;S-BUDGET;0.3000;kg;2.59;8.63;;;02.05.2025;2.59;3856021216534;Hrana
BOJA SYOSS OLEO 10-50 PEP.PL.;336463;Syoss;1.0000;kom;6.79;6.79;;;02.05.2025;6.49;9000100999120;Kozmetika
BOJA SYOSS OLEO 3-10 TAMNOSM.;336464;Syoss;1.0000;kom;6.79;6.79;;;02.05.2025;6.49;9000100840743;Kozmetika
BOJA LIVE COLOR UM U72;336467;LIVE;1.0000;kom;7.95;7.95;;;02.05.2025;7.95;9000101234138;Kozmetika
BOJA LIVE COLOR XXL UB 92;336473;LIVE;1.0000;kom;8.39;8.39;;;02.05.2025;8.39;9000101069099;Kozmetika
LOS.NEUTROGENA SUHA/OSJ.400 ml;336502;Neutrogena;0.4000;L;8.99;22.48;;;02.05.2025;8.99;3574660527452;Kozmetika
MLIJ.UHT 2,8% Z BREGOV 6x1 L;336506;Z Bregov;6.0000;L;5.54;0.92;;;02.05.2025;5.34;3850108020922;Hrana
KAPS.DG LATTE MACCHIATO183,2 g;336591;Nescafe;0.1832;kg;5.29;28.88;;5.29;02.05.2025;6.49;7613037491159;Piæa
ÈAJNO PEC.SPAR LINCERI 1100g;336592;SPAR Qualitätsmarke;1.1000;kg;5.79;5.26;;;02.05.2025;4.69;3856021216381;Hrana
ÈOK.MERCI NARANÈA BADEM 100 g;336606;Merci;0.1000;kg;2.79;27.90;;;02.05.2025;2.79;4014400925265;Hrana
SLAD.VANILIJA BURBON LEDO 2 L;336612;Ledo;2.0000;L;5.99;3.00;;;02.05.2025;5.99;3850116035543;Hrana
DEO SPR.FELCE A.CLASSIC 150 ml;336623;Felce Azzurra;0.1500;L;3.79;25.27;;;02.05.2025;3.79;8001280411762;Kozmetika
DEO SPR.FELCE A.COMFORT 150 ml;336626;Felce Azzurra;0.1500;L;3.79;25.27;;;02.05.2025;3.79;8001280031229;Kozmetika
LABPRO SAPUN S DEZINFIC.500 ml;336627;LABPRO;0.5000;L;2.45;4.90;;;02.05.2025;2.45;3850111755156;Kozmetika
PEC.HOT DOG S-BUDGET 4/1 250 g;336634;S-BUDGET;0.2500;kg;1.99;7.96;;;02.05.2025;1.99;3856021215711;Hrana
PECIVO HAMBI S-BUDGET  340 g;336638;S-BUDGET;0.3400;kg;2.09;6.15;;;02.05.2025;2.09;3856021215698;Hrana
ÈIPS ÈIPI ÈIPS PAPRIKA 130 g;336650;Chio;0.1300;kg;1.09;8.38;;;02.05.2025;1.09;3856021302947;Hrana
BOMB.BEBETO DUGA KISELI 80 g;336662;Bebeto;0.0800;kg;0.99;12.38;;;02.05.2025;0.99;8690146122814;Hrana
POSL.ZA MAÈKE VITAK.LOS.60 g;336687;Vitakraft;0.0600;kom;1.59;26.50;;;02.05.2025;1.59;4008239288158;Proizvodi za kuæanstvo
POSL.ZA MAÈKE VITAK.PUR.40 g;336688;Vitakraft;0.0400;kom;1.99;49.75;;;02.05.2025;1.99;4008239358219;Proizvodi za kuæanstvo
©PAGA ZA PSE FLEXI FUN S;336692;Vitakraft;1.0000;kom;15.99;15.99;;;02.05.2025;15.52;4000498027691;Proizvodi za kuæanstvo
©PAGA ZA PSE FLEXI FUN M;336695;Vitakraft;1.0000;kom;16.19;16.19;;;02.05.2025;16.19;4000498027790;Proizvodi za kuæanstvo
OVRATNIK ZA PSE BIOCIDNI 35 cm;336696;;1.0000;kom;3.89;3.89;;;02.05.2025;3.82;3838964197705;Proizvodi za kuæanstvo
POSL.ZA PSE VITAK.BON.80 g;336698;Vitakraft;0.0800;kg;3.49;43.63;;;02.05.2025;3.49;4008239585745;Proizvodi za kuæanstvo
VINO MU©KAT ®UTI TOM©.0,75 L;336700;;0.7500;l;9.32;12.43;;;02.05.2025;9.32;3859892532307;Piæa
VINO CHARDONNAY KUNÈIÆ 0,75 L;336703;;0.7500;l;12.69;16.92;;;02.05.2025;12.69;3857500065735;Piæa
VINO MU©KAT ®UTI  KUNÈIÆ 0,75L;336704;;0.7500;l;13.99;18.65;;;02.05.2025;13.99;3857500065711;Piæa
VINO PU©IPEL KUNÈIÆ  0,75 L;336705;;0.7500;l;12.12;16.16;;;02.05.2025;12.12;3857500065766;Piæa
®ITNA KA©ICA ÈOKOLINO BG.200 g;336722;Èokolino;0.2000;kg;2.99;14.95;;;02.05.2025;2.99;3856020240998;Hrana
KA©ICA FRUTEK PI©K.JAB.100 g;336724;Fructal;0.1000;kg;1.39;13.90;;;02.05.2025;1.39;3838945038003;Hrana
GEL ZA TU©.LACTOVIT ORIG.600ml;336766;Lactovit;0.6000;L;3.98;6.63;;;02.05.2025;3.98;8411135350342;Kozmetika
GEL ZA TU©.LACTOVIT LAC.600ml;336770;Lactovit;0.6000;L;3.98;6.63;;;02.05.2025;3.98;8411135351721;Kozmetika
GEL ZA TU©.LACTOVIT OIL 600 ml;336775;Lactovit;0.6000;L;3.98;6.63;;;02.05.2025;3.98;8411135351820;Kozmetika
KRPA SPU®VASTA 3+1 GRATIS;336843;;4.0000;kom;2.99;0.75;;;02.05.2025;2.99;3872292006599;Proizvodi za kuæanstvo
SPU®VA ABRAZIVNA 3+1 GRATIS;336844;;4.0000;kom;1.99;0.50;;;02.05.2025;1.99;3872292003444;Proizvodi za kuæanstvo
NAPITAK NATUR PUR BADEM 1 L;336857;Spar Natur pur;1.0000;l;3.09;3.09;;;02.05.2025;3.09;9100000836959;Piæa
NAPITAK NATUR PUR RI®A KOK.1 L;336860;Spar Natur pur;1.0000;l;2.29;2.29;;;02.05.2025;2.29;9100000836973;Piæa
COCKTAIL TAIGA FIRE 0,275L;336881;Weingut Schloss Fels;0.2750;l;1.72;6.25;;;02.05.2025;1.72;9100000710426;Piæa
SRED. DESPAR LAVANDA 1 L;336938;Despar;1.0000;L;1.59;1.59;;;02.05.2025;1.59;8001300891383;Sredstva za èi¹æenje
SUHA ©UNKA VITAL 100 g;336940;SPAR Vital;0.1000;kg;2.49;24.90;;;02.05.2025;2.52;3856021214530;Hrana
UL.CAREFREE COTTON ALOE 76/1;336956;Carefree;76.0000;kom;3.89;0.05;;;02.05.2025;3.79;3574660464368;Toaletne potrep¹tine
UL.CAREFREE COTTON FRESH 76/1;336959;Carefree;76.0000;kom;3.89;0.05;;;02.05.2025;3.79;3574660464429;Toaletne potrep¹tine
RO©TILJKE S DIVLJAÈI 320 g;336969;Lovski;0.3200;kg;5.69;17.78;;;02.05.2025;5.69;3859893534218;Hrana
OS.PIÆE CAPPY LIIMUN 0,4 L;336988;Cappy;0.4000;L;1.19;2.98;;;02.05.2025;1.19;5449000275639;Piæa
FLIPS LINO MRKVA 35 g;337004;Lino;0.0350;kg;1.89;54.00;;;02.05.2025;1.90;3856020241025;Hrana
NEK.S-BUDGET JAB. ©UM.VOÆE 2 L;337043;S-Budget;2.0000;L;1.85;0.93;;;02.05.2025;1.85;3856021214363;Piæa
KAVA JUL.MEIN.ESPRE.CREMA 56 g;337078;JULIUS MEINL;0.0560;kg;5.79;103.39;;;02.05.2025;5.39;9000403940294;Piæa
KAVA JUL.MEINL BEZ KOFE. 56 g;337083;JULIUS MEINL;0.0560;kg;5.79;103.39;;;02.05.2025;5.39;9000403940331;Piæa
KAVA J.MEINL.LUNGO ARAB. 56 g;337087;JULIUS MEINL;0.0560;kg;5.79;103.39;;;02.05.2025;5.39;9000403933647;Piæa
IZBJELJIVAÈ S BUDGET 2 L;337089;S-Budget;2.0000;L;0.99;0.50;;;02.05.2025;1.15;8056149087077;Sredstva za èi¹æenje
KAVA JUL.MEINL LUNGO CLAS.56 g;337092;JULIUS MEINL;0.0560;kg;5.79;103.39;;;02.05.2025;5.39;9000403940317;Piæa
KAVA JUL.MEIN.MULT.CREMA 168 g;337095;JULIUS MEINL;0.1680;kg;15.19;90.42;;;02.05.2025;14.49;9000403979508;Piæa
KAVA JUL.MEI.MULTI.LUNGO 168 g;337096;JULIUS MEINL;0.1680;kg;15.19;90.42;;;02.05.2025;14.49;9000403972530;Piæa
ZAÈIN MJ.VEGETA PODRAVKA 400 g;337097;Vegeta;0.4000;kg;3.39;8.48;;;02.05.2025;3.39;3850104260872;Hrana
KAVA JUL.MEINL RISTRETTO 56 g;337098;JULIUS MEINL;0.0560;kg;5.79;103.39;;;02.05.2025;5.39;9000403940300;Piæa
PR©UT PREMIUM NAREZAK 100 g;337233;SPAR PREMIUM;0.1000;kg;2.99;29.90;;;02.05.2025;2.99;3856021215193;Hrana
JOG.PROT.SKYR.B.VAN.ZBRE.200 g;337243;Z Bregov;0.2000;kg;1.29;6.45;;;02.05.2025;1.29;3850108032635;Hrana
JOG. PROT.SKYR JAGODA 200 g;337244;Z Bregov;0.2000;kg;1.29;6.45;;;02.05.2025;1.29;3850108032406;Hrana
LED.KAVA FRANCK CAPPU.230 ml;337245;Franck;0.2300;L;1.85;8.04;;;02.05.2025;1.85;3850291050386;Piæa
LED.KAVA FRANCK MACCH.230 ml;337246;Franck;0.2300;L;1.85;8.04;;;02.05.2025;1.85;3850291050393;Piæa
SALATA OD LIGNJE TRENTON 180 g;337253;;0.1800;kg;3.79;21.06;;;02.05.2025;3.79;3859888906150;Hrana
FILETI MARI.INÆU.TRENTON 110 g;337258;Trenton;0.0600;kg;3.49;58.17;;;02.05.2025;3.49;3859893081705;Hrana
DES.MONTE SNACK WHITE ZOT.29 g;337296;Zott;0.0290;kg;0.55;18.97;;;02.05.2025;0.55;4014500518275;Hrana
KAVA HELL ENERG.CAPPUCC.250 ml;337322;;0.2500;L;1.69;6.76;;;02.05.2025;1.39;5999860497097;Piæa
KAVA HELL ENERGY LATTE 250 ml;337327;;0.2500;L;1.69;6.76;;;02.05.2025;1.39;5999860497073;Piæa
NJOKI NICHI 500 g;337384;;0.5000;kg;2.79;5.58;;;02.05.2025;2.79;3859890997016;Hrana
©unka u ovitku Jeli;337391;Jeli;1.0000;kg;8.79;8.79;;;02.05.2025;8.69;3858892721858;Hrana
VAFEL SPAR HRSKAVI 250 g;337393;SPAR;0.2500;kg;2.39;9.56;;;02.05.2025;2.29;9100000829968;Hrana
KEKS SPAR VITAL DIGESTIV.380 g;337400;SPAR Vital;0.3800;kg;1.98;5.21;;;02.05.2025;1.98;8001300802709;Hrana
JOG.VOÆ.JOGOB.MUSLI ZOTT 200 g;337404;Zott;0.2000;kg;0.95;4.75;;;02.05.2025;0.93;5906040063553;Hrana
PA©TETA GAVRILOVIÆ ÈAJ.5X50 g;337409;Gavrilovic;0.2500;kg;;14.36;3.59;4.49;02.05.2025;4.49;3858892726150;Hrana
PA©TETA GAVRILOVIÆ JETR.5X50 g;337412;Gavrilovic;0.2500;kg;;14.36;3.59;4.49;02.05.2025;4.49;3858892721537;Hrana
RI®A NA MLIJEKU BELRISO 200 g;337420;Zott;0.2000;kg;0.89;4.45;;;02.05.2025;0.89;4014500516950;Hrana
RI®A NA MLIJEKU BELRISO 200 g;337421;Zott;0.2000;kg;0.89;4.45;;;02.05.2025;0.89;4014500512266;Hrana
DET.TEKUÆI WOOLITE DARK 2,7 L;337424;Woolite;2.7000;L;8.99;3.33;;;02.05.2025;8.99;5900627090482;Sredstva za èi¹æenje
DET.TEK.WOOLITE PROCARE 2,7 L ;337426;Woolite;2.7000;L;8.99;3.33;;;02.05.2025;8.99;5900627090505;Sredstva za èi¹æenje
Sipa 400-700 g;337511;;1.0000;kg;11.99;11.99;;11.99;02.05.2025;12.99;;Hrana
Grdobina rep;337517;;1.0000;kg;24.99;24.99;;;02.05.2025;24.99;;Hrana
ULJE MAS.EX.DJ.S BUDGET 0,75 L;337553;S-Budget;0.7500;L;9.99;13.32;;;02.05.2025;9.99;9100000026770;Hrana
SRED.CILLIT BANG 750 ml;337578;Cillit;0.7500;l;4.19;5.59;;;02.05.2025;4.19;5999109510075;Sredstva za èi¹æenje
MAJONEZA BIO NATUR PUR 235 g;337606;Natur pur;0.2350;kg;3.29;14.00;;;02.05.2025;3.29;9100000835624;Hrana
VINO BO©KINAC REFUL 0,75 L;337625;;0.7500;l;16.48;21.97;;;02.05.2025;16.48;3859893375248;Piæa
PIVO INDIA GARDEN PALE 0,33 L;337686;;0.3300;L;2.02;6.12;;;02.05.2025;2.02;3859893653155;Piæa
LAK EVELINE GEL LAQUE 67;337695;Eveline;1.0000;KOM;3.09;3.09;;;02.05.2025;3.09;5903416010432;Kozmetika
VODA STUDENAC MINERA.4+2 1,5 L;337755;;6.0000;L;3.56;0.59;;;02.05.2025;3.56;3856022301826;Piæa
VODA STUDENA IZVORSKA 1,5L 4+2;337757;;6.0000;L;3.56;0.59;;;02.05.2025;3.56;3856022301802;Piæa
GAZ.PIÆE PEPSI BEZ ©EÆ.0,5 L;337759;Pepsi;0.5000;L;1.05;2.10;;;02.05.2025;1.05;3830065020326;Piæa
GAZ. PIÆE TON.WATER INKA 0,5 L;337760;Inka;0.5000;L;1.05;2.10;;;02.05.2025;1.05;3830000629874;Piæa
GAZ.PIÆE PEP.BEZ ©EÆERA 0,33 L;337772;Pepsi;0.3300;L;.99;3.00;;;02.05.2025;.99;3830065020388;Piæa
GAZ.PIÆE PEPSI 1,5 L;337795;Pepsi;1.5000;L;1.49;0.99;;1.39;02.05.2025;1.79;3830065022603;Piæa
VODA RADENSKA NEG. NAT.1,5 L;337796;Radenska;1.5000;L;.99;0.66;;;02.05.2025;.99;3830000624565;Piæa
GAZ.VODA RAD.LIM.TRAVA 1,5 L;337818;Radenska;1.5000;L;1.35;0.90;;;02.05.2025;1.35;3830065021033;Piæa
VODA STUDENA LIMUN 1,5 L;337827;;1.5000;L;1.29;0.86;;;02.05.2025;1.29;3856022300003;Piæa
VODA STUDENA 0,25 L;337830;;0.2500;L;.62;2.48;;;02.05.2025;.62;3856022300331;Piæa
©LJIVA S BUDGET BK 500 g;337837;S-Budget;0.5000;kg;4.99;9.98;;;02.05.2025;4.99;9100000707105;Hrana
ULJE ZA KOSU DIFEEL KOK.75 ml;337853;Difeel;0.0750;L;2.98;39.73;;;02.05.2025;2.98;0711716145083;Kozmetika
ULJE ZA KOSU DIFEEL ARG.75 ml;337856;Difeel;0.0750;L;3.98;53.07;;;02.05.2025;3.98;0711716145014;Kozmetika
KREMA EVELINE ZA RUKE 100 ml;337858;Eveline;0.1000;L;1.69;16.90;;;02.05.2025;1.69;5907609333957;Kozmetika
DEO SPRAY JEAN MARC B.150 ml;337859;JEAN MARC;0.1500;L;1.69;11.27;;;02.05.2025;1.69;5901815016383;Kozmetika
DEO SPRAY JEAN MARC C.150 ml;337860;JEAN MARC;0.1500;L;1.69;11.27;;;02.05.2025;1.69;5901815007374;Kozmetika
TEK.SAP.OLIVAL INTIMNI 250 ml;337910;Olival;0.2500;L;4.79;19.16;;;02.05.2025;4.79;3858892693100;Toaletne potrep¹tine
SLAD.KARAMEL SPAR PREM.500 ml;337924;SPAR PREMIUM;0.5000;l;4.99;9.98;;;02.05.2025;4.99;9100000875590;Hrana
ÈAJ NATURAVITA UVIN H 60 g;337945;Naturavita;0.0600;kg;1.99;33.17;;;02.05.2025;1.99;3858884092034;Piæa
ÈAJ NATURAVITA KADULJA 45 g;337948;Naturavita;0.0450;kg;1.84;40.89;;;02.05.2025;1.84;3858884092072;Piæa
ZAÈ.GRILL MAGIC DUST KOTA.80 g;337980;Kotanyi;0.0800;kg;2.69;33.63;;;02.05.2025;1.34;9001414206850;Hrana
ZAÈ.PAPAR  ZELENI KOTANYI 29 g;337981;Kotanyi;0.0290;kg;4.49;154.83;;;02.05.2025;3.99;9001414441664;Hrana
PIVO STARI LISAC 0,5 L LIMENKA;338020;;0.5000;L;1.62;3.24;;;02.05.2025;1.62;3850103902117;Piæa
MLIJ.DESERT NES.GR.VAN.4X100 g;338026;Nestle;0.4000;kg;3.19;7.98;;;02.05.2025;3.19;7613034515667;Hrana
NAPITAK ALPRO BARIS.BADEM 1 L;338042;Alpro;1.0000;l;;2.59;2.59;3.99;02.05.2025;3.99;5411188129899;Piæa
NAPITAK ALPRO BARISTA ZOB 1 L;338043;Alpro;1.0000;l;;2.59;2.59;3.89;02.05.2025;3.89;5411188130550;Piæa
HIDROLAT NAJFINIJI RU®A 100 ml;338091;NAJFINIJI;0.1000;L;9.59;95.90;;;02.05.2025;9.59;3859893394607;Kozmetika
ULO©.ALWAYS PLAT.EX.NIGHT 10/1;338146;Always;10.0000;kom;2.50;0.25;;;02.05.2025;2.50;8001841449906;Toaletne potrep¹tine
DET.NILA SENSUAL BLACK 900 ml;338147;Nila;0.9000;L;3.99;4.43;;;02.05.2025;2.65;3850105169488;Sredstva za èi¹æenje
DET.NILA HAPPY COLOR 900 ml;338148;Nila;0.9000;L;3.99;4.43;;;02.05.2025;2.65;3850105169518;Sredstva za èi¹æenje
MOZZARELLA GALBANI 2X100 g;338208;Galbani;0.2000;kg;2.99;14.95;;;02.05.2025;2.99;8595021607632;Hrana
POSLAS.ZA MAÈ.MOL.PIL.SIR 70 g;338301;Molly;0.0700;kg;0.99;14.14;;;02.05.2025;0.99;9100000154435;Proizvodi za kuæanstvo
POSLAS.ZA MAÈKE MOLLY LOS.70 g;338303;Molly;0.0700;kg;0.99;14.14;;;02.05.2025;0.99;9100000154411;Proizvodi za kuæanstvo
POS.ZA PSE SCOT.MES.KOBAS.70 g;338312;Scotty;0.0700;kg;1.99;28.43;;;02.05.2025;1.99;9100000153872;Proizvodi za kuæanstvo
PUCK.PRAH PUC PUC BANANA 5 g;338313;Cedevita;0.0050;kg;0.39;78.00;;;02.05.2025;0.39;3850322013694;Hrana
SOFT CAKE S-BUDGET NAR.300 g;338315;S-Budget;0.3000;kg;1.99;6.63;;;02.05.2025;1.99;9100000744919;Hrana
PUDING T. CHIC DUPLA ÈOK.200 g;338327;Vindija;0.2000;kg;1.25;6.25;;;02.05.2025;1.25;3850108023916;Hrana
KIKIRIKI PELLITO PR®ENI 150 g;338328;DUPIN;0.1500;kg;1.49;9.93;;;02.05.2025;1.49;5201044008983;Hrana
KIKIRIKI PELLITO SUHOPR.150 g;338329;DUPIN;0.1500;kg;1.79;11.93;;;02.05.2025;1.79;5201044008341;Hrana
PUD. T.CHIC PRAL&TAM.ÈOK.200 g;338330;Vindija;0.2000;kg;1.25;6.25;;;02.05.2025;1.24;3850108023923;Hrana
KIKIRIKI PELLITO BALZAM.150 g;338331;DUPIN;0.1500;kg;1.69;11.27;;;02.05.2025;1.69;5201044008945;Hrana
KIKIRIKI PELLITO BBQ 150 g;338332;DUPIN;0.1500;kg;1.69;11.27;;;02.05.2025;1.69;5201044009591;Hrana
KIKIRI.PELLITO MED&SENF 150 g;338333;DUPIN;0.1500;kg;1.69;11.27;;;02.05.2025;1.69;5201044009447;Hrana
KIKIRI.PELLITO ORIGANO 150 g;338334;DUPIN;0.1500;kg;1.69;11.27;;;02.05.2025;1.69;5201044009454;Hrana
CABANOSSI S BUDGET 300 g;338350;S-Budget;0.3000;kg;4.09;13.63;;;02.05.2025;4.09;9100200097976;Hrana
DET.ZA SUÐE S-BUDGET JABUK.1 L;338362;S-Budget;1.0000;L;;0.99;0.99;1.15;02.05.2025;1.15;3856021213526;Sredstva za èi¹æenje
DET.ZA SUÐE SPLENDID LIMUN 1 L;338364;Splendid;1.0000;L;1.49;1.49;;;02.05.2025;1.49;3856021213601;Sredstva za èi¹æenje
DET.ZA SUÐE SPLENDID JABUK.1 L;338365;Splendid;1.0000;L;1.49;1.49;;;02.05.2025;1.49;3856021213588;Sredstva za èi¹æenje
ÈIPS SCHAR PAPRIKA BG 170 g;338380;Schar;0.1700;kg;;21.12;3.59;4.49;02.05.2025;4.49;8008698031018;Hrana
ÈIPS SCHAR ORIGINAL BG 170 g;338382;Schar;0.1700;kg;;21.12;3.59;4.49;02.05.2025;4.49;8008698031056;Hrana
BIO KRU©NE MRVICE SPAR NP 350g;338394;SPAR Natur*pur;0.3500;kg;2.59;7.40;;;02.05.2025;2.65;9100000834184;Hrana
VAFL SCHAR ÈOKOLADNI 105 g;338398;Schar;0.1050;kg;;27.33;2.87;3.59;02.05.2025;3.59;8008698005286;Hrana
KRUH GUTTIAU PREMIUM 200 g;338409;SPAR Premium;0.2000;kg;3.39;16.95;;;02.05.2025;3.39;9100000780696;Hrana
VINO MATO©EV.GRIMALD.CR.0,75 L;338445;;0.7500;l;35.59;47.45;;;02.05.2025;35.59;3859892196080;Piæa
TOPLJENI SIR KIRI 100 g;338446;;0.1000;kg;1.99;19.90;;;02.05.2025;1.99;3073780839631;Hrana
JAJA AGRO-KLAS.RAZ.M 10/1;338455;;10.0000;kom;3.19;0.32;;;02.05.2025;3.19;3857500091703;Hrana
VINO MATO©EV.GRIMAL.BJ.0,75 L;338458;;0.7500;l;30.69;40.92;;;02.05.2025;30.69;3859892196073;Piæa
SIR CAMEMBE.S BUDGET 250 g;338462;S-BUDGET;0.2500;kg;3.29;13.16;;;02.05.2025;3.29;9100000842400;Hrana
WHIS.JW GREEN LAB. 15Y0,7 L KU;338463;Johnnie Walker;0.7000;l;72.69;103.84;;;02.05.2025;72.49;5000267134710;Piæa
GIN TANQUERAY SEVILLA 0,7 L;338464;;0.7000;l;28.09;40.13;;;02.05.2025;28.09;5000291023462;Piæa
VINO ORAH.SILVA.JEZE.KB 0,75 L;338471;;0.7500;l;13.28;17.71;;;02.05.2025;13.28;3858889830570;Piæa
TRAKE DESPAR ZA DEPILACIJ.16/1;338488;Despar;16.0000;kom;1.59;0.10;;;02.05.2025;1.59;8001300935599;Kozmetika
Macaron ferrerito 33 g;338509;;0.0330;kg;1.39;42.12;;;02.05.2025;1.39;3859893398636;Hrana
Macaron borovnica 32 g;338513;;0.0320;kg;1.39;43.44;;;02.05.2025;1.39;3859893398650;Hrana
Macaron pistacio 31 g;338517;;0.0310;kg;1.39;44.84;;;02.05.2025;1.39;3859893398612;Hrana
Macaron malina 33 g;338523;;0.0330;kg;1.39;42.12;;;02.05.2025;1.39;3859893398599;Hrana
HREN.HOT DOG S BUDGET 1000 g;338534;S-Budget;1.0000;kg;2.69;2.69;;;02.05.2025;2.69;3856021216077;Hrana
PILE GRILL S BUDGET;338600;S-BUDGET;1.0000;kg;2.79;2.79;;2.79;02.05.2025;2.98;3856021216916;Hrana
PILEÆA PRSA BEZ KO®E S BUDGET;338603;S-BUDGET;1.0000;kg;5.89;5.89;;;02.05.2025;5.55;3856021216930;Hrana
PILEÆI FILE S BUDGET;338604;S-BUDGET;1.0000;kg;7.39;7.39;;7.39;02.05.2025;6.99;3856021216923;Hrana
PILEÆI BATAK SA ZABATKOM;338605;S-BUDGET;1.0000;kg;3.98;3.98;;;02.05.2025;3.98;3856021216947;Hrana
KOLAÈ ÈOKOL.-NARAN.VEGAN 420 g;338621;;0.4200;kg;7.09;16.88;;;02.05.2025;7.09;3858889617713;Hrana
ZAÈ.TEKUÆI VEGETA NAT. 170 ml;338627;Vegeta;0.1700;L;2.19;12.88;;;02.05.2025;2.19;3856020235109;Hrana
SRE.DESPAR ODMA©È.750 ml;338680;Despar;0.7500;L;1.59;2.12;;;02.05.2025;1.59;8001300899433;Sredstva za èi¹æenje
VODA GAZ.S PELLEGR.1 L;338716;San Pellegrino;1.0000;L;1.69;1.69;;;02.05.2025;2.09;8002270000218;Piæa
VODA MIN.ACQUA PANNA 1 L;338718;;1.0000;L;1.69;1.69;;;02.05.2025;2.09;8000815245278;Piæa
GAZ.PIÆE SP NARANÈA 0,33 L;338721;San Pellegrino;0.3300;L;1.79;5.42;;;02.05.2025;1.99;8002270226885;Piæa
GAZ.PIÆE SP CR. NARANÈA 0,33 L;338723;San Pellegrino;0.3300;L;1.79;5.42;;;02.05.2025;1.99;8002270276880;Piæa
GAZ.PIÆE SP LIMUN 0,33 L;338724;San Pellegrino;0.3300;L;1.79;5.42;;;02.05.2025;1.99;8002270256851;Piæa
PIVO BENEDIKTINER HELL 0,5L;338725;Benediktiner;0.5000;L;2.02;4.04;;;02.05.2025;2.02;4052197002455;Piæa
PIVO PAUL.WE.BEZAL.0,5 L;338733;Paulaner;0.5000;L;1.48;2.96;;;02.05.2025;1.48;4066600192510;Piæa
®ITAR.NATUR PUR ZOBENE 375 g;338743;Natur pur;0.3750;kg;3.69;9.84;;;02.05.2025;3.71;9100000727325;Hrana
®ITARICE NATUR PUR ÈOKOL.375 g;338745;Natur pur;0.3750;kg;3.99;10.64;;;02.05.2025;3.98;9100000727349;Hrana
PODL.ZA PSE SCOT. 60X90 cm10/1;338765;Scotty;1.0000;kom;4.99;4.99;;;02.05.2025;4.99;8001300920014;Proizvodi za kuæanstvo
VINO SAN PATR.PRIMITIVO 0,75 L;338789;;0.7500;l;6.92;9.23;;;02.05.2025;6.92;8032793357667;Piæa
VINO CUVEE BENKOVAC BIB 3 L  ;338790;;3.0000;l;14.99;5.00;;;02.05.2025;14.99;3850112171382;Piæa
PROSECCO CIVA MILLESIM.0,75 L;338791;;0.7500;l;10.02;13.36;;;02.05.2025;10.02;8058333063720;Piæa
PROSECCO LA DOLCE ITAL.0,75 L;338792;;0.7500;l;9.02;12.03;;;02.05.2025;9.02;8000428030704;Piæa
VINO MEDEA CUVEE 1 L;338824;;1.0000;L;6.42;6.42;;;02.05.2025;6.42;3859892001896;Piæa
VINO MEDEA TERAN 0,75 L;338825;;0.7500;L;8.42;11.23;;;02.05.2025;8.42;3859892001599;Piæa
VINO MALVAZIJA VOD.1 L MEDEA;338826;;1.0000;L;6.42;6.42;;;02.05.2025;6.42;3859892001506;Piæa
VINO MEDEA ROSE 0,75 L;338827;;0.7500;L;8.42;11.23;;;02.05.2025;8.42;3859892001636;Piæa
VINO MEDEA MALVAZIJA 0,75 L;338828;;0.7500;L;8.42;11.23;;;02.05.2025;8.42;3859892001018;Piæa
VINO MEDEA CHARDONNAY 0,75 L;338829;;0.7500;L;8.42;11.23;;;02.05.2025;8.42;3859892001575;Piæa
KAVA STARBUCKS COLOMBIA 57 g;338833;Starbucks;0.0570;kg;6.49;113.86;;;02.05.2025;5.89;7630477891691;Piæa
SRE.TETA VIOLETA FLOWER 1 L ;338834;Violeta;1.0000;L;2.25;2.25;;;02.05.2025;2.25;3870128017238;Sredstva za èi¹æenje
©UNKA U OVITKU NAREZAK 100 g;338836;Podravka;0.1000;kg;2.19;21.90;;;02.05.2025;2.19;3856020241452;Hrana
PLOÈICA KAKAO NARANÈA 55 g;338842;SUPERHERAW;0.0550;kg;2.09;38.00;;;02.05.2025;2.09;3857500049650;Hrana
PLOÈICA LJE©NJAK KAKAO 45 g;338843;SUPERHERAW;0.0450;kg;2.09;46.44;;;02.05.2025;2.09;3857500049643;Hrana
PLOÈICA SUHO I ORA©.VOÆE 45 g;338844;SUPERHERAW;0.0450;kg;2.09;46.44;;;02.05.2025;2.09;3857500049629;Hrana
PLOÈICA BOROV.IND.ORA©.45 g;338845;SUPERHERAW;0.0450;kg;2.09;46.44;;;02.05.2025;2.09;3857500049698;Hrana
PLOÈICA KOKOS SJEM.KONOP.45 g;338846;SUPERHERAW;0.0450;kg;2.09;46.44;;;02.05.2025;2.09;3857500049612;Hrana
SOK JABUKA/BOBI.VOÆE SPAR 1 L ;338863;SPAR;1.0000;L;3.19;3.19;;;02.05.2025;3.19;9100000034799;Piæa
SIR I VRHNJE PRESIDENT 450 g ;338872;President;0.4500;kg;3.19;7.09;;;02.05.2025;3.19;3850355006656;Hrana
NAP.PLAZMA KOCKA ÈOKOLAD.135 g;338877;Plazma;0.1350;kg;2.79;20.67;;;02.05.2025;2.79;8600043028263;Hrana
KEKS PLAZMA STIKSI ÈOK.125 g;338878;Plazma;0.1250;kg;2.59;20.72;;;02.05.2025;2.59;8600043029512;Hrana
KEKS PLAZ.STIKS.LJE©NJAK 125 g;338879;Plazma;0.1250;kg;2.59;20.72;;;02.05.2025;2.59;8600043029536;Hrana
KEKS BANINI TART NOUGAT 210 g;338894;Banini;0.2100;kg;1.49;7.10;;;02.05.2025;1.49;8600462040792;Hrana
KEKS BANINI TART MARELI.210 g;338895;Banini;0.2100;kg;1.49;7.10;;;02.05.2025;1.49;8600462040938;Hrana
PIVO REBEL TAMNO 0,5 L;338903;;0.5000;L;1.35;2.70;;;02.05.2025;1.35;8594012280120;Piæa
ZUB.PAS.SENSODYNE ANTI C.75 ml;338913;Sensodyne;0.0750;L;5.95;79.33;;;02.05.2025;4.39;5054563096029;Kozmetika
PILEÆA KRILA S BUDGET;338918;S-BUDGET;1.0000;kg;4.79;4.79;;;02.05.2025;3.89;3856021216954;Hrana
PILEÆA LEÐA S BUDGET;338919;S-BUDGET;1.0000;kg;1.79;1.79;;;02.05.2025;1.72;3856021216961;Hrana
PIVO PAUL.WEIS.SV.LIM 5 L BAÈ;338922;Paulaner;5.0000;L;17.22;3.44;;;02.05.2025;17.22;4066600601951;Piæa
PIVO PAUL.ORIG.SV.5 L BAÈVICA;338923;Paulaner;5.0000;L;17.22;3.44;;;02.05.2025;17.22;4066600101635;Piæa
®ITNA KA©ICA ÈOKOLINO 1,4 kg;338924;Èokolino;1.4000;kg;10.99;7.85;;;02.05.2025;7.49;3856020242176;Hrana
RI®A S-BUDGET JASMIN 1 kg;338939;S-Budget;1.0000;kg;2.99;2.99;;;02.05.2025;2.99;9100000834382;Hrana
PIVO SAN SERVOLO GOLD 0,75 L;338944;;0.7500;L;7.62;10.16;;;02.05.2025;7.62;3859893049118;Piæa
PIVO SAN SERVOLO WEIZEN 0,5 L;338949;;0.5000;L;3.68;7.36;;;02.05.2025;3.68;3859893049347;Piæa
MASLAC ZA TIJ.NASHE MAGNO.70 g;338955;NASHE;0.0700;kg;8.62;123.14;;;02.05.2025;8.62;3859893659454;Kozmetika
MASLAC ZA TIJ.NASHE CAMEL.70 g;338956;NASHE;0.0700;kg;8.62;123.14;;;02.05.2025;8.62;3859893659492;Kozmetika
PARF.ULJE NASHE MAGNOLIA 30 ml;338961;NASHE;0.0300;L;7.16;238.67;;;02.05.2025;7.16;3859893659225;Kozmetika
TEKUÆI DETERD®ENT FROSCH 1,5 L;338994;Frosch;1.5000;L;;3.57;5.35;6.69;02.05.2025;6.69;4009175941190;Sredstva za èi¹æenje
SRED.FROSCH STAKLO 500 ml;338998;Frosch;0.5000;L;;4.18;2.09;2.65;02.05.2025;2.65;4009175953759;Sredstva za èi¹æenje
SRED.FROSCH ZA ÈI©.NARA.500 ml;338999;Frosch;0.5000;L;3.19;6.38;;;02.05.2025;3.19;4009175953681;Sredstva za èi¹æenje
PILING NASHE GRAPES 100 ml;339015;NASHE;0.1000;KG;7.16;71.60;;;02.05.2025;7.16;3859893659546;Kozmetika
PILING NASHE MAGNOLIA 100 ml;339018;NASHE;0.1000;KG;7.16;71.60;;;02.05.2025;7.16;3859893659560;Kozmetika
GEL SANYTOL ZA RUKE 75 ml;339022;Sanytol;0.0750;L;2.25;30.00;;;02.05.2025;2.25;3045206502009;Kozmetika
PARF.ULJE NASHE ROSE 30 ml;339031;NASHE;0.0300;L;7.16;238.67;;;02.05.2025;7.16;3859893659263;Kozmetika
BOMB.GUM.TROLLI DINO REX 200 g;339037;Trolli;0.2000;kg;1.32;6.60;;;02.05.2025;1.32;4000512364764;Hrana
DET.PUR ALOE VERA 750 ml;339074;Pur;0.7500;l;1.89;2.52;;1.79;02.05.2025;1.89;9000101386745;Sredstva za èi¹æenje
ÈAJ CVIJET BAZGE DARV.EKO 40 g;339085;Darvitalis;0.0400;kg;3.99;99.75;;;02.05.2025;3.99;3858890833782;Piæa
INST.KAVA NESC.GOLD E.ST.100 g;339099;Nescafe;0.1000;kg;7.99;79.90;;;02.05.2025;8.99;7613036600996;Piæa
TAMNO PECIVO SA SJEMEN.120 g;339115;;0.1000;kg;2.09;20.90;;;02.05.2025;2.09;3859893454646;Hrana
ÈOK.®IV.CARSTVO MILKSY 20 g;339119;®ivotinjsko Carstvo;0.0200;kg;0.69;34.50;;;02.05.2025;0.69;3850102519071;Hrana
PIVO TOVAR PILS 0,5 L STAKLO;339163;;0.5000;L;1.89;3.78;;;02.05.2025;1.89;3859893325076;Piæa
VLA®NE MARAMICE VESH TO GO 5/1;339182;Vesh;5.0000;kom;1.19;0.24;;;02.05.2025;1.19;3870128023772;Sredstva za èi¹æenje
®ITAR.NATUREL DUO BALLS 300 g;339236;Naturel;0.3000;kg;2.09;6.97;;;02.05.2025;2.09;3858889364990;Hrana
®ITARNATUREL CHOCO BALLS 300 g;339237;Naturel;0.3000;kg;2.09;6.97;;;02.05.2025;2.09;3858889364976;Hrana
ÈOK.RITTER SPORT LJE©NJ.100 g;339300;Ritter Sport;0.1000;kg;1.79;17.90;;;02.05.2025;1.79;4000417222008;Hrana
GIN TONIC J.FREITAG LIM. 0,5 L;339301;;0.5000;L;1.79;3.58;;;02.05.2025;1.79;4750142005758;Piæa
GIN TONIC J.FRE.ROSE LIM 0,5 L;339302;;0.5000;L;1.79;3.58;;;02.05.2025;1.79;4750142005741;Piæa
WHISKEY KENTUCKY JACK 0,7 L;339304;Exclusive bei SPAR;0.7000;L;7.99;11.41;;;02.05.2025;7.99;5414145035042;Piæa
PECIVO HAMB.FREE FROM 125 g;339307;SPAR free from;0.1250;kg;2.29;18.32;;;02.05.2025;2.29;9100000836508;Hrana
Sir Kolan dimljeni;339311;Sirana Gligora;1.0000;kg;23.99;23.99;;;02.05.2025;23.99;3858891773377;Hrana
NAMAZ OD DIMLJ.RIBE 100 g;339312;;0.1000;kg;1.99;19.90;;;02.05.2025;1.99;3858889832581;Hrana
VINO PO©IP MILIÈIÆ 0,75 L;339315;;0.7500;L;10.28;13.71;;;02.05.2025;10.28;3859888400054;Piæa
BOJA COLOR NATURALS ZA KO.5.1;339338;Garnier;1.0000;kom;4.99;4.99;;;02.05.2025;4.99;3600542335577;Kozmetika
BOJA COLOR NATURALS ZA KO.4.12;339339;Garnier;1.0000;kom;4.99;4.99;;;02.05.2025;4.99;3600542335171;Kozmetika
MICEL.VOD.GARNIE ROSE 400 ml;339341;Garnier;0.4000;l;7.59;18.98;;;02.05.2025;7.59;3600542326698;Kozmetika
GEL ZA LICE GARNIER  ALO.50 ml;339342;Garnier;0.0500;l;7.99;159.80;;;02.05.2025;7.99;3600542328647;Kozmetika
GIN OLD PILOTS 0,7 L;339343;;0.7000;L;44.99;64.27;;;02.05.2025;44.99;3857000002575;Piæa
GIN THE ARTISAN 0,5 L;339344;;0.5000;L;47.81;95.62;;;02.05.2025;47.81;0745760434602;Piæa
SERUM ZA LICE HOLYPLANT 15 ml;339365;Holyplant;0.0150;L;12.99;866.00;;;02.05.2025;12.99;3858891010069;Kozmetika
Dimljena vratina Andro;339406;Andro;1.0000;kg;10.49;10.49;;;02.05.2025;11.99;3858892820759;Hrana
ULJE MASLINOVO S BUDGET 1 L;339438;S-Budget;1.0000;L;7.49;7.49;;;02.05.2025;9.99;8033954551207;Hrana
BIO PUDING GRIZ NAT.PUR 3x40 g;339481;Natur pur;0.1200;kg;1.59;13.25;;;02.05.2025;1.59;9100000726694;Hrana
TJE.NATUR PUR REZAN.USKI 400 g;339509;Natur pur;0.4000;kg;2.49;6.23;;;02.05.2025;2.49;9100000860114;Hrana
TJEST.NATUR PUR ROGIÆI 400 g;339512;Natur pur;0.4000;kg;2.49;6.23;;;02.05.2025;2.49;9100000860091;Hrana
OKRUGLICE SA ©LJIVAMA SB 1 kg;339514;S-BUDGET;1.0000;kg;2.65;2.65;;;02.05.2025;2.65;3856021216442;Hrana
NJOKI FREE FROM 500 g;339623;SPAR free from;0.5000;kg;;3.18;1.59;2.29;02.05.2025;2.29;9100000938325;Hrana
HRANA ZA PSE HO.DOG PUR.1240 g;339638;Hobby;1.2400;kg;3.19;2.57;;;02.05.2025;3.19;3838964123674;Proizvodi za kuæanstvo
TABL.MULTIVITA IMM.C+D+ZN 15/1;339639;Multivita;0.0096;kg;3.79;394.79;;;02.05.2025;3.79;3858881248748;Hrana
TORTINA MIX MAX KAKAO 350 g;339642;;0.3500;kg;3.09;8.83;;;02.05.2025;3.09;8001585001040;Hrana
TORTINA MIX MILK MLIJEÈNA 350g;339643;;0.3500;kg;3.09;8.83;;;02.05.2025;3.09;8001585001071;Hrana
ÈOK.DORINA NAPOLITANKE 100 g;339664;Dorina;0.1000;kg;1.99;19.90;;;02.05.2025;1.99;3850102519521;Hrana
ÈOK.DORINA DOMAÆICA 105 g;339674;Dorina;0.1050;kg;1.99;18.95;;;02.05.2025;1.99;3850102519323;Hrana
GRANULE NATUREL EN.DIREKT 30 g;339680;Naturel;0.0300;kg;2.89;96.33;;;02.05.2025;3.59;3858889365041;Hrana
GRANULE NATUR. IMM.3-PROT.50 g;339684;Naturel;0.0500;kg;3.49;69.80;;;02.05.2025;4.29;3858889365058;Hrana
BOMBONI TIC TAC FRUI. MIX 18 g;339695;Tic Tac;0.0180;kg;0.85;47.22;;;02.05.2025;0.85;80816652;Hrana
ZORINA MAST 50 ml;339723;ZORINA MAST;0.0500;L;7.99;159.80;;;02.05.2025;7.99;3857500100313;Kozmetika
QUINOA MJE©AVINA  LEDO 400 g;339744;Ledo;0.4000;kg;2.99;7.48;;;02.05.2025;2.99;3850116034041;Hrana
BULGUR MJE©AVINA LEDO 400 g;339745;Ledo;0.4000;kg;2.99;7.48;;;02.05.2025;2.99;3850116036052;Hrana
CAPPUCINO NES.MANJE ©EÆE.125 g;339755;;0.1250;kg;4.19;33.52;;;02.05.2025;4.19;7613037084696;Piæa
BOMBONI SKITTLES SMOOTHIE 38 g;339762;Skittles;0.0380;kg;0.89;23.42;;;02.05.2025;0.89;4009900532327;Hrana
MUSLI SPAR PROT.©UM.VOÆE 500 g;339767;SPAR;0.5000;kg;4.99;9.98;;;02.05.2025;4.99;9100000893358;Hrana
MUSLI SPAR PROT.KIKIRIKI 500 g;339768;SPAR;0.5000;kg;3.99;7.98;;;02.05.2025;3.99;9100000893310;Hrana
MUSLI SPAR PROT.ÈOK.SJEM.500 g;339770;SPAR;0.5000;kg;4.49;8.98;;;02.05.2025;4.49;9100000893334;Hrana
Kobasica domaæa Ravliæ rfz;339790;Ravliæ;1.0000;kg;19.99;19.99;;;02.05.2025;19.99;3858891911465;Hrana
VL.MARAMICE ZA PSE SCOTTY 15/1;339809;Scotty;1.0000;kom;.99;0.99;;;02.05.2025;.99;8001300920021;Proizvodi za kuæanstvo
VL.MARAMICE ZA PSE SCOTTY 40/1;339815;Scotty;1.0000;kom;2.19;2.19;;;02.05.2025;2.19;8001300920038;Proizvodi za kuæanstvo
FLIPS BOBI RINGS VRH.-LUK 70 g;339821;Bobi;0.0700;kg;0.95;13.57;;;02.05.2025;0.95;3858891590721;Hrana
®VAKE CHUPA CHUPS JEZIK 27,6 g;339822;Chupa Chups;0.0276;kg;0.69;25.00;;;02.05.2025;0.69;80838920;Hrana
OSVJ.WC SPLENDID LAVANDE 2/1;339828;Splendid;2.0000;kom;1.99;1.00;;;02.05.2025;1.99;9100000986173;Sredstva za èi¹æenje
OSVJ.WC SPLENDID LEMON 2/1;339829;Splendid;2.0000;kom;1.99;1.00;;;02.05.2025;1.99;9100000986197;Sredstva za èi¹æenje
KOLAÈ OBLATNE ÈOK.-KARAM.270 g;339841;;0.2700;kg;3.79;14.04;;;02.05.2025;3.79;3859889660204;Hrana
KR.EVELINE ZA ISPUC.STOP.75 ml;339843;Eveline;0.7500;kom;2.99;3.99;;;02.05.2025;2.99;5901761967944;Kozmetika
PELINKOVAC S BUDGET 1 L 31%;339845;S-BUDGET;1.0000;L;7.89;7.89;;;02.05.2025;7.79;3856021215254;Piæa
VODKA S BUDGET 1 L 37,5%;339846;S-BUDGET;1.0000;L;7.99;7.99;;;02.05.2025;7.92;3856021215339;Piæa
S BUDGET ZA PEÈENJE I KOL. 1 L;339848;S-BUDGET;1.0000;L;9.29;9.29;;;02.05.2025;9.29;3856021215278;Piæa
KRU©KOVAC S BUDGET 1 L 25%;339849;S-BUDGET;1.0000;L;7.89;7.89;;7.79;02.05.2025;7.89;3856021215315;Piæa
VINO CHARDO.KG ZELINA 2 L PET;339854;;2.0000;L;4.29;2.15;;;02.05.2025;4.29;3858891540382;Piæa
VINO GRA©EVINA KG ZELINA 1 L;339856;;1.0000;L;3.49;3.49;;;02.05.2025;3.49;3859891270132;Piæa
VINO GALIÆ SAUVIGNON 0,75 L;339877;;0.7500;L;16.99;22.65;;;02.05.2025;17.29;3859891991037;Piæa
VINO GALIÆ ROSE 0,75 L;339878;;0.7500;L;14.69;19.59;;;02.05.2025;14.69;3859891991051;Piæa
PISTACIJA PR®ENA SPAR 300 g;339920;SPAR;0.3000;kg;5.59;18.63;;;02.05.2025;5.59;9100000690087;Hrana
PUD.ÈOK.PROTEIN Z BREG.2X180 g;339923;Z Bregov;0.3600;kg;2.49;6.92;;;02.05.2025;2.49;3850108040944;Hrana
PUD.VAN.PROTEIN Z BREG.2x180g;339924;Z Bregov;0.3600;kg;2.49;6.92;;;02.05.2025;2.49;3850108040937;Hrana
PUDING KOKOS PROT.Z BREG.180 g;339931;Z Bregov;0.1800;kg;1.29;7.17;;;02.05.2025;1.35;3850108040920;Hrana
JOG.NATUR 3,6%M.M FF 250 g;339972;SPAR free from;0.2500;kg;0.75;3.00;;;02.05.2025;0.75;9100000896670;Hrana
WEL.SHOT 1-PURE IRON 100 ml;340001;;0.1000;L;3.09;30.90;;;02.05.2025;2.89;3859894312075;Hrana
WEL.SHOT 1-DIGESTIVE 100 ml;340003;;0.1000;L;3.09;30.90;;;02.05.2025;2.89;3859894312051;Hrana
WEL.SHOT 1-IMMUNITY 100 ml;340004;;0.1000;L;3.09;30.90;;;02.05.2025;2.89;3859894312068;Hrana
SLADILO SL.LIST STEVIJA 150/1;340018;;150.0000;kom;3.09;0.02;;;02.05.2025;3.05;3859892472474;Hrana
SLADILO SLAT.LIST STEVIJA 50/1;340019;;0.0600;kg;3.09;51.50;;;02.05.2025;3.09;3859892472481;Hrana
ÈOK.KANDI KUP.BEZ DOD.©EÆ.80 g;340023;Kandit;0.0800;kg;;37.38;2.99;3.49;02.05.2025;3.49;3856024801348;Hrana
Dimljeni but bez ko¾e Andro;340030;Andro;1.0000;kg;10.29;10.29;;;02.05.2025;11.99;3858892820858;Hrana
OKRUGLICE OD KRUHA FROZY 400 g;340054;Frozy;0.4000;kg;2.39;5.98;;;02.05.2025;2.39;3858891044071;Hrana
KNEDLE SA ©LJIVAMA FROZY 400 g;340059;Frozy;0.4000;kg;1.99;4.98;;;02.05.2025;1.99;3858891044057;Hrana
SOK SPAR 100% NARAN.1 L FAIRT.;340070;SPAR;1.0000;L;3.49;3.49;;;02.05.2025;3.49;9100000891750;Piæa
BOJA GARNIER COLO.SENSA.S11;340071;Garnier;1.0000;kom;4.99;4.99;;;02.05.2025;4.99;3600542259101;Kozmetika
MAS.ZA K.ELSEVE FULL R. 300 ml;340075;Elseve;0.3000;L;6.95;23.17;;;02.05.2025;6.95;3600523883486;Kozmetika
©ARAN ODREZAK 450 g;340130;;0.4500;kg;4.99;11.09;;;02.05.2025;4.99;3858889832239;Hrana
NAPOL.KRA© KAKAO-MLIJEKO 420 g;340134;Kra¹;0.4200;kg;;5.21;2.19;2.29;02.05.2025;3.19;3850102519125;Hrana
NAPOL.KRA© KAKAO-ÈOKO.420 g;340136;Kra¹;0.4200;kg;;5.21;2.19;2.29;02.05.2025;3.19;3850102519118;Hrana
ÈVARCI ENJOY NA SL.NAÈIN 100 g;340164;SPAR enjoy;0.1000;kg;2.79;27.90;;;02.05.2025;2.79;3856021214455;Hrana
ODSTRANJ.ZA NOKTE ULJNI 125 ml;340184;Afrodita;0.1250;L;3.99;31.92;;;02.05.2025;3.99;3831070655169;Kozmetika
ULO©.HIG.VIOLETA AIR FIT 20/1;340198;Violeta;20.0000;kom;2.25;0.11;;1.99;02.05.2025;1.99;3870128023512;Toaletne potrep¹tine
ULO©.HIG.VIOLETA AIR FIT 20/1;340199;Violeta;20.0000;kom;2.25;0.11;;1.99;02.05.2025;1.99;3870128023451;Toaletne potrep¹tine
ULO©.HIG.VIOLETA AIR FIT 20/1;340200;Violeta;20.0000;kom;2.39;0.12;;2.12;02.05.2025;2.12;3870128023543;Toaletne potrep¹tine
ULO©.HIG.VIOLETA AIR FIT 50/1 ;340201;Violeta;50.0000;kom;2.25;0.05;;1.99;02.05.2025;1.99;3870128023741;Toaletne potrep¹tine
KAP.DG STARBUCK.CAR.MA.127,8 g;340208;Starbucks;0.1278;kg;5.29;41.39;;5.29;02.05.2025;6.49;7613287002488;Piæa
KAP.STARB.DG BLO. ESP.RO.66 g;340216;Starbucks;0.0660;kg;5.29;80.15;;5.29;02.05.2025;6.49;7613036988728;Piæa
KAPSU.STARBUCKS DG CAPP.120 g;340221;Starbucks;0.1200;kg;5.29;44.08;;5.29;02.05.2025;6.49;7613287002471;Piæa
KAP.STARBUCKS DG LAT.MAC.129 g;340226;Starbucks;0.1290;kg;5.29;41.01;;5.29;02.05.2025;6.49;7613287002457;Piæa
ÈOK.DORINA NAPOLITANKE 290 g;340264;Dorina;0.2900;kg;4.99;17.21;;;02.05.2025;3.79;3850102519552;Hrana
ÈOK.DORINA DOMAÆICA 300 g;340265;Dorina;0.3000;kg;4.99;16.63;;;02.05.2025;3.79;3850102519484;Hrana
KEKS BAIOCCHI MULINO BIA.168 g;340276;Mulino Bianco;0.1680;kg;2.19;13.04;;;02.05.2025;2.19;8076809574969;Hrana
BOMB.SQUEEZIE VENTILATOR 5 g;340282;Ajax;0.0050;kg;2.59;518.00;;;02.05.2025;2.59;4262393721993;Hrana
PREPEÈEN. CROSTINO INTEG.250 g;340283;DESPAR;0.2500;kg;1.29;5.16;;;02.05.2025;1.29;8001300805984;Hrana
ÈOK.MILKA ALMOND TRUFFLE 300 g;340289;Milka;0.3000;kg;6.79;22.63;;;02.05.2025;6.79;7622201125813;Hrana
VINO STINA OPOL ROSE 0,75 L;340291;;0.7500;L;18.42;24.56;;;02.05.2025;18.42;3859892605032;Piæa
GIN GREATE HAUSE DALM.V. 0,1 L;340292;;0.1000;L;1.55;15.50;;;02.05.2025;1.55;3858892460252;Piæa
KEKS MILKA SENSATI.OREO 156 g;340303;Milka;0.1560;kg;3.39;21.73;;;02.05.2025;3.39;7622202265884;Hrana
LIK.BADEL PELINKOV.ORAN.0,7 L ;340330;;0.7000;L;12.52;17.89;;;02.05.2025;12.42;3850112111517;Piæa
POMMES FRITES S-BUDGET 1 kg;340391;S-Budget;1.0000;kg;2.25;2.25;;;02.05.2025;2.25;9100000908410;Hrana
PECIVO HAMBI BEZ GLUTE. 2x60 g;340400;;0.1200;kg;2.89;24.08;;;02.05.2025;2.89;3859893064227;Hrana
KEKSI RISO SCOTTI ÈOK.200 g;340420;Scotti;0.2000;kg;2.99;14.95;;;02.05.2025;2.99;8001860201424;Hrana
KEKSI RISO SCOTTI RI®A 350 g;340421;Scotti;0.3500;kg;2.99;8.54;;;02.05.2025;2.99;8001860210075;Hrana
KEKSI RISO SC.RI®A ÈOK.350 g;340423;Scotti;0.3500;kg;2.99;8.54;;;02.05.2025;2.99;8001860210099;Hrana
UMAK PODRAVKA NAPOLETANA 410 g;340424;Podravka;0.4100;kg;3.19;7.78;;;02.05.2025;3.19;3856020242206;Hrana
KEKSI RISO SC.ÈOK.LJE©.200 g;340427;Scotti;0.2000;kg;2.99;14.95;;;02.05.2025;2.99;8001860199585;Hrana
UMAK PODRAVKA BOSILJAK 410 g;340430;Podravka;0.4100;kg;3.19;7.78;;;02.05.2025;3.19;3856020242237;Hrana
SPAGHETTI BARIL.CR.LEÆA 250 g;340433;Barilla;0.2500;kg;5.49;21.96;;;02.05.2025;5.49;8076809577014;Hrana
©AM.BIOBAZA HAIR REPAIR 250 ml;340508;Biobaza;0.2500;L;5.59;22.36;;;02.05.2025;5.59;3856020904326;Kozmetika
VRHNJE KIS.S BUDG.20%MM 180 g;340539;S-BUDGET;0.1800;kg;0.75;4.17;;;02.05.2025;0.75;3856021216732;Hrana
LOSION BIOBAZA PURPLE 250 ml;340544;Biobaza;0.2500;L;3.49;13.96;;;02.05.2025;3.49;3856020905699;Kozmetika
GEL TU©.BIOBAZA ENERGY 400 ml;340546;Biobaza;0.4000;L;4.89;12.23;;;02.05.2025;4.89;3856020905125;Kozmetika
EN.NAP.SB BOROV.BEZ ©EÆ.0,25 L;340554;S-Budget;0.2500;l;.63;2.52;;;02.05.2025;.63;9100000044842;Piæa
Donut s punj.okusa vanili.71 g;340563;SPAR enjoy;0.0710;kg;0.69;9.72;;;02.05.2025;0.69;8590325509828;Hrana
INST.KAVA NES.BLAC.ROAST 200 g;340566;Nescafe;0.2000;kg;11.39;56.95;;;02.05.2025;11.39;7613038902364;Piæa
KAPSULE S-BUDGET LUNGO 156 g;340576;S-Budget;0.1560;kg;8.49;54.42;;;02.05.2025;8.49;9100000891316;Piæa
KAPSULE S-BUDGET ESPRESSO156 g;340583;S-Budget;0.1560;kg;8.49;54.42;;;02.05.2025;8.49;9100000891330;Piæa
PIVO CARLSBERG LIM.0,5 L;340585;Carlsberg;0.5000;L;1.58;3.16;;;02.05.2025;1.58;8606103965318;Piæa
TOAST S-BUDGET 750 g;340604;S-BUDGET;0.7500;kg;1.79;2.39;;;02.05.2025;1.79;3856021215759;Hrana
TJEST.FEL.INT.RI®.PEN.BG.250 g;340631;;0.2500;kg;3.49;13.96;;;02.05.2025;3.49;8032804431027;Hrana
KRU©NE MRVICE SPAR 500 g;340632;SPAR Qualitätsmarke;0.5000;kg;1.49;2.98;;;02.05.2025;1.52;9100000134000;Hrana
MJE©AVINA RIBE ZA BRUDET 750 g;340633;;0.7500;kg;4.49;5.99;;;02.05.2025;4.49;3858890597875;Hrana
KOCKE ZA JUHU NATURATA BG.72 g;340642;;0.0720;kg;2.29;31.81;;;02.05.2025;2.29;4024297013983;Hrana
KOCKE ZA JUHU NATURATA BG.72 g;340645;;0.0720;kg;2.22;30.83;;;02.05.2025;2.22;4024297015284;Hrana
KRUPICA WERZ INT.RI®A BG.250 g;340646;;0.2500;kg;3.99;15.96;;;02.05.2025;3.99;4000430005602;Hrana
KRUPICA WERZ INT.HELJ.BG.250 g;340649;;0.2500;kg;4.69;18.76;;;02.05.2025;4.69;4000430007422;Hrana
KRUPICA WERZ INT.PRO.BG.250 g;340650;;0.2500;kg;4.09;16.36;;;02.05.2025;4.09;4000430007439;Hrana
ZOBENA KA©A BAUCKHOF BG.400 g;340651;;0.4000;kg;3.99;9.98;;;02.05.2025;3.99;4015637825427;Hrana
ZOBENE PAHULJICE BAUC.BG.475 g;340653;;0.4750;kg;3.99;8.40;;;02.05.2025;3.99;4015637823645;Hrana
BRA©NO BAUCKH.IN.RI®A BG.500 g;340654;;0.5000;kg;4.39;8.78;;;02.05.2025;4.39;4015637822884;Hrana
FALAFEL MJE©AV.BAUC.BG.160 g;340658;;0.1600;kg;2.89;18.06;;;02.05.2025;2.89;4015637822952;Hrana
ÈAJ S-BUDGET ZELENI ÈAJ 30 g;340659;Agristar;0.0300;kg;0.65;21.67;;;02.05.2025;0.65;3856021217104;Piæa
FALAFEL MJE©AVINA BAU.BG 160 g;340661;;0.1600;kg;2.99;18.69;;;02.05.2025;2.99;4015637824833;Hrana
ÈAJ S-BUDGET MENTA ÈAJ 20 g;340667;Agristar;0.0200;kg;0.59;29.50;;;02.05.2025;0.59;3856021217227;Piæa
TJES.KLARA MARIÆ MAFALDE 400 g;340683;Klara M;0.4000;kg;3.49;8.73;;;02.05.2025;3.49;3859893308192;Hrana
TJ.KLARA MARIÆ FIDELINI 400 g;340685;Klara M;0.4000;kg;3.49;8.73;;;02.05.2025;3.49;3859893308154;Hrana
TJ.KLARA MARIÆ REZANCI 400 g;340686;Klara M;0.4000;kg;3.49;8.73;;;02.05.2025;3.49;3859893308161;Hrana
NAMAZ RIO MARE PATE TUNA 115 g;340711;Rio Mare;0.1150;kg;4.99;43.39;;;02.05.2025;4.99;8004030546004;Hrana
NAMAZ RIO MARE PATE TUNA 115 g;340712;Rio Mare;0.1150;kg;4.99;43.39;;;02.05.2025;4.99;8004030546028;Hrana
NAMAZ RIO MARE PATE TUNA 115 g;340713;Rio Mare;0.1150;kg;4.99;43.39;;;02.05.2025;4.99;8004030547001;Hrana
POK.PAK.NEUTROGENA PLAVI;340717;Neutrogena;1.0000;KOM;11.99;11.99;;;02.05.2025;11.99;3858890476163;Kozmetika
NAM.ST.DALFOUR BOROVNICA 284 g;340757;St Dalfour;0.2840;kg;4.99;17.57;;;02.05.2025;4.99;3492390020961;Hrana
NAMAZ ST.DALFOUR MALINA 284 g;340758;St Dalfour;0.2840;kg;4.99;17.57;;;02.05.2025;4.99;3492390020954;Hrana
SAP.DIVLJI CVIT ANTIBAKT.100 g;340766;DIVLJI CVIT;0.1000;kg;2.30;23.00;;;02.05.2025;2.30;3859893393631;Kozmetika
SAPUN DIVLJI CVIT SMILJE 100 g;340769;DIVLJI CVIT;0.1000;kg;2.30;23.00;;;02.05.2025;2.30;3859893393037;Kozmetika
SAP.DIVLJI CVIT LAVANDA 100 g;340772;DIVLJI CVIT;0.1000;kg;2.30;23.00;;;02.05.2025;2.30;3859893393013;Kozmetika
SAP.DIVLJI CVIT NEVEN  100 g;340773;DIVLJI CVIT;0.1000;kg;2.30;23.00;;;02.05.2025;2.30;3859893393044;Kozmetika
SERUM DIVLJI C.SMILJE 30 ml;340775;DIVLJI CVIT;0.0300;L;10.69;356.33;;;02.05.2025;10.69;3859893393563;Kozmetika
KREMA DIVLJI CVIT BADEM 30 ml;340776;DIVLJI CVIT;0.0300;L;5.99;199.67;;;02.05.2025;5.99;3859893393280;Kozmetika
KREMA DIVLJI CVIT NOÆNA 30 ml;340778;DIVLJI CVIT;0.0300;L;4.50;150.00;;;02.05.2025;4.50;3859893393341;Kozmetika
KREMA DIVLJI CVIT DNEVNA 30 ml;340779;DIVLJI CVIT;0.0300;L;4.50;150.00;;;02.05.2025;4.50;3859893393334;Kozmetika
©UM.TABLE.VITAL VIT.C+ZN 80 g;340785;SPAR Vital;0.0800;kg;1.79;22.38;;;02.05.2025;1.79;8001300440321;Hrana
©UM.TABL.VITAL MG+VIT.B 80 g;340786;SPAR Vital;0.0800;kg;1.79;22.38;;;02.05.2025;1.79;8001300440314;Hrana
©UM.TABL.VITAL MUL.+MIN.80 g;340787;SPAR Vital;0.0800;kg;1.79;22.38;;;02.05.2025;1.79;8001300440307;Hrana
©UM.TABL.VITAL CA+VIT.D 80 g;340789;SPAR Vital;0.0800;kg;1.79;22.38;;;02.05.2025;1.79;8001300440345;Hrana
LIKER PELIN.NAR.GIFT BOX 0,7 L;340868;;0.7000;L;13.02;18.60;;;02.05.2025;13.02;3850112111579;Piæa
LIKER PELIN.GOR.GIFT BOX 0,7 L;340870;;0.7000;L;13.42;19.17;;;02.05.2025;13.42;3850112111555;Piæa
RAJÈICA PREMIUM FILETI 400 g;340880;Premium;0.4000;kg;1.69;4.23;;;02.05.2025;1.69;8001300241874;Hrana
MJE©AVINA ZA KRUH FRE.FR.500 g;340916;SPAR free from;0.5000;kg;2.99;5.98;;;02.05.2025;2.99;9100000838175;Hrana
ZUB.PASTA PLIDENTA SUPER.75 ml;340942;Plidenta;0.0750;L;;20.00;1.50;2.19;02.05.2025;2.19;3856007908071;Kozmetika
ZUB.PAS.PLIDEN.PROTE.PRO.75 ml;340943;Plidenta;0.0750;L;;20.00;1.50;2.19;02.05.2025;2.19;3856007908064;Kozmetika
ZU.PASTA PLIDENTA HERBAL 75 ml;340945;Plidenta;0.0750;L;;20.00;1.50;2.19;02.05.2025;2.19;3856007908057;Kozmetika
ZUB.PAS.PLIDENTA E.WHITE 75 ml;340949;Plidenta;0.0750;L;;21.33;1.60;2.29;02.05.2025;2.29;3856007908026;Kozmetika
ZU.PA.PLIDENTA PARODONT 75 ml;340957;Plidenta;0.0750;L;;22.67;1.70;2.49;02.05.2025;2.49;3856007908040;Kozmetika
ZUB.PA.PLIDENTA TOTAL WH.75 ml;340959;Plidenta;0.0750;L;;26.00;1.95;2.79;02.05.2025;2.79;3856007908088;Kozmetika
MARAMICE ARF DEZICLEAN 40/1 ;341016;Arf;40.0000;kom;1.69;0.04;;;02.05.2025;1.69;3850105174741;Sredstva za èi¹æenje
BOM.S-BUD.EUKA MENTOL 200 g;341136;S-Budget;0.2000;kg;1.99;9.95;;;02.05.2025;1.99;9100000985954;Hrana
PREZ.BILLY BOY FRESH.&FEE.12/1;341153;Billy Boy;12.0000;KOM;;0.50;5.99;6.89;02.05.2025;6.89;4008600354116;Toaletne potrep¹tine
D®EM BONNE MAMAN JAGODA 370 g;341341;Bonne Maman;0.3700;kg;4.99;13.49;;;02.05.2025;7.49;3045320082074;Hrana
ZAM.MLIJEKO NAN COMFOR.1 800 g;341344;Nan;0.8000;kg;18.99;23.74;;;02.05.2025;18.99;7613034965790;Hrana
ZAM.MLIJEKO NAN COMFOR.2 800 g;341345;Nan;0.8000;kg;18.39;22.99;;;02.05.2025;18.39;7613034965769;Hrana
ZAM.MLIJEKO NAN COMFOR.3 800 g;341347;Nan;0.8000;kg;18.99;23.74;;;02.05.2025;19.39;7613034965530;Hrana
SLADILO SL.LIST STEVIJA 200 g;341363;;0.2000;kg;4.64;23.20;;;02.05.2025;4.64;3858891762548;Hrana
KRE.GEL NIVEA ROSE T.DNE.50 ml;341366;Nivea;0.0500;L;11.99;239.80;;;02.05.2025;11.99;9005800339702;Kozmetika
MIC.VODA SIMPLE KTS 400 ml;341386;SIMPLE;0.4000;L;6.99;17.48;;;02.05.2025;6.99;8710908371509;Kozmetika
GEL ZA LICE SIMPLE KTS 150 ml;341393;SIMPLE;0.1500;L;6.99;46.60;;;02.05.2025;6.99;5011451103870;Kozmetika
BAL.USNE VASELINE ORIGINA.20 g;341408;Vaseline;1.0000;kom;2.99;2.99;;;02.05.2025;2.99;5099802150117;Kozmetika
MICELARNA PJENA AFRODIT.150 ml;341436;Afrodita;0.1500;L;8.49;56.60;;;02.05.2025;8.49;3831070654957;Kozmetika
Sir Ovidur tvrdi 1/4 kri¹ka;341438;Vindija;1.0000;kg;29.99;29.99;;;02.05.2025;29.99;3850108052862;Hrana
Sir Bovidur Tvrdi 1/4 kri¹ka;341440;Vindija;1.0000;kg;18.99;18.99;;;02.05.2025;18.99;3850108052879;Hrana
Sir Caprodur tvrdi 1/4  kri¹ka;341442;Vindija;1.0000;kg;29.99;29.99;;;02.05.2025;29.99;3850108052886;Hrana
PIVO CRAFTERS PALE ALE 0,5 L ;341446;;0.5000;L;2.52;5.04;;;02.05.2025;2.52;3859893368608;Piæa
BISKVIT DESPAR KAKAO 280 g;341493;DESPAR;0.2800;kg;1.79;6.39;;;02.05.2025;1.79;8001300804147;Hrana
BISKVIT DESPAR MILK 280 g;341495;DESPAR;0.2800;kg;1.79;6.39;;;02.05.2025;1.79;8001300804154;Hrana
MARAMICE VLA®NE INTIM.XME 20/1;341514;Despar;20.0000;KOM;0.95;0.05;;;02.05.2025;0.95;8001300820628;Toaletne potrep¹tine
DOD.JELIMA FANT TORTILJE 40 g;341529;Podravka;0.0400;kg;1.39;34.75;;;02.05.2025;1.39;3856020236472;Hrana
DO.JE.FANT CHIL.CON CARNE 55 g;341530;Podravka;0.0550;kg;1.39;25.27;;;02.05.2025;1.39;3856020236441;Hrana
DO.JE.FANT PILET.S 4 SIRA 40 g;341531;Podravka;0.0400;kg;1.39;34.75;;;02.05.2025;1.39;3856020236502;Hrana
PAPRIKA 3 BOJE S BUDGET;341551;S-BUDGET;0.5000;kg;;3.18;1.59;1.99;02.05.2025;2.69;8436014821133;Hrana
HRANA ZA PSE SCOTTY PER.1240 g;341552;Scotty;1.2400;kg;1.99;1.60;;;02.05.2025;1.99;5999033896153;Proizvodi za kuæanstvo
HRANA ZA PSE SCOTTY GOV.1240 g;341558;Scotty;1.2400;kg;1.99;1.60;;;02.05.2025;1.99;5999033896177;Proizvodi za kuæanstvo
HRANA ZA PSE SCOTTY 1240 g;341559;Scotty;0.1240;kg;1.99;16.05;;;02.05.2025;1.99;5999033896160;Proizvodi za kuæanstvo
GUM.BOMB.CHUPA C.TRE©NJA 10 g;341562;;0.0100;kg;0.39;39.00;;;02.05.2025;0.39;84198402;Hrana
FLIPS BOBI TOBY KETCHUP 40 g;341566;;0.0400;kg;0.65;16.25;;;02.05.2025;0.65;3858891591049;Hrana
FLIPS BOBI TOBY SLANI 40 g;341567;;0.0400;kg;0.57;14.25;;;02.05.2025;0.57;3858891591063;Hrana
ÈAJ DESPAR EARL GREY 42,5 g ;341576;Despar;0.0425;kg;1.45;34.12;;;02.05.2025;1.45;8001300500780;Piæa
VANILIN ©EÆE.DR.OETK.8 g (8+2);341622;Dr. Oetker;0.0800;kg;1.76;22.00;;;02.05.2025;1.76;5997381367288;Hrana
KVASAC INSTA.DR.OETK.7 g (4+1);341624;Dr. Oetker;0.0280;kg;2.36;84.29;;;02.05.2025;2.36;4000521024444;Hrana
VINO NR MALVASIA NERA 0,75 L;341650;;0.7500;L;7.59;10.12;;;02.05.2025;7.59;8023354100112;Piæa
VINO MONT.CRIANZA RIOJA 0,75 L;341651;;0.7500;L;7.79;10.39;;;02.05.2025;7.79;8410337323031;Piæa
REG.DUBOKI HASK ARGAN 50 g;341654;HASK;1.0000;L;3.18;3.18;;;02.05.2025;3.18;0071164333068;Kozmetika
©AMPON HASK ARGAN 355 ml;341655;HASK;0.3550;L;7.30;20.56;;;02.05.2025;7.30;0071164343166;Kozmetika
VINO NOTTE ROSSA P.DI M 0,75 L;341657;;0.7500;L;13.03;17.37;;;02.05.2025;13.03;8023354091311;Piæa
REG.DUBOKI HASK KERATIN 50 g;341662;HASK;1.0000;kom;3.18;3.18;;;02.05.2025;3.18;0071164333075;Kozmetika
ULJE ZA KOSU HASK KERAT.18 ml;341665;HASK;0.0180;L;2.89;160.56;;;02.05.2025;2.89;0071164323175;Kozmetika
PJENU©AC TOMAZ ROSE 0,75 L;341678;;0.7500;L;18.99;25.32;;;02.05.2025;18.99;3857500055033;Piæa
SPAR ISO NAPITAK EXOTIC 0,75 L;341681;SPAR;0.7500;l;1.48;1.97;;;02.05.2025;1.48;9100000893259;Piæa
VINO TOMAZ DOLCE ANIMA 0,5 L;341685;;0.5000;L;15.19;30.38;;;02.05.2025;15.19;3857500055071;Piæa
KEKS PRINCEZA ORIGINAL 230 g;341709;Koestlin;0.2300;kg;2.99;13.00;;;02.05.2025;2.99;3856014101649;Hrana
MASLINE ZVIJEZDA ZEL.BK.700 g;341710;Zvijezda;0.3400;kg;4.69;13.79;;;02.05.2025;4.69;3856015322067;Hrana
KEKS PRINCEZA ÈOKO KOKOS 230 g;341711;Koestlin;0.2300;kg;2.99;13.00;;;02.05.2025;2.99;3856014101618;Hrana
SOK ARONIJA VITAL BIO 750 ml;341726;SPAR Vital;0.7500;l;9.99;13.32;;;02.05.2025;10.92;3856021216893;Piæa
LIZALICA PAS PRIVJESAK 10,5 g;341731;DUPIN;0.0105;kg;2.75;261.90;;;02.05.2025;2.75;8435124855052;Hrana
VAFEL FL.ROL KAKAO 150 g;341733;DUPIN;0.1500;kg;1.69;11.27;;;02.05.2025;1.69;5908234805635;Hrana
LIKER MOZART GOLD 0,5L+ÈA©A;341735;;0.5000;L;18.99;37.98;;;02.05.2025;18.99;9005701015415;Piæa
WHISK.JW BLACK+2ÈA©E 0,7L;341758;;0.7000;L;35.52;50.74;;;02.05.2025;35.52;5000267196626;Piæa
VODA JANA VITAMIN ANTIOX 1,5 L;341776;Jamnica;1.5000;l;1.79;1.19;;;02.05.2025;1.79;3858890875607;Piæa
VODA JANA VITAMIN ANTIOX 0,5 L;341778;Jamnica;0.5000;l;1.19;2.38;;;02.05.2025;1.19;3858890875638;Piæa
FER.PROIZVOD BIO ZOB NP 400 g;341882;Natur pur;0.4000;kg;1.79;4.48;;;02.05.2025;1.79;9100000891125;Hrana
RU® ZA USNE VELVET MATT 501;341919;Eveline;1.0000;kom;5.29;5.29;;;02.05.2025;5.29;5901761942095;Kozmetika
LAK EVELINE GEL LAQUE 42;341925;Eveline;1.0000;kom;3.09;3.09;;;02.05.2025;3.09;5903416010197;Kozmetika
LAK EVELINE GEL LAQUE 49;341927;Eveline;1.0000;kom;3.09;3.09;;;02.05.2025;3.09;5903416010258;Kozmetika
LAK EVELINE GEL LAQUE 52;341929;Eveline;1.0000;kom;3.09;3.09;;;02.05.2025;3.09;5903416010289;Kozmetika
LAK EVELINE GEL LAQUE 54;341930;Eveline;1.0000;kom;3.09;3.09;;;02.05.2025;3.09;5903416010302;Kozmetika
LAK EVELINE GEL LAQUE 55;341931;Eveline;1.0000;kom;3.09;3.09;;;02.05.2025;3.09;5903416010319;Kozmetika
LAK EVELINE GEL LAQUE 57;341932;Eveline;1.0000;kom;3.09;3.09;;;02.05.2025;3.09;5903416010333;Kozmetika
PUDER TEKUÆI SATIN MATT 101;341935;Eveline;1.0000;kom;5.35;5.35;;;02.05.2025;5.35;5901761997613;Kozmetika
TEKUÆI PUDER SATIN MATT 102;341936;Eveline;1.0000;kom;5.35;5.35;;;02.05.2025;5.35;5901761997620;Kozmetika
ÈAJ PODRAVKA SAN 40 g;341948;Podravka;0.0400;kg;2.99;74.75;;;02.05.2025;2.99;3850104301278;Piæa
HOT CHOC INSTANT ANAMAR. 25 g;341959;Anamarija;0.0250;kg;0.49;19.60;;;02.05.2025;0.49;3858881775428;Piæa
ISO SPORT LIMUN GREJP 0,5 L;341979;Vindija;0.5000;l;1.42;2.84;;;02.05.2025;1.42;3850108071665;Piæa
LED.ÈAJ ©UM.VOÆE VINDIJA 1,5 L;341983;Vindija;1.5000;l;1.65;1.10;;;02.05.2025;1.65;3850108071856;Piæa
LED.ÈAJ ©UM.VOÆE VINDIJA 0,5 L;341984;Vindija;0.5000;l;1.09;2.18;;;02.05.2025;1.09;3850108071894;Piæa
PA©TETA GAVR.PILEÆA CLAS.150 g;341988;Gavrilovic;0.1500;kg;2.39;15.93;;;02.05.2025;2.39;3858890207729;Hrana
TUNA PA©TETA GAVRILOVIÆ 150 g;341989;Gavrilovic;0.1500;kg;3.39;22.60;;;02.05.2025;3.39;3858890207606;Hrana
PA©TETA GAVR.KOKO©.JETR.100 g;341990;Gavrilovic;0.1000;kg;0.89;8.90;;;02.05.2025;0.89;3858890207644;Hrana
PA©TETA GAVRIL.PILE.CLAS.100 g;341991;Gavrilovic;0.1000;kg;1.35;13.50;;;02.05.2025;1.35;3858890207743;Hrana
PA©TETA GAVR.KOKO©.CLAS.100 g;341992;Gavrilovic;0.1000;kg;1.35;13.50;;;02.05.2025;1.35;3858890207682;Hrana
PUDER TEKUÆI SATIN MATT 103;341993;Eveline;1.0000;kom;5.35;5.35;;;02.05.2025;5.35;5901761997637;Kozmetika
PA©TETA GAVRIL.KOKO©.ÈAJ.100 g;341994;Gavrilovic;0.1000;kg;0.89;8.90;;;02.05.2025;0.89;3858890207705;Hrana
PUDER TEKUÆI SATIN MATT 104;341995;Eveline;1.0000;kom;5.35;5.35;;;02.05.2025;5.35;5901761997644;Kozmetika
PA©TETA GAVR.PILE.ROASTY 100 g;341996;Gavrilovic;0.1000;kg;1.35;13.50;;;02.05.2025;1.35;3858890207767;Hrana
TUNA PA©TETA GAVRILOVIÆ 100 g;341997;Gavrilovic;0.1000;kg;1.99;19.90;;;02.05.2025;1.99;3858890207620;Hrana
BLENDER EVEL.MAKE UP SPU®VICA;341999;Eveline;1.0000;kom;6.05;6.05;;;02.05.2025;6.05;5901761991420;Kozmetika
SPAR BIO VREÆE ZA SMEÆ 30L 8/1;342018;SPAR Qualitätsmarke;8.0000;kom;2.09;0.26;;;02.05.2025;2.09;9100000545769;Proizvodi za kuæanstvo
SPAR BIO VREÆ ZA SMEÆ 10L 10/1;342019;SPAR Qualitätsmarke;10.0000;kom;1.49;0.15;;;02.05.2025;1.49;9100000893006;Proizvodi za kuæanstvo
BU VREÆE ZA SMEÆE 30L 35/1 ;342036;S-BUDGET;35.0000;kom;1.99;0.06;;;02.05.2025;1.99;9100000545479;Proizvodi za kuæanstvo
MASKARA EVELINE EX.LASHES;342042;Eveline;1.0000;kom;4.39;4.39;;;02.05.2025;4.39;5903416007920;Kozmetika
BU VREÆE ZA SMEÆE 60L 20/1 ;342046;S-BUDGET;20.0000;kom;1.99;0.10;;;02.05.2025;1.99;9100000545486;Proizvodi za kuæanstvo
SPAR VREÆA ZA SMEÆE 25L 40/1;342047;SPAR Qualitätsmarke;40.0000;kom;;0.02;0.89;1.79;02.05.2025;1.79;9100000545493;Proizvodi za kuæanstvo
SPAR VR. ZA SMEÆ EXT 110L 10/1;342050;SPAR Qualitätsmarke;10.0000;kom;;0.18;1.79;3.59;02.05.2025;3.59;9100000545509;Proizvodi za kuæanstvo
SPAR VREÆE ZA SME TR. 10L 80/1;342051;SPAR Qualitätsmarke;80.0000;kom;3.29;0.04;;;02.05.2025;3.29;9100000545516;Proizvodi za kuæanstvo
SPAR VREÆA ZA SMEÆE 35L 30/1 ;342053;SPAR Qualitätsmarke;30.0000;kom;;0.06;1.84;3.69;02.05.2025;3.69;9100000545523;Proizvodi za kuæanstvo
KRU©NE MRVICE S BUDGET 250 g;342070;S-BUDGET;0.2500;kg;0.69;2.76;;;02.05.2025;0.69;3856021210723;Hrana
KRU©NE MRVICE S BUDGET 500 g;342071;S-BUDGET;0.5000;kg;0.95;1.90;;;02.05.2025;0.95;3856021210747;Hrana
SPAR VREÆA ZA SMEÆE 45L 20/1 ;342072;SPAR Qualitätsmarke;20.0000;kom;;0.06;1.29;2.59;02.05.2025;2.59;9100000545530;Proizvodi za kuæanstvo
SPAR VREÆA ZA SMEÆE 70L 20/1 ;342073;SPAR Qualitätsmarke;20.0000;kom;;0.09;1.89;3.79;02.05.2025;3.79;9100000545547;Proizvodi za kuæanstvo
SPAR VR. ZA SME MIRIS.30L 20/1;342074;SPAR Qualitätsmarke;20.0000;kom;2.19;0.11;;;02.05.2025;2.19;9100000545592;Proizvodi za kuæanstvo
SPAR VR. ZA SME MIRIS.60L 25/1;342075;SPAR Qualitätsmarke;25.0000;kom;2.29;0.09;;;02.05.2025;2.29;9100000545608;Proizvodi za kuæanstvo
SPAR BIO KOMPO. VREÆA 10L 10/1;342076;SPAR Qualitätsmarke;10.0000;kom;2.29;0.23;;;02.05.2025;2.29;9100000545615;Proizvodi za kuæanstvo
SPAR VREÆA ZA SM. REC.35L 20/1;342077;SPAR Qualitätsmarke;20.0000;kom;;0.10;1.99;3.99;02.05.2025;3.99;9100000545639;Proizvodi za kuæanstvo
SPAR VREÆA ZA SM. REC.60L 15/1;342078;SPAR Qualitätsmarke;15.0000;kom;;0.15;2.29;4.59;02.05.2025;4.59;9100000545646;Proizvodi za kuæanstvo
SPAR VREÆA ZA SM.REC.120L 10/1;342079;SPAR Qualitätsmarke;10.0000;kom;3.99;0.40;;;02.05.2025;3.99;9100000545653;Proizvodi za kuæanstvo
OMEK.VIOLETA 2,7L CORAL SEA;342105;Violeta;2.7000;kom;4.99;1.85;;;02.05.2025;4.99;3870128023932;Sredstva za èi¹æenje
OMEK.VIOLETA 2,7L ROSE GOLD;342107;Violeta;2.7000;kom;4.99;1.85;;;02.05.2025;4.99;3870128023963;Sredstva za èi¹æenje
LOPTA VITAKR.ZA MAÈ.PRIR.GUMA;342194;Vitakraft;1.0000;kom;3.19;3.19;;;02.05.2025;3.19;4008239398888;Proizvodi za kuæanstvo
KEKS DIGEST.McVITIE´S 2x400 g;342199;Mc Vitie's;0.8000;kg;4.37;5.46;;;02.05.2025;4.37;5000396032758;Hrana
PIJETAO SVJE®I VRTOVI HRVATSKE;342234;SPAR Kroatische Gärten;1.0000;kg;;3.99;3.99;5.59;02.05.2025;5.59;3856021211522;Hrana
ZOBENA KA©A FREE FROM 375 g;342241;SPAR free from;0.3750;kg;4.29;11.44;;;02.05.2025;4.29;9100000994338;Hrana
KAJZERICE FREE FROM 250 g;342242;SPAR free from;0.2500;kg;3.39;13.56;;;02.05.2025;3.34;9100000948812;Hrana
HRANA ZA MAÈ.MOL.PR.GO.4X100 g;342247;Molly;0.4000;kg;1.99;4.98;;;02.05.2025;1.99;9100000892634;Proizvodi za kuæanstvo
HRANA ZA MAÈKE MOL.PIL.4X100 g;342248;Molly;0.4000;kg;1.99;4.98;;;02.05.2025;1.99;9100000892658;Proizvodi za kuæanstvo
HRANA ZA PSE SCO.NAT.PIL.300 g;342250;Scotty;0.3000;kg;1.29;4.30;;;02.05.2025;1.29;9100000891514;Proizvodi za kuæanstvo
KAPARI S-BUDGET 150 g;342252;S-Budget;0.0950;kg;1.45;15.26;;;02.05.2025;1.45;9100000976549;Hrana
SMOOTHIE+VODA P.DRAGON 330 ml;342257;SPAR enjoy;0.3300;L;1.39;4.21;;;02.05.2025;1.39;9100000898094;Piæa
AJVAR SPAR BLAGI 550 g;342266;SPAR;0.5500;kg;6.39;11.62;;;02.05.2025;6.39;3856021217180;Hrana
AJVAR SPAR LJUTI 550 g;342267;SPAR;0.5500;kg;6.39;11.62;;;02.05.2025;6.39;3856021217203;Hrana
MANGO SU©ENI SEEBERGER 100 g;342273;Seeberger;0.1000;kg;4.19;41.90;;;02.05.2025;4.19;4008258276006;Hrana
Sir gouda Nizozemska ;342294;;1.0000;kg;11.99;11.99;;;02.05.2025;11.99;93830019420403;Hrana
JOG.NATUR SPAR HIGHT PRO.500 g;342308;SPAR;0.5000;kg;1.59;3.18;;;02.05.2025;1.59;9100000899602;Hrana
SIR KOZJI POLUT.CAPR.CCA 200 g;342327;;1.0000;kg;31.99;31.99;;;02.05.2025;31.99;3859893605215;Hrana
JOGU.VOÆ.FORTIA ®ITARICE 330 g;342340;Z Bregov;0.3300;kg;1.49;4.52;;;02.05.2025;1.49;3850108035964;Hrana
JOG.VOÆ.FORTIA ®ITARICE 1 kg;342341;Z Bregov;1.0000;kg;2.69;2.69;;;02.05.2025;2.69;3850108035940;Hrana
FU®I SVJE®I AURELIA 250 g;342368;Aurelia;0.2500;kg;2.29;9.16;;;02.05.2025;2.29;3859893533365;Hrana
MAJONEZA ZVIJEZDA 270 g;342387;Zvijezda;0.2700;kg;3.19;11.81;;;02.05.2025;3.19;3856015322098;Hrana
MAJONEZA PR®ENI LUK ZVIJE.85 g;342388;Zvijezda;0.0850;kg;1.19;14.00;;;02.05.2025;1.19;3856015322180;Hrana
JOG.ACTIMEL JAGODA.4X100 g;342391;Danone;0.4000;kg;2.49;6.23;;;02.05.2025;2.49;5997536303789;Hrana
Z.P. COLGATE ADVANCED WH.75 ml;342473;Colgate;0.0750;L;2.79;37.20;;;02.05.2025;2.79;8718951253827;Kozmetika
VODA FRUC.FIRST KRU©.LAV.0,5 L;342509;First;0.5000;l;1.22;2.44;;;02.05.2025;1.22;3838945035293;Piæa
VAFEL ÈOK.ROL.LJE©.S BUD.200 g;342601;S-Budget;0.2000;kg;2.99;14.95;;;02.05.2025;2.99;9100000892566;Hrana
VAFEL ROLICE LJE©.S BUD.400 g;342603;S-Budget;0.4000;kg;3.05;7.63;;;02.05.2025;3.05;9100000892580;Hrana
GEL TU©.PALMOL.MEN 3IN1 500 ml;342604;Palmolive;0.5000;L;4.49;8.98;;;02.05.2025;4.49;8718951036239;Kozmetika
KEKS S BUD.ÈOK.PRELJEV 300 g;342611;S-Budget;0.3000;kg;2.05;6.83;;;02.05.2025;2.05;3856021217531;Hrana
VODA JANA PET 1,5L 4pack;342614;Jana;6.0000;l;3.3;0.55;;;02.05.2025;2.89;3858890876062;Piæa
HRANA ZA MAÈ.MOL.NAT.GOV.100 g;342629;Molly;0.1000;kg;0.59;5.90;;;02.05.2025;0.59;9100000891439;Proizvodi za kuæanstvo
HRANA ZA PSE SCO.NAT.GOV.150 g;342630;Scotty;0.1500;kg;0.99;6.60;;;02.05.2025;0.99;9100000891453;Proizvodi za kuæanstvo
HRANA ZA PSE SCO.NAT.JA.150 g;342631;Scotty;0.1500;kg;0.99;6.60;;;02.05.2025;0.99;9100000891477;Proizvodi za kuæanstvo
MED VRTOVI HRV.CVJETNI 450 g;342633;SPAR Kroatische Gärten;0.4500;kg;3.99;8.87;;;02.05.2025;3.99;3856021211102;Hrana
MED VRTOVI HRVATSKE LIPA 450 g;342635;SPAR Kroatische Gärten;0.4500;kg;4.79;10.64;;;02.05.2025;4.76;3856021211164;Hrana
MED VRTOVI HRV. BAGREM 450 g;342636;SPAR Kroatische Gärten;0.4500;kg;6.99;15.53;;;02.05.2025;6.99;3856021211140;Hrana
MED VRTOVI HRV. KESTEN 450 g;342637;SPAR Kroatische Gärten;0.4500;kg;6.79;15.09;;;02.05.2025;6.79;3856021211126;Hrana
VODA FRU.FIRST LIMUN MEN.0,5 L;342638;First;0.5000;l;1.22;2.44;;;02.05.2025;1.22;3838945035309;Piæa
KOB.KRAWUZZI KLASIK 80 g;342642;Krainer;0.0800;kg;2.19;27.38;;;02.05.2025;2.19;9004286431733;Hrana
VODA FR.FIRST NARANÈA ÐU.0,5 L;342644;First;0.5000;l;1.22;2.44;;;02.05.2025;1.22;3838945035316;Piæa
SIRUP FRUCTAL NAR RIBIZ 1 L;342649;Fructal;1.0000;l;2.99;2.99;;;02.05.2025;2.99;3838945038911;Piæa
SIRUP FRUCTAL DVOJNI C 1 L;342652;Fructal;1.0000;l;2.99;2.99;;;02.05.2025;2.99;3838945038904;Piæa
SIRUP FRUCTAL JAB.LIM.TRAV.1 L;342653;Fructal;1.0000;l;2.99;2.99;;;02.05.2025;2.99;3838945038928;Piæa
PEC.S-BUDGET HOT DOG 4/1 250 g;342665;S-BUDGET;0.2500;kg;1.19;4.76;;;02.05.2025;1.20;9100000833644;Hrana
PEC.S-BUDGET MEGABURGER 300 g;342666;S-BUDGET;0.3000;kg;1.19;3.97;;;02.05.2025;1.20;9100000833668;Hrana
©AM.SYOSS ANTI-DANDRUFF 440 ml;342689;Syoss;0.4400;L;4.59;10.43;;4.49;02.05.2025;4.49;9000101277173;Kozmetika
©AMP.SYOSS COL.GUARD 440 ml;342691;Syoss;0.4400;L;4.59;10.43;;4.49;02.05.2025;4.49;9000101276916;Kozmetika
©AMP.SYOSS FULL HAIR 5D 440 ml;342693;Syoss;0.4400;L;4.59;10.43;;4.49;02.05.2025;4.49;9000101276992;Kozmetika
©AMP.SYOSS REPAIR THER.440 ml;342694;Syoss;0.4400;L;4.59;10.43;;4.49;02.05.2025;4.49;9000101276879;Kozmetika
©AMP.SYOSS CURLS&WAVES 440 ml;342695;Syoss;0.4400;L;4.59;10.43;;4.49;02.05.2025;4.49;9000101277517;Kozmetika
©AMPON SYOSS KERATIN 440 ml;342702;Syoss;0.4400;L;4.59;10.43;;4.49;02.05.2025;4.49;9000101277050;Kozmetika
REGEN.SYOSS COLOR GUARD 440 ml;342704;Syoss;0.4400;L;4.59;10.43;;4.49;02.05.2025;4.49;9000101277937;Kozmetika
REGEN.SYOS REPAIR THER.440 ml;342706;Syoss;0.4400;L;4.59;10.43;;4.49;02.05.2025;4.49;9000101278057;Kozmetika
REG.SYOSS CURLS&WAVES 440 ml;342708;Syoss;0.4400;L;4.99;11.34;;;02.05.2025;2.99;9000101277999;Kozmetika
REGENER.SYOSS KERATIN 440 ml;342710;Syoss;0.4400;L;4.59;10.43;;4.49;02.05.2025;4.49;9000101278217;Kozmetika
PREZ.DUREX INVISIBLE XL 10/1;342714;Durex;10.0000;kom;;1.34;13.39;16.79;02.05.2025;16.79;5949031350072;Toaletne potrep¹tine
GEL DUREX NATURAL.EX. S.100 ml;342715;Durex;0.1000;l;;118.90;11.89;14.89;02.05.2025;14.89;5997321773605;Toaletne potrep¹tine
ÈIPS S TARTUFIMA SPAR PR.50 g;342716;SPAR PREMIUM;0.0500;kg;2.91;58.20;;;02.05.2025;2.91;3856021210693;Hrana
ÈAJ JUBILARNI AGRISTAR 30 g;342717;Agristar;0.0300;kg;1.69;56.33;;;02.05.2025;1.69;3858886500698;Piæa
SERUM BIOBAZA ANTI AGE 15 ml;342723;Biobaza;0.0150;L;13.29;886.00;;;02.05.2025;13.29;3856020904302;Kozmetika
SERUM BIOBAZA HIDRATANT.15 ml;342725;Biobaza;0.0150;L;13.29;886.00;;;02.05.2025;13.29;3856020903565;Kozmetika
©EÆER NARANÈA DOLCELA 10 g ;342837;Dolcela;0.0100;kg;0.39;39.00;;;02.05.2025;0.39;3856020238520;Hrana
FALAFEL KUGL.VEGGIE SPAR 450 g;342886;SPAR Veggie;0.4500;kg;5.19;11.53;;;02.05.2025;5.19;9100000889665;Hrana
GRANOLA SANTE GO ON ÈOKO.300 g;342895;Sante;0.3000;kg;4.99;16.63;;;02.05.2025;4.99;5900617039262;Hrana
GEL.TU©.L´ANGELICA ®ITA.500 ml;342927;L'Angelica;0.5000;L;2.99;5.98;;;02.05.2025;2.99;8017331077108;Kozmetika
PIVO LOWENBRAU 4X0,5 L LIMENKA;342932;Löwenbräu;2.0000;L;3.61;1.81;;;02.05.2025;3.61;3850131005750;Piæa
FLAST.LICE DESPAR PRO.AKNI 40;342936;Despar;40.0000;KOM;1.69;0.04;;;02.05.2025;1.72;8001300935391;Kozmetika
ÈET.DESPAR INTERDEN.1,3mm 5/1;342945;Despar;5.0000;kom;1.85;0.37;;;02.05.2025;1.85;8001300901433;Kozmetika
ÈET.DESPAR INTERDEN.1,1mm 5/1;342946;Despar;5.0000;kom;1.85;0.37;;;02.05.2025;1.85;8001300901419;Kozmetika
ÈET.DESPAR INTERDEN.0,9mm 5/1;342947;Despar;5.0000;kom;1.85;0.37;;;02.05.2025;1.85;8001300901426;Kozmetika
GEL S BUDGET ZA ODVODE 1 L ;342950;S-Budget;1.0000;l;1.49;1.49;;;02.05.2025;1.49;3856021217241;Sredstva za èi¹æenje
SRE.SPLENDID KUPAONICA 750 ml ;342954;Splendid;0.7500;L;1.49;1.99;;;02.05.2025;1.49;3856021217265;Sredstva za èi¹æenje
ENERG.PIÆE HELL RED GRAP.0,5 L;342955;;0.5000;l;1.69;3.38;;;02.05.2025;1.69;5999885746552;Piæa
WHISKEY J.W.BLACK LA.0,5 L 12Y;342963;;0.5000;L;24.39;48.78;;;02.05.2025;24.39;5000267024400;Piæa
GAMBERI FRESCO 350 g;342967;Fresco;0.3500;kg;5.49;15.69;;;02.05.2025;5.49;3850116036625;Hrana
©TAPIÆI PRIMA KIKIRIKI 40 g;342985;Prima;0.0400;kg;0.46;11.50;;;02.05.2025;0.46;8600939212844;Hrana
KAVA BARCA. BL.&EA.STRONG 10 g;342992;Barcaffe;0.0100;kg;0.35;35.00;;;02.05.2025;0.35;3838471041430;Piæa
©AMPON S BUDGET KAMILICA 1 L;343016;S-Budget;1.0000;L;;0.89;0.89;1.19;02.05.2025;1.19;3856021216770;Kozmetika
©AMPON S BUDGET KOPRIVA 1 L;343017;SPAR;1.0000;L;;0.89;0.89;0.99;02.05.2025;0.99;3856021216794;Kozmetika
TEK.SAP.S-BUDGET LIMUN ÐUM.1 L;343018;SPAR;1.0000;L;1.15;1.15;;;02.05.2025;1.15;3856021216756;Kozmetika
KEKS JAFFA MILK CHOCO 158 g;343028;Jaffa;0.1580;kg;1.29;8.16;;;02.05.2025;1.29;8600114009931;Hrana
JOG.NATUR 1% SPAR NP 250g;343041;Spar Natur pur;0.2500;kg;0.89;3.56;;;02.05.2025;0.89;9100000158174;Hrana
Bakalar atlantski filet ;343056;;1.0000;kg;23.99;23.99;;;02.05.2025;23.99;93856024302190;Hrana
©TAPI.ZA U©I BEAUTY KISS 160/1;343078;Beauty Kiss;160.0000;KOM;0.75;0.00;;;02.05.2025;0.75;9100000838465;Toaletne potrep¹tine
©TAPI.ZA U©I BEAUTY KISS 300/1;343079;Beauty Kiss;300.0000;KOM;1.05;0.00;;;02.05.2025;1.06;9100000838441;Toaletne potrep¹tine
POK.PAKET NASHE CAMELLIA;343085;NASHE;1.0000;kom;28.99;28.99;;;02.05.2025;28.99;3859893659690;Kozmetika
SOK HIPP VOÆE VITAMIN C 500 ml;343101;Hipp;0.5000;l;1.69;3.38;;;02.05.2025;1.69;4062300392915;Piæa
POSLAST.ZA PSE BEEF STICK 70 g;343114;Vitakraft;0.0700;kg;2.99;42.71;;;02.05.2025;2.99;4008239288011;Proizvodi za kuæanstvo
FEFERONI S-BUDGET PEÈ.BL.520 g;343121;S-Budget;0.2800;kg;2.89;10.32;;;02.05.2025;2.89;3856021210921;Hrana
CAPPUCCINO SPAR IRISH 200 g;343142;SPAR;0.2000;kg;2.39;11.95;;;02.05.2025;2.39;3856021217289;Piæa
FRANCUSK.SALATA ZVIJEZDA 220 g;343144;Zvijezda;0.2200;kg;2.39;10.86;;;02.05.2025;2.39;3856015321787;Hrana
MEDIHELP GEL DEZIN.RUKU 100 ml;343152;MediHelp;0.1000;L;1.85;18.50;;;02.05.2025;1.85;9100000894461;Kozmetika
ENE.PIÆE S-BUDG.1001NOÆ 0,25 L;343154;S-Budget;0.2500;l;.63;2.52;;;02.05.2025;.63;9100000894980;Piæa
SPAR ENJOYSODA NARANÈA 0,75 L;343159;SPAR enjoy;0.7500;l;1.38;1.84;;;02.05.2025;1.38;9100000897257;Piæa
TEK.SAPUN BECUTAN 250 ml;343171;Becutan;0.2500;L;3.39;13.56;;;02.05.2025;3.39;5310001260798;Kozmetika
MAST PAVLOVIÆ OBITELJSK.100 ml;343172;Pavloviæ;0.1000;L;6.75;67.50;;;02.05.2025;6.75;8600101567581;Kozmetika
KREMA NIVEA 150ml;343190;Nivea;0.1500;L;3.15;21.00;;;02.05.2025;3.15;4005808801046;Kozmetika
PANIRANI PILEÆI MEDALJONI ;343208;Vindija;0.2000;kg;3.19;15.95;;;02.05.2025;3.19;3850159141270;Hrana
PANIRANI PILEÆI ODRESCI 200 g;343210;Vindija;0.2000;kg;3.19;15.95;;;02.05.2025;3.19;3850159141294;Hrana
ÈET.COLGATE 360°CHARCOA.1+1;343236;Colgate;2.0000;kom;5.17;2.59;;;02.05.2025;5.17;8718951197183;Kozmetika
OSVJ.WC ARF LEMON 2X55 g;343239;Arf;0.1100;kg;3.99;36.27;;;02.05.2025;3.99;3850105174895;Sredstva za èi¹æenje
WC OSVJE®IVAÈ ARF PINE 2X55 g ;343240;Arf;0.1100;kg;3.95;35.91;;;02.05.2025;3.95;3850105174987;Sredstva za èi¹æenje
OSVJ.WC ARF BLUE DEZIC.2X33 g ;343241;Arf;0.0660;kg;3.99;60.45;;;02.05.2025;3.99;3850105174956;Sredstva za èi¹æenje
REBRA DIMLJENA VP S BUDGET;343250;S-Budget;1.0000;kg;8.59;8.59;;;02.05.2025;8.59;3856021211720;Hrana
PESTO POLLI GENOVESE 190 g;343270;Polli;0.1900;kg;3.19;16.79;;;02.05.2025;3.19;8001310810626;Hrana
LIGNJA PATAGONICA  S-BUD.400 g;343272;S-BUDGET;0.4000;kg;6.99;17.48;;;02.05.2025;6.99;3856021211478;Hrana
LIGNJUN PACIF. S-BUDGET 400 g;343273;S-Budget;0.3600;kg;4.99;13.86;;;02.05.2025;4.99;3856021211454;Hrana
ÈETK.ZUBE ELMEX ULTRA SOFT 2/1;343292;Elmex;2.0000;KOM;7.99;4.00;;;02.05.2025;7.99;8718951188235;Kozmetika
STUDENTSKI MI. NATUR PUR 300 g;343324;Natur pur;0.3000;kg;4.31;14.37;;;02.05.2025;4.31;9100000842950;Hrana
GOVEÐA KOB.BOÐIRKOVIÆ 175 g ;343327;Boðirkoviæ;0.1750;kg;4.49;25.66;;;02.05.2025;4.64;3858892821022;Hrana
CRNI BAKALAR SPAR 450 g;343351;SPAR;0.3600;kg;;11.64;4.19;5.99;02.05.2025;5.99;3856021211652;Hrana
ROLL ON BOROTALCO INV.FR.50 ml;343366;Borotalco;0.5000;L;3.50;7.00;;;02.05.2025;3.50;80320159;Kozmetika
NAPOLITANKE GULL.ÈOK.B©.180 g;343384;Gullon;0.1800;kg;3.49;19.39;;;02.05.2025;3.49;8410376043365;Hrana
KEKS FREE FROM MASLAC 200 g;343390;SPAR free from;0.2000;kg;3.39;16.95;;;02.05.2025;3.39;9100000861791;Hrana
DIREKT MULT.C/CINK 15/1 37,5 g;343395;Multivita;0.0380;kg;3.79;99.74;;;02.05.2025;3.79;3858881248816;Hrana
KEKS DELICIA CACAO B© 125 g;343398;Delicia;0.1250;kg;3.59;28.72;;;02.05.2025;3.59;3859889106184;Hrana
KEKS DELICIA DETOX  B©.125 g;343399;Delicia;0.1250;kg;3.29;26.32;;;02.05.2025;3.29;3859889106160;Hrana
GEL MEDIHELP DEZINF.RUKU 50 ml;343409;MediHelp;0.0500;L;0.99;19.80;;;02.05.2025;0.99;9100000894393;Kozmetika
PUNJENA JUN. PLJESKAVICA SIR ;343420;;0.4000;kg;4.59;11.48;;;02.05.2025;4.59;3859893373152;Hrana
TAB.SPLENID ZA PER.RUB.3X20 g ;343456;Splendid;0.0600;kg;1.99;33.17;;;02.05.2025;2.12;9100000727028;Sredstva za èi¹æenje
TAB.SPLENID ZA PER.SUÐ.3X20 g ;343457;Splendid;0.0600;kg;2.12;35.33;;;02.05.2025;2.12;9100000727004;Sredstva za èi¹æenje
©AM.GLISS SPLIT END MIR.250 ml;343478;Gliss;0.2500;L;4.29;17.16;;;02.05.2025;4.29;9000101287332;Kozmetika
REG.GLISS SPLIT END MIR.200 ml;343479;Gliss;0.2000;L;4.69;23.45;;;02.05.2025;4.69;9000101287172;Kozmetika
REG.GLISS EXPRESS REPA.200 ml;343480;Gliss;0.2000;L;5.59;27.95;;;02.05.2025;5.59;9000101287233;Kozmetika
DIMLJENA KOLJENICA S BUDGET;343493;S-Budget;1.0000;kg;6.79;6.79;;;02.05.2025;6.79;3856021211737;Hrana
DIMLJENA KRAÈICA S BUDGET;343494;S-Budget;1.0000;kg;6.39;6.39;;;02.05.2025;6.39;3856021211751;Hrana
DIMLJENI PRSNI VR©CI S BUDGET;343495;S-Budget;1.0000;kg;7.49;7.49;;;02.05.2025;7.49;3856021211744;Hrana
ÈAJNO PECIVO  S BUDGET 1 kg;343514;S-BUDGET;1.0000;kg;3.29;3.29;;;02.05.2025;3.29;3856021210655;Hrana
SPR.SPLENDID ZA DEZINFE.250 ml;343528;Splendid;0.2500;L;1.89;7.56;;;02.05.2025;1.89;9100000894911;Sredstva za èi¹æenje
DEO ROLL ON NIVEA F.ROSE 50 ml;343531;Nivea;0.0500;L;4.99;99.80;;;02.05.2025;4.99;42419303;Kozmetika
SIR SVJ.S VRHNJEM MEGGLE 450 g;343546;Meggle;0.4500;kg;;4.42;1.99;2.99;02.05.2025;2.99;3870085020258;Hrana
SIR SVJE®I MEGGLE 7% MM 450 g;343547;Meggle;0.4500;kg;;4.42;1.99;2.55;02.05.2025;2.55;3870085020227;Hrana
KAVA ARABESCA AROMA MLJE.350 g;343549;Arabesca;0.3500;kg;7.79;22.26;;;02.05.2025;7.79;3858886803881;Piæa
PEL.DESPAR ZA INKONTINEN.8/1;343575;Despar;8.0000;kom;5.39;0.67;;;02.05.2025;5.3;8001300820598;Toaletne potrep¹tine
SENF THOMY STAKLO 340 g;343576;Thomy;0.3400;kg;3.39;9.97;;;02.05.2025;3.39;7613287203786;Hrana
KA©A DR.OETKER ÈOK.CHIA 61 g;343600;Dr. Oetker;0.0610;kg;0.99;16.23;;;02.05.2025;0.99;5997381368483;Hrana
ÈOK.JAJE SOCADO 200 g;343700;Socado;0.2000;kg;;2.45;0.49;0.99;02.05.2025;0.99;8000017125118;Hrana
BOJA GLISS COLOR 1-0;343704;Gliss;1.0000;kom;5.99;5.99;;;02.05.2025;5.99;9000101260823;Kozmetika
BOJA GLISS COLOR 6-0 SVJET.SM;343705;Gliss;1.0000;kom;5.99;5.99;;;02.05.2025;5.99;9000101261660;Kozmetika
BOJA GLISS COLOR 7-0 PLAVA ;343706;Gliss;1.0000;kom;5.99;5.99;;;02.05.2025;5.99;9000101261806;Kozmetika
BOJA GLISS COLOR 7-7 BA.PLAVA;343707;Gliss;1.0000;kom;5.99;5.99;;;02.05.2025;5.99;9000101261943;Kozmetika
BOJA GLISS COLOR 8-0 PRI.PLAVA;343708;Gliss;1.0000;kom;5.99;5.99;;;02.05.2025;5.99;9000101262087;Kozmetika
BOJA GLISS COLOR 10-2 HL.PLA.;343709;Gliss;1.0000;kom;5.99;5.99;;;02.05.2025;5.99;9000101262469;Kozmetika
BOJA GLISS COLOR 8-1 HL. PLAVA;343710;Gliss;1.0000;kom;5.99;5.99;;;02.05.2025;5.99;9000101272260;Kozmetika
BOJA GLISS COLOR 5-1 H. SMEÐA;343711;Gliss;1.0000;kom;5.99;5.99;;;02.05.2025;5.99;9000101272369;Kozmetika
BOJA GLISS COLOR 6-16 HL.SMEÐA;343712;Gliss;1.0000;kom;5.99;5.99;;;02.05.2025;5.99;9000101272468;Kozmetika
ÈOKOLADA KRA© RUNOLIST 100 g;343720;Kra¹;0.1000;kg;1.99;19.90;;;02.05.2025;1.99;3850102514830;Hrana
JUHA MAGGI PILEÆA 37 g;343736;Maggi;0.0370;kg;;13.24;0.49;0.75;02.05.2025;0.75;7613287319746;Hrana
REF.EL.AIRWICK LINEN 19 ml ;343738;Airwick;0.0190;L;5.59;294.21;;;02.05.2025;5.59;5999109542342;Sredstva za èi¹æenje
LIKER PATRIK VI©NJA 0,2 L;343746;Patrik;0.2000;L;6.42;32.10;;;02.05.2025;6.42;3859890672876;Piæa
LIKER PATRIK MEDOVAÈA 0,2 L;343749;Patrik;0.2000;L;6.42;32.10;;;02.05.2025;6.42;3859890672852;Piæa
LIKER PATRIK BOROVNICA 0,2 L;343750;Patrik;0.2000;L;5.89;29.45;;;02.05.2025;5.89;3859890672869;Piæa
RAKIJA PATRIK TRAVARICA 0,2 L;343752;Patrik;0.2000;L;5.89;29.45;;;02.05.2025;5.89;3859890672883;Piæa
TONIC THOM.HENRY BLOSSOM 0,2 L;343767;;0.2000;l;2.29;11.45;;;02.05.2025;2.29;4251760800096;Piæa
TONIC TH.HENRY GINGE.ALE 0,2 L;343772;;0.2000;l;2.29;11.45;;;02.05.2025;2.29;4251760800072;Piæa
ÈOK.JAJA LJE©NJ.KR.CRISPO 130g;343773;;0.1300;kg;1.99;15.31;;1.99;02.05.2025;1.99;8005085714745;Hrana
TONIC TH.HEN.SPICY GINGE.0,2 L;343774;;0.2000;l;2.29;11.45;;;02.05.2025;2.29;4251760800065;Piæa
TONIC THOM.HEN.PINK GRAP.0,2 L;343775;;0.2000;l;2.29;11.45;;;02.05.2025;2.29;4251760800119;Piæa
TONIC WATER THOMAS HENRY 0,2 L;343776;;0.2000;l;2.29;11.45;;;02.05.2025;2.29;4251760800041;Piæa
VINO CHIANTI FREIXENET 0,75 L;343779;Freixenet;0.7500;L;10.02;13.36;;;02.05.2025;10.02;8410036808419;Piæa
VINO ROSE FREIXENET 0,75 L;343780;Freixenet;0.7500;L;9.59;12.79;;;02.05.2025;9.59;8410036808396;Piæa
VINO PINOT G.FREIX.ENET 0,75 L;343783;Freixenet;0.7500;L;10.02;13.36;;;02.05.2025;10.02;8410036808433;Piæa
PROSECCO I HEART FREIX.0,75 L;343784;Freixenet;0.7500;L;8.99;11.99;;;02.05.2025;8.99;5060215330779;Piæa
P.P.BUTELJA 0,75 L+2ÈA©E;343786;;0.7500;L;8.62;11.49;;;02.05.2025;8.62;3859889132053;Piæa
©TAPIÆI CHIO VRHNJE&LUK 80 g;343914;Chio;0.0800;kg;1.29;16.13;;;02.05.2025;1.29;5997312762465;Hrana
©TAPIÆI CHIO SIR 80 g;343917;Chio;0.0800;kg;1.29;16.13;;;02.05.2025;1.29;4000522009532;Hrana
MJE©.GRICKALICE CHIO 200 g;343924;Chio;0.2000;kg;2.09;10.45;;;02.05.2025;2.09;5996253000841;Hrana
KREKER CHIO 100 g;343929;Chio;0.1000;kg;1.29;12.90;;;02.05.2025;1.29;4000522060731;Hrana
©AMP.NIVEA 2U1 CARE 400 ml;343954;Nivea;0.4000;L;4.85;12.13;;;02.05.2025;4.85;4005900910066;Kozmetika
©AMP.NIVEA HAIRMILK 400 ml;343957;Nivea;0.4000;L;4.85;12.13;;;02.05.2025;4.85;5900017063911;Kozmetika
KREMA NIVEA HYALURON MEN 50 ml;343968;Nivea;0.0500;L;;283.80;14.19;18.99;02.05.2025;19.99;9005800340883;Kozmetika
MILERAM SPAR  22%m.m 900 g;343971;SPAR;0.9000;kg;3.99;4.43;;;02.05.2025;3.99;3856021210761;Hrana
DVOPEK NATUREL INTEGRALNI 330g;344032;Naturel;0.3300;kg;2.45;7.42;;;02.05.2025;2.45;3858889365263;Hrana
DVOPEK NATUREL CLASSIC 330 g;344034;Naturel;0.3300;kg;2.45;7.42;;;02.05.2025;2.45;3858889365256;Hrana
KOKICE CHIO MASLAC 80 g;344063;Chio;0.0800;kg;1.19;14.88;;;02.05.2025;1.19;3856021303593;Hrana
POSLASTICA ZA MAÈKE MOL.150 g;344073;Molly;0.1500;kg;1.69;11.27;;;02.05.2025;1.69;9100000898988;Proizvodi za kuæanstvo
POSLAST.ZA PSE SCOT.PER.10X5 g;344074;Scotty;0.0500;kg;1.59;31.80;;;02.05.2025;1.59;9100000868394;Proizvodi za kuæanstvo
POSLAST.ZA PSE SCOT.©UN.10X5 g;344075;Scotty;0.0500;kg;1.59;31.80;;;02.05.2025;1.59;9100000868370;Proizvodi za kuæanstvo
HRANA ZA PSE SCOTTY 12X100 g;344076;Scotty;1.2000;kg;4.99;4.16;;;02.05.2025;4.99;9100000868356;Proizvodi za kuæanstvo
UMAK GO TAN CHILI LJUTI 270 ml;344077;Go-tan;0.2700;l;3.59;13.30;;;02.05.2025;4.79;8710605030280;Hrana
PIVO HP GOLD LIMENKA 0,5 L;344095;Paulaner;0.5000;L;1.78;3.56;;;02.05.2025;1.78;4004866222329;Piæa
PIVO HP WEISS LIMENKA 0,5 L;344097;Paulina;0.5000;L;1.78;3.56;;;02.05.2025;1.78;4004866362605;Piæa
PIVO HP KELLER LIMENKA 0,5L;344098;Paulaner;0.5000;L;1.78;3.56;;;02.05.2025;1.78;4004866220639;Piæa
VANIL.KIFLICE S BUDGET 400 g;344099;S-BUDGET;0.4000;kg;1.99;4.98;;;02.05.2025;1.99;3856021210679;Hrana
PIVO POSAVSKO SVIJ.0,5 L BOCA;344100;;0.5000;L;2.02;4.04;;;02.05.2025;2.02;3859893368615;Piæa
©AM.BOTANIC THERAPY HON.400 ml;344107;Garnier;0.4000;L;4.49;11.23;;;02.05.2025;4.49;3600542271066;Kozmetika
SUHI PIVSKI KVASAC ENC. 250 g;344123;Encian;0.2500;kg;3.99;15.96;;;02.05.2025;3.99;3859889425322;Hrana
JABUÈNA DIJETA ENCIAN 20/1;344126;Encian;20.0000;kom;6.99;0.35;;;02.05.2025;6.99;3858890104608;Hrana
DET.MERI MERINO COLOR 2,7 L;344132;Meri Merino;2.7000;l;4.64;1.72;;4.64;02.05.2025;4.64;3850111105791;Sredstva za èi¹æenje
DET.MERI MERINO BLACK 2,7 L;344133;Meri Merino;2.7000;l;4.64;1.72;;4.64;02.05.2025;4.64;3850111105784;Sredstva za èi¹æenje
Donut cimet s nadj.od jabu.65g;344141;;0.0650;kg;0.62;9.54;;;02.05.2025;0.62;8590325507770;Hrana
MAGNEZIJEV CITRAT RAAB 200g;344171;;0.2000;kg;13.59;67.95;;;02.05.2025;13.59;4019839840318;Hrana
MAGNEZIJEV CITRAT RAAB 90/1;344242;;90.0000;kom;15.99;0.18;;;02.05.2025;15.99;4019839840301;Hrana
DET.MERI MERINO SENSITIV.2,7 L;344243;Meri Merino;2.7000;l;4.64;1.72;;4.64;02.05.2025;4.64;3850111105807;Sredstva za èi¹æenje
EKO TINKTU. KOR.MASLAÈKA 50 ml;344272;Darvitalis;0.0500;L;14.29;285.80;;;02.05.2025;14.29;3858890830811;Hrana
EKO TINKTURA MACA 50 ml;344274;Darvitalis;0.0500;L;14.29;285.80;;;02.05.2025;14.29;3858890833591;Hrana
EKO TINKTURA VRKUTA 50 ml;344275;Darvitalis;0.0500;L;13.99;279.80;;;02.05.2025;13.99;3858890833386;Hrana
EKO TINKTURA ASHWAGANDHA 50 ml;344276;Darvitalis;0.0500;L;13.99;279.80;;;02.05.2025;13.99;3858890833720;Hrana
SPU®VA PJENASTA ABRAZIVNA 4/1;344282;;4.0000;kom;1.98;0.50;;;02.05.2025;1.98;3872292011371;Proizvodi za kuæanstvo
VITAMIN B12 GREEN LAB 30 ml;344325;;0.0300;L;10.79;359.67;;;02.05.2025;10.79;3858891761985;Hrana
VITAMIN D3 GREEN LAB 30 ml;344334;;0.0300;L;10.79;359.67;;;02.05.2025;10.79;3858891761992;Hrana
EKSTRAKT PRO.I SJ.GREJPA 50 ml;344338;;0.0500;L;9.29;185.80;;;02.05.2025;9.29;3858891762463;Hrana
EKSTRAKT SJEMENKI GREJPA 30 ml;344342;;0.0300;L;9.29;309.67;;;02.05.2025;9.29;3859892472634;Hrana
SLEEP WELL GREEN LAB 25 ml;344344;;0.0250;L;11.99;479.60;;;02.05.2025;11.99;3858891762029;Hrana
K2D3 FORTE GREEN LAB 30 ml;344345;;0.0300;L;11.99;399.67;;;02.05.2025;11.99;3858891762005;Hrana
IMUNO ZINC COMPLEX.GREEN 25 ml;344346;;0.0250;L;10.69;427.60;;;02.05.2025;10.61;3858891762425;Hrana
LESS STRESS GREEN LAB 25 ml;344347;;0.0250;L;10.69;427.60;;;02.05.2025;10.61;3858891762388;Hrana
Q10 ULTRA GREEN LAB 27 ml;344349;;0.0270;L;13.29;492.22;;;02.05.2025;13.27;3858891762012;Hrana
PSYLLIUM LJUSK.GREEN LAB 200 g;344350;GREEN LAB;0.2000;kg;9.29;46.45;;;02.05.2025;9.29;3859893018343;Hrana
Dagnja;344351;;1.0000;kg;3.99;3.99;;;02.05.2025;3.99;3856024300209;Hrana
SODA BIKARBONA GREEN LAB 400 g;344352;;0.4000;kg;1.99;4.98;;;02.05.2025;1.99;3859893018725;Hrana
MACA GREEN LAB PRAH 150 g;344353;;0.1500;kg;7.99;53.27;;;02.05.2025;7.99;3858891761565;Hrana
MAGNEZIJ NIGARI GREEN 300 g;344405;;0.3000;kg;3.99;13.30;;;02.05.2025;3.99;3858891760506;Hrana
KA©ICA FRUTEK JAB.BAN.190 g;344412;Fructal;0.1900;kg;1.75;9.21;;;02.05.2025;1.75;3838945034265;Hrana
KUP.FELCE A.BADEM 650 ml;344443;Felce Azzurra;0.6500;L;4.19;6.45;;;02.05.2025;4.19;8001280411960;Kozmetika
KAVA U ZRNU JUL.M ARAB. 500 g;344458;JULIUS MEINL;0.5000;kg;19.59;39.18;;;02.05.2025;17.99;9000403800468;Piæa
®ELE ZELENI DR.OETKER 150 g;344475;Dr. Oetker;0.1500;kg;0.85;5.67;;;02.05.2025;0.85;4023600014235;Hrana
®ELE OKUS MALINA DR.OETK.150 g;344476;;0.1500;kg;0.85;5.67;;;02.05.2025;0.85;4023600014211;Hrana
SPIRULINA ORGONA SUPERF.100 g;344486;;0.1000;kg;7.99;79.90;;;02.05.2025;7.99;3858890130133;Hrana
KAPI JODA KERNELL 30 ml;344487;;0.0300;L;13.29;443.00;;;02.05.2025;13.27;3859893018466;Hrana
KAPI EKSTRAKT SJEM.GREJ. 30 ml;344490;;0.0300;L;9.29;309.67;;;02.05.2025;9.29;3859892472610;Hrana
MLIJ.SVJE®.S BUDG.3,2% M.M.1 L;344492;S-Budget;1.0000;L;0.99;0.99;;;02.05.2025;0.99;3856021210860;Hrana
ULJE CRNOG KIMA KERNNEL 30 ml;344494;;0.0300;L;7.59;253.00;;;02.05.2025;7.59;3859892472689;Hrana
ULJE RICINUSA KERNNEL 50 ml;344497;;0.0500;L;3.99;79.80;;;02.05.2025;3.99;3859893018534;Hrana
VITAMIN B12 KERNNEL 32 ml;344499;;0.0320;L;11.99;374.69;;;02.05.2025;11.99;3858891760711;Hrana
ULJE NOÆURKA KERNNEL 30 ml;344502;;0.0300;L;8.29;276.33;;;02.05.2025;8.22;3859892472696;Hrana
VITAMIN D3 KERNNEL 20 ml;344503;;0.0200;L;13.29;664.50;;;02.05.2025;13.27;3858891760780;Hrana
VITAMIN D3 KERNNEL DJECA 24 ml;344515;;0.0240;L;11.99;499.58;;;02.05.2025;11.99;3858891760766;Hrana
MASL.S JOGURTOM BIO N.P.250 g;344550;Spar Natur pur;0.2500;kg;3.49;13.96;;;02.05.2025;3.49;9100000899053;Hrana
KRUH DESPAR SA ®ITARICAMA 400g;344581;Despar;0.4000;kg;1.39;3.48;;;02.05.2025;1.44;8001300502012;Hrana
DATULJE SVJE®E 600 g;344598;;0.6000;kg;3.49;5.82;;;02.05.2025;3.49;4032489329101;Hrana
P.P.5TH ELEMNT 3/1 0,5 L;344615;;1.5000;L;6.59;4.39;;;02.05.2025;6.59;3859893750335;Piæa
SIR KREM ABC S VLASCEM 200 g;344622;Belje;0.2000;kg;2.39;11.95;;;02.05.2025;2.39;3850257060770;Hrana
Kupus crveni S Budget rfs;344623;S-BUDGET;1.0000;kg;1.49;1.49;;;02.05.2025;1.19;3858885876718;Hrana
Mrkva S Budget  rfs;344624;S-BUDGET;1.0000;kg;0.89;0.89;;;02.05.2025;0.89;3858885876923;Hrana
KUPUS KISELI REZ.VH 740 g;344629;SPAR Kroatische Gärten;0.6000;kg;1.79;2.98;;;02.05.2025;1.79;3856021211805;Hrana
SIR KREM ABC FIT 100 g;344631;Belje;0.1000;kg;1.35;13.50;;;02.05.2025;1.35;3850257060749;Hrana
NAPOL.S-BUD. MIGNON LJE©.400 g;344632;S-Budget;0.4000;kg;3.79;9.48;;;02.05.2025;3.79;9100000900094;Hrana
DRESSING KRAUTER DEVEL.230 ml;344638;Develey;0.2300;L;2.49;10.83;;;02.05.2025;2.49;4006824991490;Hrana
DRESSING JOGHURT DEVEL.230 ml;344639;Develey;0.2300;L;2.49;10.83;;;02.05.2025;2.49;4006824991698;Hrana
ÈOK.USK.MINI JAJA MILKA 100 g;344654;Milka;0.1000;kg;;1.90;0.19;0.49;02.05.2025;0.49;7622210781109;Hrana
PASTILE ZA GRLO KIM KURK.24/1;344675;BIOSEPT;24.0000;kom;5.29;0.22;;;02.05.2025;5.3;3856023202788;Hrana
JUHA MAGGI GOVEÐA 37 g;344676;Maggi;0.0370;kg;;13.24;0.49;0.75;02.05.2025;0.75;7613287314949;Hrana
PASTILE ZA GRLO ÐUMBIR 24/1;344677;BIOSEPT;24.0000;kom;5.3;0.22;;;02.05.2025;5.3;3856023202771;Hrana
PASTILE ZA GRLO MEN.EUKAL.24/1;344678;BIOSEPT;24.0000;kom;5.29;0.22;;;02.05.2025;5.3;3856023202795;Hrana
KAPSULE ULJE CRNOG KIMA 60/1;344680;Biofarm;60.0000;kom;11.19;0.19;;;02.05.2025;12.2;3858885153116;Hrana
KAPSULE GINKOBIL 40/1;344681;Biofarm;40.0000;kom;5.99;0.15;;;02.05.2025;5.99;3858885151341;Hrana
KAPSULE JAB.OCAT KOPRIVA 60/1;344682;Biofarm;60.0000;kom;9.29;0.15;;;02.05.2025;9.29;3858885151631;Hrana
KAPSULE KOLAGEN VITAMIN C 60/1;344684;Biofarm;60.0000;kom;13.99;0.23;;;02.05.2025;13.99;3858885154670;Hrana
KAPSULE MAGNEZIJ BIOFARM 60/1;344687;Biofarm;60.0000;kom;8.09;0.13;;;02.05.2025;8.09;3858885154779;Hrana
KAPSULE OMEGA 3 BIOFARM 60/1;344688;Biofarm;60.0000;kom;8.99;0.15;;;02.05.2025;9.02;3858885150696;Hrana
KAPSULE PIVSKI KVASAC 80/1;344691;Biofarm;80.0000;kom;7.69;0.10;;;02.05.2025;7.69;3858885150733;Hrana
GEL NIVEA HYDRA SKIN 50 ml ;344707;Nivea;0.0500;L;16.99;339.80;;;02.05.2025;16.99;9005800341316;Kozmetika
KAPI ECHINACEA BIOFARM 50 ml;344713;Biofarm;0.0500;L;5.69;113.80;;;02.05.2025;5.7;3858885150825;Hrana
PP ZMAJSKI 6-PACK 6/0,33L;344719;;1.9800;L;10.67;5.39;;;02.05.2025;10.67;3859893414954;Piæa
D®EM NATUR PUR MARELICA 330 g;344778;Natur pur;0.3300;kg;2.79;8.45;;;02.05.2025;2.79;9100000903033;Hrana
D®EM NATUR PUR JAGODA 330 g ;344787;Natur pur;0.3300;kg;2.79;8.45;;;02.05.2025;2.79;9100000903057;Hrana
TORTEL.ALIB.SIR I ©PINAT 250 g;344804;Alibert;0.2500;kg;2.38;9.52;;;02.05.2025;2.38;8008450992854;Hrana
SAVIJ.LEDO VAN/ÈOK/NOU.450 g;344836;Ledo;0.4500;kg;4.19;9.31;;;02.05.2025;4.19;3850116036656;Hrana
ÈVARCI ENJOY DELIKATES 100 g;344861;SPAR enjoy;0.1000;kg;2.79;27.90;;2.79;02.05.2025;2.79;3856021211027;Hrana
SIRNICA - PINCA 400 g;344868;;0.4000;kg;2.49;6.23;;;02.05.2025;2.49;3858881127913;Hrana
NEKTAR SPAR  KRU©KA  25% 1 L;344881;SPAR;1.0000;l;1.35;1.35;;;02.05.2025;1.35;5999033885256;Piæa
API HERBAL JUNIOR 200 ml;344882;MEDO-FLOR;0.2000;L;4.99;24.95;;;02.05.2025;4.99;3859892827120;Hrana
API BRONHIAL SIRUP 200 ml;344883;MEDO-FLOR;0.2000;L;4.99;24.95;;;02.05.2025;4.99;3859888378414;Hrana
SLAD.KAPRI GRANDE AMORE 110 ml;344885;Ledo;0.1100;L;1.99;18.09;;;02.05.2025;1.99;3850116037349;Hrana
PALENTA DESPAR ®UTA 1 kg;344886;Despar;1.0000;kg;0.89;0.89;;;02.05.2025;0.89;8001300400660;Hrana
APIMIX CLASSIC 216 g;344889;MEDO-FLOR;0.2160;kg;5.69;26.34;;;02.05.2025;5.69;3859892827007;Hrana
API-GOLD IMUNAL 250 g;344891;MEDO-FLOR;0.2500;kg;6.39;25.56;;;02.05.2025;6.39;3859888378117;Hrana
BRONHO-VITAL 250 g;344892;MEDO-FLOR;0.2500;kg;4.49;17.96;;;02.05.2025;4.49;3859888378773;Hrana
PASTILE MAT.MLIJEÈ FORTE 16/1;344900;MEDO-FLOR;16.0000;kom;4.99;0.31;;;02.05.2025;4.99;3859892827052;Hrana
SIR RICOTTA S BUDGET 400 g;344906;S-Budget;0.2500;kg;1.99;7.96;;;02.05.2025;1.99;8056149086353;Hrana
KAPI PROPOLIS 15% JUNIOR 20 ml;344907;MEDO-FLOR;0.0200;L;3.19;159.50;;;02.05.2025;3.19;3859888378360;Hrana
ULO©.LIBRESSE ULTRA NIGHT 16/1;344915;Libresse;16.0000;KOM;3.05;0.19;;;02.05.2025;1.99;7322540960273;Toaletne potrep¹tine
BACARDI SPICED 0,7 L;344932;Bacardi;0.7000;L;18.79;26.84;;;02.05.2025;18.02;7610113007518;Piæa
VINO BABIÆ VRHUNSKI 0,75 L;344934;Babic;0.7500;L;16.02;21.36;;;02.05.2025;16.02;3858892460245;Piæa
PJ.PROSECCO ROSE CHIVA 0,75 L;344939;;0.7500;L;12.02;16.03;;;02.05.2025;12.02;8058333065861;Piæa
ENER.PIÆE SB LUBENICA 0,25 L;344940;S-Budget;0.2500;l;.63;2.52;;;02.05.2025;.63;9100000899640;Piæa
GEL.TU.L´ANGELICA BAZGA 500 ml;344942;L'Angelica;0.5000;L;2.99;5.98;;;02.05.2025;2.99;8017331076897;Kozmetika
GEL.T.L´ANGELICA LAVAN.500 ml;344943;L'Angelica;0.5000;L;2.99;5.98;;;02.05.2025;2.99;8017331076873;Kozmetika
LIKER PELIN.GORKI PLJOS. 0,2 L;344945;Badel;0.2000;L;3.78;18.90;;;02.05.2025;3.78;3850112111654;Piæa
LIKER PELIN.ORANG PLJOS. 0,2 L;344947;Badel;0.2000;L;3.82;19.10;;;02.05.2025;3.82;3850112111678;Piæa
ZUB.PASTA BLANX WHITE 75 ml;344955;Blanx;0.0750;L;2.79;37.20;;;02.05.2025;2.79;8017331051573;Kozmetika
TRET.BLANX ZA IZBJELJ.ZUBI 2/1;344957;Blanx;2.0000;kom;13.29;6.65;;;02.05.2025;13.29;8017331055427;Kozmetika
TRAKICE BLANX O3X 10/1;344958;Blanx;10.0000;kom;13.93;1.39;;;02.05.2025;13.93;8017331065587;Kozmetika
®VAK.GUMA ARCOR P.TUTI FRU.5 g;344989;;0.0050;kg;0.18;36.00;;;02.05.2025;0.18;78927988;Hrana
BRA©N.PIZZA NATUR PUR BIO 1 kg;344990;Natur pur;1.0000;kg;1.99;1.99;;;02.05.2025;1.99;9100000893853;Hrana
LEDEN.ÈAJ SPAR ZERO LIMUN1,5 L;344993;SPAR;1.5000;l;1.09;0.73;;;02.05.2025;1.02;5999138200084;Piæa
LED.ÈAJ SPAR ZERO BRESKV.1,5 L;344994;SPAR;1.5000;l;1.09;0.73;;;02.05.2025;1.02;5999138200091;Piæa
INSTANT KAVA FRANCK GOLD 200 g;344995;Franck;0.2000;kg;9.79;48.95;;;02.05.2025;9.79;3850291055237;Piæa
ODST.MRLJA SPREJ OPAL 650 ml;344999;Opal;0.6500;l;4.64;7.14;;;02.05.2025;4.64;3850111755286;Sredstva za èi¹æenje
PJENU©AC FREIX.ROSE ED 0,75 L;345004;Freixenet;0.7500;L;11.99;15.99;;;02.05.2025;11.99;8410036001094;Piæa
DEO SPR.AXE DARK XXL 250 ml;345008;Axe;0.2500;L;6.49;25.96;;;02.05.2025;6.49;8720181047749;Kozmetika
DEO SPR.AXE BLACK XXL 250 ml;345012;Axe;0.2500;L;6.49;25.96;;;02.05.2025;6.49;8720181047725;Kozmetika
GEL TU©.AXE ICE CHILL 400 ml;345016;Axe;0.4000;L;4.99;12.48;;;02.05.2025;4.99;8717163648667;Kozmetika
VINO VRANAC 1 L PLATINUM;345020;;1.0000;L;4.28;4.28;;;02.05.2025;4.28;3899003001438;Piæa
VINO PINOT SI.KAL.0,75 L   VRH;345025;Kalazic;0.7500;L;5.98;7.97;;;02.05.2025;5.98;3858886364719;Piæa
VINO HILLINGER BIJELO 0,75 L;345035;Exclusive bei SPAR;0.7500;L;5.34;7.12;;;02.05.2025;5.34;9008674007777;Piæa
PEL.GAÆ.PRETTY BABY JUNIO.30/1;345039;Pretty Baby;30.0000;kom;8.59;0.29;;;02.05.2025;8.63;9100000969084;Toaletne potrep¹tine
TORTILJE FREE FROM 2/1 200 g;345041;SPAR free from;0.2000;kg;2.99;14.95;;;02.05.2025;2.99;8001300803607;Hrana
GRISINI SGRANOCCHI 210 g;345047;;0.2100;kg;3.59;17.10;;;02.05.2025;3.59;8076809579629;Hrana
TJESTENINA FREE FR.TAGL.250 g;345050;SPAR free from;0.2500;kg;2.49;9.96;;;02.05.2025;2.49;8001300440178;Hrana
TUNA SALATA RIO MARE LEÆ.160 g;345084;Rio Mare;0.1600;kg;4.68;29.25;;;02.05.2025;4.68;8004030475021;Hrana
PECIVO BLAGDANSKO 100 g;345091;;0.1000;kg;0.99;9.90;;;02.05.2025;0.99;3859888751538;Hrana
DEO STICK AXE BLACK 50 ml;345096;Axe;0.0500;L;4.59;91.80;;;02.05.2025;4.59;59086789;Kozmetika
DEO STICK AXE ICE CHILL 50 ml;345097;Axe;0.0500;L;4.59;91.80;;;02.05.2025;4.59;59086802;Kozmetika
CAPPUCC. IRISH ARABESCA 200 g;345127;Arabesca;0.2000;kg;2.59;12.95;;;02.05.2025;2.59;3858886804154;Piæa
DEO SP.DOVE ACAI BERRY 150 ml;345135;Dove;0.1500;L;5.20;34.67;;;02.05.2025;5.20;8720181291401;Kozmetika
KUKU.LEDOLETTE S ABC SIR.450 g;345136;Ledo;0.4500;kg;3.49;7.76;;;02.05.2025;3.49;3850116036687;Hrana
JUHA MAGGI ABC TJESTENINA 44 g;345140;Maggi;0.0440;kg;;15.68;0.69;1.09;02.05.2025;1.09;7613287204929;Hrana
CAPPUCCINO NESCAFE LATTE 120 g;345171;Nescafe;0.1200;kg;2.79;23.25;;;02.05.2025;2.79;7613287049803;Piæa
TIROLSKA S BUDGET 500 g;345176;S-Budget;0.5000;kg;3.59;7.18;;;02.05.2025;3.59;3856021211492;Hrana
ZUB.P.HIMALAYA ACTIV WHI.75 ml;345179;Himalaya;0.0750;L;2.99;39.87;;;02.05.2025;2.99;6291107220079;Kozmetika
ZUB.P.HIMALAYA MINT FRE.75 ml;345180;Himalaya;0.0750;L;2.99;39.87;;;02.05.2025;2.99;8901138825614;Kozmetika
GRAH DESPAR CRVENI 3X150 g;345181;Despar;0.4200;kg;2.59;6.17;;;02.05.2025;2.59;8001300242482;Hrana
DJEÈJE MLIJEKO APTAM.2+ 800 g;345185;Aptamil;0.8000;kg;19.69;24.61;;;02.05.2025;19.69;4056631003794;Hrana
DJEÈJE MLIJEKO APTAM.1+ 800 g;345190;Aptamil;0.8000;kg;19.69;24.61;;;02.05.2025;19.69;4056631003770;Hrana
KA©ICA BEBIV.JAB.©LJ.BOR.250 g;345194;Bebivita;0.2500;kg;1.45;5.80;;;02.05.2025;1.45;4018852029090;Hrana
MINERALNA VODA/SOK BEBI.500 ml;345196;Bebivita;0.5000;L;1.42;2.84;;;02.05.2025;1.42;4018852032786;Piæa
BILJNA ZAMJ.ZA JAJA VEG.200g;345210;SPAR Veggie;0.2000;kg;3.99;19.95;;;02.05.2025;3.99;9100000447018;Hrana
DET.ÈARLI CLASSIC 450 ml;345221;Èarli;0.4500;l;1.19;2.64;;1.19;02.05.2025;1.29;3850111304125;Sredstva za èi¹æenje
DET.ÈARLI ORIGINAL 450 ml;345225;Èarli;0.4500;l;1.19;2.64;;1.19;02.05.2025;1.29;3850111304309;Sredstva za èi¹æenje
DET.ÈARLI CLASSIC 900 ml;345226;Èarli;0.9000;l;1.99;2.21;;1.99;02.05.2025;2.55;3850111304132;Sredstva za èi¹æenje
NAPITAK ALPRO PROTEIN ÈOK.1 L;345227;Alpro;1.0000;L;2.59;2.59;;2.59;02.05.2025;3.99;5411188130055;Piæa
REF.GLADE MAX OCEAN 269 ml;345257;Glade;0.2690;L;8.69;32.30;;;02.05.2025;8.69;5000204001006;Sredstva za èi¹æenje
REFIL.EL.GLADE VANIL.IJA 20 ml;345258;Glade;1.0000;kom;6.69;6.69;;;02.05.2025;6.69;5000204332629;Sredstva za èi¹æenje
HRANA ZA STERI.MAÈKE ONE 750 g;345260;One;0.7500;kg;5.59;7.45;;;02.05.2025;5.59;7613038761602;Proizvodi za kuæanstvo
REFIL.EL.GLADE.RELAX&ZEN 20 ml;345261;Glade;1.0000;kom;6.69;6.69;;;02.05.2025;6.69;5000204332537;Sredstva za èi¹æenje
HRANA ZA STERI.MAÈKE ONE 750 g;345262;One;0.7500;kg;5.59;7.45;;;02.05.2025;5.59;7613287002662;Proizvodi za kuæanstvo
HRANA ZA ODRAS.MAÈKE ONE 750 g;345263;One;0.7500;kg;5.59;7.45;;;02.05.2025;5.59;7613038761664;Proizvodi za kuæanstvo
MAÈJA HRANA GOUR.GOLD ZEÈ.85g;345265;Gourmet;0.0850;kg;0.89;10.47;;;02.05.2025;.92;7613032816797;Proizvodi za kuæanstvo
DEO STICK REXONA I.POWER 50 ml;345266;Rexona;0.0500;L;4.79;95.80;;;02.05.2025;2.99;59085751;Kozmetika
SIR ©PIN U ORAH.LI©Æ.CCA.450 g;345272;;1.0000;kg;39.99;39.99;;;02.05.2025;39.99;3858881196254;Hrana
KA©ICA FRUT.JAB.©LJ.JEÈ.190 g;345274;Fructal;0.1900;kg;1.75;9.21;;;02.05.2025;1.75;3838945034258;Hrana
GAZ.PIÆE SP LIMUN MENTA 0,33 L;345275;Sanpellegrino;0.3300;l;1.79;5.42;;;02.05.2025;1.99;8002270556852;Piæa
KA©ICA FRUTEK JABUKA BIO 190 g;345283;Fructal;0.1900;kg;1.75;9.21;;;02.05.2025;1.75;3838945016445;Hrana
PIVO KROMB.WEIZEN 0,5 L BOCA;345299;Krombach;0.5000;L;1.85;3.70;;;02.05.2025;1.85;4008287762020;Piæa
PIVO KROMB.PILS 0,5 L LIMENKA;345300;Krombach;0.5000;L;1.52;3.04;;;02.05.2025;1.52;4008287944020;Piæa
PIVO KROM.WEIZEN 0,5 L LIMENKA;345301;Krombach;0.5000;L;1.62;3.24;;;02.05.2025;1.62;4008287905786;Piæa
PIVO KROMB.PILS BOCA 0,5 L;345303;Krombach;0.5000;L;1.79;3.58;;;02.05.2025;1.79;4008287054224;Piæa
TRUFFLE DELAVIUDA KAVA 100 g;345361;DELAVIUDA;0.1000;kg;2.52;25.20;;;02.05.2025;2.52;8410223606484;Hrana
TRUFFLE DELAVIUDA KARAM. 100 g;345362;DELAVIUDA;0.1000;kg;2.39;23.90;;;02.05.2025;2.39;8410223703497;Hrana
ÈOKOLADA KINDER DELICE C. 37 g;345381;Kinder;0.0370;kg;0.79;21.35;;;02.05.2025;0.79;8000500355138;Hrana
TUNA AQ FILETI SL.VODA 105 g;345403;Adriatic Queen;0.0756;kg;3.89;51.46;;;02.05.2025;3.89;3850160120806;Hrana
KEKSI KINDER CARDS 26 g;345417;Kinder;0.0260;kg;0.89;34.23;;;02.05.2025;0.69;80874652;Hrana
MLI.SUN KISS JUNIOR ZF50 200ml;345496;Sun Kiss;0.2000;L;6.59;32.95;;;02.05.2025;6.63;9100000015040;Kozmetika
DET.ÈARLI KAMILICA 450 ml;345502;Èarli;0.4500;l;1.19;2.64;;1.19;02.05.2025;1.29;3850111304149;Sredstva za èi¹æenje
DET.ÈARLI KAMILICA 900 ml;345503;Èarli;0.9000;l;1.99;2.21;;1.99;02.05.2025;2.55;3850111304156;Sredstva za èi¹æenje
DET.ÈARLI CLASSIC 1,35 L;345504;Èarli;1.3500;l;3.49;2.59;;;02.05.2025;3.49;3850111304200;Sredstva za èi¹æenje
DET.ÈARLI KAMILICA 1,35 L;345505;Èarli;1.3500;l;3.49;2.59;;;02.05.2025;3.49;3850111304187;Sredstva za èi¹æenje
GEL ÐENTELMAN MEN JAJOP.100 ml;345509;Biobaza;0.1000;L;;29.90;2.99;3.96;02.05.2025;3.96;3856020907006;Toaletne potrep¹tine
ULO.COSM.BIO ULTRA NORMAL 16/1;345571;COSMEA;16.0000;kom;2.25;0.14;;;02.05.2025;2.25;4000576034740;Toaletne potrep¹tine
ÈAJ NAT.PU.OD IND.KONOP. 40 g;345572;Spar Natur pur;0.0400;kg;3.09;77.25;;;02.05.2025;3.09;9100100005286;Piæa
ULO.COSM.BIO MAXI NORMAL 20/1;345573;COSMEA;20.0000;kom;2.25;0.11;;;02.05.2025;2.25;4000576031718;Toaletne potrep¹tine
COCTAIL BATIDA ANANAS 0,25 L L;345593;;0.2500;L;3.19;12.76;;;02.05.2025;3.19;4003310018181;Piæa
COCTAIL BATIDA MARAC.0,25 L LI;345594;;0.2500;L;3.19;12.76;;;02.05.2025;3.19;4003310017177;Piæa
VRH.ZA KUH.MEGGLE 20%MM 200 ml;345604;Meggle;0.2000;L;1.49;7.45;;;02.05.2025;1.49;3870085021811;Hrana
ULO©.PAMINA X-LARGE 26/1;345607;Pamina;26.0000;kom;1.39;0.05;;;02.05.2025;1.35;9100000946955;Toaletne potrep¹tine
MLIJEKO UHT 2,8%+VIT.D TE 1 L;345677;Z Bregov;1.0000;L;1.02;1.02;;;02.05.2025;1.02;3850108021295;Hrana
DALMATINSKI PR©UT 80 g MAJSTOR;345685;Podravka;0.0800;kg;3.59;44.88;;;02.05.2025;3.59;3856020245580;Hrana
SIR TOPLJENI S MEDVJ.LU.140 g ;345691;Zdenka;0.1400;kg;;12.07;1.69;2.25;02.05.2025;2.25;3858888598549;Hrana
SIR TOPLJEN.S KOBASICOM 140 g ;345692;Zdenka;0.1400;kg;;12.07;1.69;2.25;02.05.2025;2.25;3858888598518;Hrana
DAGNJE DIMLJ.U ULJU BEK 100 g;345753;;0.0600;kg;3.69;61.50;;;02.05.2025;3.69;3859892100933;Hrana
KOZICE DIM.U ULJU BEK P.100 g ;345754;Bek Pu¹nica;0.0600;kg;4.69;78.17;;;02.05.2025;4.64;3859892100926;Hrana
ENJOY SALATA ZEL.SLAN.SIR 150g;345799;SPAR enjoy;0.1500;kg;2.59;17.27;;;02.05.2025;2.59;3856021218149;Hrana
KAVA ARABE.ESPRESSO MOC. 500 g;345811;Arabesca;0.5000;kg;13.29;26.58;;;02.05.2025;11.49;3858886803867;Piæa
KAVA ARABE.FILTER CLASS. 250 g;345812;Arabesca;0.2500;kg;6.89;27.56;;;02.05.2025;6.89;3858886803843;Piæa
SALVETE 33x33cm SMILING FACE;345826;;20.0000;kom;2.25;0.11;;;02.05.2025;2.25;8591199826752;Proizvodi za kuæanstvo
Sir Maasdam kolut 45%m.m.;345848;;1.0000;kg;9.99;9.99;;;02.05.2025;9.99;3830019420356;Hrana
CROISSANT S-BUDGET KAKAO 450 g;345920;S-BUDGET;0.4500;kg;2.49;5.53;;;02.05.2025;2.45;3856021211591;Hrana
CROISS.S-BUDG.KAKAO/VAN.450 g;345927;S-BUDGET;0.4500;kg;2.49;5.53;;;02.05.2025;2.45;3856021211614;Hrana
MAR.ZEWA NATURAL SOFT  80/1;345987;Zewa;80.0000;kom;2.35;0.03;;;02.05.2025;2.35;7322541351414;Toaletne potrep¹tine
PEL.VIOLETA PREMIUM COTTO 44/1;346004;Violeta;44.0000;kom;12.99;0.30;;;02.05.2025;12.99;3870128024342;Toaletne potrep¹tine
PEL.VIOLETA PREMIUM COTTO 64/1;346008;Violeta;64.0000;kom;13.35;0.21;;;02.05.2025;13.35;3870128024373;Toaletne potrep¹tine
TEK.SAP.BEAUTY KISS REFIL 1 L;346046;Beauty Kiss;1.0000;L;1.89;1.89;;;02.05.2025;1.89;9100000897196;Kozmetika
TEK.SAP.BEAUTY KISS REFIL 1 L;346047;Beauty Kiss;1.0000;L;1.89;1.89;;;02.05.2025;1.89;9100000894539;Kozmetika
SODA BIKARBONA S-BUDGET 200 g;346080;S-BUDGET;0.2000;kg;0.49;2.45;;;02.05.2025;0.49;3856021210884;Hrana
SODA BIKARBONA S-BUDGET 500 g;346081;S-Budget;0.5000;kg;0.99;1.98;;;02.05.2025;0.99;3856021210907;Hrana
LED.ÈAJ JANA MALINA-HIBI.1,5 L;346107;Jana;1.5000;l;1.69;1.13;;;02.05.2025;1.59;3858890876321;Piæa
LED.ÈAJ JANA MALINA-HIBI.0,5 L;346110;Jana;0.5000;l;1.19;2.38;;;02.05.2025;1.19;3858890876390;Piæa
PEL.PAMPERS ABD S2 MAXI  76/1 ;346117;Pampers;76.0000;kom;21.23;0.28;;;02.05.2025;21.23;8006540045596;Toaletne potrep¹tine
PEL.GAÆI.PAMPERS JUM 38/1;346119;Pampers;38.0000;kom;14.99;0.39;;14.99;02.05.2025;14.99;8006540069387;Toaletne potrep¹tine
FLIPS SMOKI TORTILJA CLAS.90 g;346134;Smoki;0.0900;kg;1.42;15.78;;;02.05.2025;1.27;8600939510506;Hrana
VINO APOSTOL TRAMINAC 0,75 L;346142;;0.7500;L;7.33;9.77;;;02.05.2025;7.33;3859892430061;Piæa
VINO PINKERT CAB.S.VRH.0,75 L;346147;;0.7500;L;12.28;16.37;;;02.05.2025;12.28;3859893463396;Piæa
VINO PINKERT CUVEE VRH.0,75 L;346149;;0.7500;L;10.32;13.76;;;02.05.2025;10.32;3859893463402;Piæa
SIR MOZZARELLA BIO NP 125 g;346150;Natur pur;0.1250;kg;1.79;14.32;;;02.05.2025;1.79;9100000910468;Hrana
DEO ROLL ON NIVEA MAGNES.50 ml;346153;Nivea;0.0500;l;6.25;125.00;;;02.05.2025;6.25;9005800341224;Kozmetika
MAJONEZA DELIKT.ZVIJEZDA 620 g;346163;Zvijezda;0.6200;kg;4.99;8.05;;;02.05.2025;4.99;3856015321879;Hrana
RUM HAVANA ESPEC. 0,7 L 37,5%;346171;;0.7000;L;18.34;26.20;;;02.05.2025;18.34;8501110086196;Piæa
TONIK FEVER TR.GINGE.ALE 0,5 L;346177;;0.5000;L;4.29;8.58;;;02.05.2025;4.29;5060108450287;Piæa
TORTA TOBLERONE ALMONDY 400 g;346180;Toblerone;0.4000;kg;;13.73;5.49;6.49;02.05.2025;6.49;7312930010886;Hrana
TORTA MILKA ÈOKO.LJE©NJ.400 g;346181;;0.4000;kg;;13.73;5.49;6.49;02.05.2025;6.49;7312930010145;Hrana
TORTA DAIM ALMONDY 400 g;346182;;0.4000;kg;;13.73;5.49;6.49;02.05.2025;6.49;7312930009453;Hrana
DET.ÈARLI ORIGINAL LIMU.900 ml;346201;Èarli;0.9000;l;1.99;2.21;;1.99;02.05.2025;2.55;3850111304095;Sredstva za èi¹æenje
DET.JAR CHAM&VITAMIN 2x900ml;346207;Jar;1.8000;l;6.79;3.77;;;02.05.2025;6.79;8001090643162;Sredstva za èi¹æenje
DET.JAR LEMON 2x900ml;346208;Jar;1.8000;l;6.79;3.77;;;02.05.2025;6.79;8001090198068;Sredstva za èi¹æenje
BU ALU FOLIJA S BUDGET 20m;346229;S-BUDGET;1.0000;kom;2.99;2.99;;;02.05.2025;2.99;9100000898483;Proizvodi za kuæanstvo
BU FOLIJA PRIJANJAJUÆA 60m;346234;S-BUDGET;1.0000;kom;1.99;1.99;;;02.05.2025;1.99;9100000905990;Proizvodi za kuæanstvo
DRA®EJE ÈOK.KIKIRI.S BUD.400 g;346247;SPAR;0.4000;kg;4.19;10.48;;;02.05.2025;4.19;9100000903019;Hrana
KAPSULE DESPAR INTENSO 112 g;346254;Despar;0.1120;kg;4.49;40.09;;;02.05.2025;3.19;8001300502234;Piæa
KAPSULE DESPAR EXTRA BAR 112 g;346255;Despar;0.1120;kg;4.49;40.09;;;02.05.2025;3.19;8001300502227;Piæa
MR.MUSCLE KITCHEN GEL 1 L;346262;Mr.Muscle;1.0000;L;7.29;7.29;;;02.05.2025;7.29;5000204199604;Sredstva za èi¹æenje
SLADOLED RAFFAELLO 47 g;346270;Ferrero;0.0470;kg;2.99;63.62;;;02.05.2025;2.99;8000500365571;Hrana
KREKERI ELEPH.MJE©.SJEMEN.80 g;346287;Elephant;0.0800;kg;1.39;17.38;;;02.05.2025;1.39;5949040201129;Hrana
PJENU©AC MINI NEVADA 0,2 L;346288;Freixenet;0.2000;L;5.29;26.45;;;02.05.2025;5.29;8410036006297;Piæa
PJ.MINI CORDON NEG.FREIX.0,2 L;346289;Freixenet;0.2000;L;5.59;27.95;;;02.05.2025;5.59;8410036009298;Piæa
PAPAR ©ARENI KOTANYI 35 g;346295;Kotanyi;0.0350;kg;4.49;128.29;;;02.05.2025;3.99;9001414643969;Hrana
SLANA SRDELA OÈI©ÆENA 320 g;346297;;0.1800;kg;7.99;44.39;;;02.05.2025;7.99;3859893545542;Hrana
ZAÈIN PAPAR CRNI MLJEVENI 50 g;346298;Kotanyi;0.0500;kg;2.39;47.80;;;02.05.2025;2.12;9001414707371;Hrana
ZAÈIN PAPAR CRNI ZRNO 50 g;346299;Kotanyi;0.0500;kg;2.12;42.40;;;02.05.2025;2.12;9001414707364;Hrana
ZAÈ.PAPRIKA SLAT.KOTANYI 150 g;346300;Kotanyi;0.1500;kg;3.05;20.33;;;02.05.2025;3.05;9001414008140;Hrana
ZAÈ.ÈE©NJAK GRANULE KOTA.120 g;346301;Kotanyi;0.1200;kg;4.29;35.75;;;02.05.2025;3.79;9001414008133;Hrana
ZAÈ.CIMET MLJEVE.KOTANYI 100 g;346302;Kotanyi;0.1000;kg;4.49;44.90;;;02.05.2025;3.99;9001414008126;Hrana
ZAÈ.ORIGANO USITNJ.KOTAN.25 g ;346303;Kotanyi;0.0250;kg;2.29;91.60;;;02.05.2025;2.09;9001414008119;Hrana
ZAÈ.KENTUCKY CHICKEN KOT.30 g;346316;Kotanyi;0.0300;kg;1.79;59.67;;;02.05.2025;1.69;9001414034651;Hrana
PRA©.ZA PEC.VIN.KAM.KOTAN.16 g;346317;Kotanyi;0.0160;kg;1.09;68.13;;;02.05.2025;.92;9001414214909;Hrana
AGARTIN KOTANYI 10 g;346318;Kotanyi;0.0100;kg;1.09;109.00;;;02.05.2025;.92;9001414603017;Hrana
IZOTONIÈNO PIÆE HIDRA UP 0,5 L;346335;;0.5000;l;1.22;2.44;;;02.05.2025;1.22;3850131005651;Piæa
ÈOK.MLIJEÈ KOCKA POSIP 100 g;346338;Hedona;0.1000;kg;4.59;45.90;;;02.05.2025;4.59;3859893082405;Hrana
KEKS KAKAO PREKRA©NI 220 g;346349;Kra¹;0.2200;kg;2.59;11.77;;;02.05.2025;2.59;3850102011230;Hrana
KEKS NOUGAT PREKRA©NI 220 g;346350;Kra¹;0.2200;kg;2.59;11.77;;;02.05.2025;2.59;3850102011254;Hrana
KEKS LIMUN PREKRA©NI 220 g;346353;Kra¹;0.2200;kg;2.59;11.77;;;02.05.2025;2.59;3850102011216;Hrana
KEKS VI©NJA PREKRA©NI 220 g;346354;Kra¹;0.2200;kg;2.59;11.77;;;02.05.2025;2.59;3850102011278;Hrana
ÈOK.®IV.CARSTVO MULTIPACK 75 g;346360;Kra¹;0.0750;kg;2.79;37.20;;;02.05.2025;2.79;3850102010738;Hrana
INST.OBROK TERIYAKI MAGGI 75 g;346365;Maggi;0.0750;kg;1.99;26.53;;;02.05.2025;1.99;8445291260078;Hrana
INST.OBROK SWEET CHILI 75 g;346366;Maggi;0.0750;kg;1.99;26.53;;;02.05.2025;1.99;8445291260054;Hrana
INST.OB.PILET.SEZAM MAGGI 75 g;346368;Maggi;0.0750;kg;1.99;26.53;;;02.05.2025;1.99;8445291259171;Hrana
MLINCI S JAJIMA S BUDGET 250 g;346379;S-BUDGET;0.2500;kg;0.99;3.96;;;02.05.2025;0.99;3856021218583;Hrana
ENJOY SHOT ANA.KURKUMA 60 ml;346428;SPAR enjoy;0.0600;L;1.49;24.83;;;02.05.2025;1.49;9100000038056;Hrana
ENJOY SHOT JABUKA ÐUMBIR 60 ml;346430;SPAR enjoy;0.0600;L;1.49;24.83;;;02.05.2025;1.49;9100000038094;Hrana
SLAD.KING OBSESSION 100 ml;346432;Ledo;0.1000;L;2.79;27.90;;;02.05.2025;2.79;3850116037073;Hrana
MARINATO GRILL RA®NJIÆI;346433;;1.0000;kg;13.59;13.59;;;02.05.2025;13.59;3850159645136;Hrana
SLAD.KING CLASSIC 100 ml;346437;Ledo;0.1000;L;2.79;27.90;;;02.05.2025;2.79;3850116037134;Hrana
SLADOLED KING BREEZE 100ml;346438;Ledo;0.1000;L;2.79;27.90;;;02.05.2025;2.79;3850116037196;Hrana
SLADOLED KING DOUBLE 100 ml;346440;Ledo;0.1000;L;2.79;27.90;;;02.05.2025;2.79;3850116037165;Hrana
KAVA CREMA FRANCK MLJEV.400 g;346441;Franck;0.4000;kg;8.29;20.73;;;02.05.2025;8.29;3850291051956;Piæa
BOJA COLOR NATURALS ZA KO.1.10;346448;Garnier;1.0000;kom;4.99;4.99;;;02.05.2025;4.99;3600542362375;Kozmetika
VODA STUDENA IZVORSKA 0,75 L;346449;;0.7500;l;.75;1.00;;;02.05.2025;.75;3856022301185;Piæa
MIC.VODA GARNIER ALOE H.400 ml;346453;Garnier;0.4000;l;7.59;18.98;;;02.05.2025;7.59;3600542396608;Kozmetika
MAS.LICE GARNIER ML.SERUM C;346457;Garnier;1.0000;kom;2.99;2.99;;;02.05.2025;2.99;3600542380492;Kozmetika
GEL.TU.L´ANGELICA KONOP.500 ml;346500;L'Angelica;0.5000;l;2.99;5.98;;;02.05.2025;2.99;8017331076996;Kozmetika
SARDINA FJK MASLIN.ULJE 90 g;346511;Franz Jozef Kaiser;0.0630;kg;1.99;31.59;;;02.05.2025;1.99;8595241527758;Hrana
TUNA FJK ODREZ.MAS.ULJE 150 g;346512;Franz Jozef Kaiser;0.1020;kg;2.89;28.33;;;02.05.2025;2.89;8595241527901;Hrana
KUK.MIK.PEÆ.CHIO SLANE 80 g;346514;Chio;0.0800;kg;1.19;14.88;;;02.05.2025;1.19;3856021303579;Hrana
KUK.MIK.PEÆ.CHIO SLANE 3X80 g;346516;Chio;0.2400;kg;2.79;11.63;;;02.05.2025;2.79;3856021303616;Hrana
HRANA ZA PSE S-BUD.GOV.10 kg;346541;S-Budget;10.0000;kg;9.99;1.00;;;02.05.2025;8.99;3831115325026;Proizvodi za kuæanstvo
Svinjska rebra HR;346542;;1.0000;kg;6.99;6.99;;;02.05.2025;6.99;3850139543148;Hrana
BANJALUÈKI JUNEÆI ÆEVAPÈIÆI ;346546;;0.6000;kg;6.89;11.48;;;02.05.2025;6.89;3859893373473;Hrana
GOURMET BURGER 400 g;346547;;0.4000;kg;4.49;11.23;;;02.05.2025;4.49;3859893373497;Hrana
ANTIQUE PELINKOVAC LUX 0,7 L;346600;;0.7000;L;18.02;25.74;;;02.05.2025;16.39;3850112110596;Piæa
ÈOK.BANANA S BUDGET 280 g;346603;S-Budget;0.2800;kg;2.99;10.68;;;02.05.2025;2.99;3856021213656;Hrana
ÈOK.BANANA MINI S BUDGET 150 g;346605;S-Budget;0.1500;kg;1.79;11.93;;;02.05.2025;1.79;3856021213618;Hrana
ÈOK.JIMMY F.CHOCO 180 g;346611;Jimmy Fantastic;0.1800;kg;0.39;2.17;;;02.05.2025;0.39;8600939345931;Hrana
MASKA FRUCTIS WATERMELO.390 ml;346651;Garnier;0.3900;l;7.49;19.21;;;02.05.2025;7.49;3600542389488;Kozmetika
©AM.FRUCTIS WATERMELON  350 ml;346653;Garnier;0.3500;l;5.19;14.83;;;02.05.2025;5.19;3600542397773;Kozmetika
REG.FRUCTIS WATERMELON 350 ml;346656;Garnier;0.3500;l;5.19;14.83;;;02.05.2025;5.19;3600542397780;Kozmetika
VOÆ.ORA©.MIX SPAR VIT.150 g;346657;SPAR Vital;0.1500;kg;2.09;13.93;;;02.05.2025;2.09;3856021217340;Hrana
SLADOLED DINO SPAR 4x40 g;346658;SPAR;0.1600;kg;2.39;14.94;;;02.05.2025;2.39;9100000908793;Hrana
VOÆ.ORA©.MIX  1 ENJOY 60 g;346659;SPAR enjoy;0.0600;kg;.79;13.17;;;02.05.2025;.79;3856021217401;Hrana
VOÆ.ORA©.MIX  2 ENJOY 60 g;346662;SPAR enjoy;0.0600;kg;.79;13.17;;;02.05.2025;.79;3856021217425;Hrana
ORA©ASTI MIX 1 SPAR ENJOY 60 g;346663;SPAR enjoy;0.0600;kg;.79;13.17;;;02.05.2025;.79;3856021211195;Hrana
KIKIRIKI PEÈEN NES.VITAL 200 g;346665;SPAR Vital;0.2000;kg;1.79;8.95;;;02.05.2025;1.79;3856021217364;Hrana
ORA©.MIX 2 SPAR ENJOY 60 g;346669;SPAR enjoy;0.0600;kg;.79;13.17;;;02.05.2025;.79;3856021217388;Hrana
HIDRATANTNI BALZAM OLIVA.75 ml;346681;Olival;0.0750;L;3.09;41.20;;;02.05.2025;3.09;3859893186660;Kozmetika
SPREJ RAID AQUA 400 ml;346682;Raid;0.4000;l;5.55;13.88;;;02.05.2025;5.55;5000204342499;Proizvodi za kuæanstvo
SPREJ RAID FREEZE 350ml;346688;Raid;0.3500;l;6.49;18.54;;;02.05.2025;6.49;5000204203189;Proizvodi za kuæanstvo
SPREJ AUTAN BOTANICALS 100ml;346689;Autan;0.1000;l;10.75;107.50;;;02.05.2025;10.75;5000204139013;Kozmetika
SALVETE 33x33cm 20/1 FASANA ;346706;;1.0000;kom;0.49;0.49;;0.49;02.05.2025;0.49;4064481007954;Proizvodi za kuæanstvo
SALVETE 33x33cm 20/1 FASANA ;346707;;1.0000;kom;0.49;0.49;;0.49;02.05.2025;0.49;4064481007978;Proizvodi za kuæanstvo
SALVETE 33x33cm 20/1 FASANA ;346708;;1.0000;kom;0.49;0.49;;0.49;02.05.2025;0.49;4064481007916;Proizvodi za kuæanstvo
SALVETE 33x33cm 20/1 FASANA ;346709;;1.0000;kom;0.49;0.49;;0.49;02.05.2025;0.49;4064481007930;Proizvodi za kuæanstvo
SALVETE 33x33cm 20/1 FASANA ;346710;;1.0000;kom;0.49;0.49;;0.49;02.05.2025;0.49;4064481007558;Proizvodi za kuæanstvo
SALVETE 33x33cm 20/1 FASANA ;346715;;1.0000;kom;0.49;0.49;;0.49;02.05.2025;0.49;4064481007220;Proizvodi za kuæanstvo
SALVETE 33x33cm 20/1 FASANA ;346716;;1.0000;kom;0.49;0.49;;0.49;02.05.2025;0.49;4064481007244;Proizvodi za kuæanstvo
TEKSAS PILEÆA KRILA 500 g;346721;Perutnina;0.5000;kg;4.39;8.78;;;02.05.2025;4.39;3838977041439;Hrana
PILEÆA KRILA PIKANT;346732;SPAR;1.0000;kg;4.89;4.89;;;02.05.2025;4.89;3856021218651;Hrana
PILEÆI MARINIRANI  RA®NJIÆI;346735;SPAR;1.0000;kg;7.99;7.99;;;02.05.2025;7.99;3856021218675;Hrana
GRILL KOBASICA 540 g;346743;SPAR BBQ;0.5400;kg;6.89;12.76;;;02.05.2025;6.59;3856021218682;Hrana
ÆEVAPÈIÆI  480 g;346745;SPAR BBQ;0.4800;kg;4.69;9.77;;;02.05.2025;4.59;3856021218705;Hrana
MARINIRANA SVINJSKA REBARCA;346746;SPAR BBQ;1.0000;kg;6.99;6.99;;6.99;02.05.2025;7.99;3850139521641;Hrana
SLANINA DOBRO VP cca. 350 g;346782;Dobro;1.0000;kg;21.99;21.99;;;02.05.2025;21.99;3850133814688;Hrana
RAMA CLASSIC 400 g;346786;Rama;0.4000;kom;1.99;4.98;;;02.05.2025;1.99;8719200265097;Hrana
SIR ZRNAT.BIO SPAR 20%MM 200 g;346795;SPAR Natur*pur;0.2000;kg;1.79;8.95;;;02.05.2025;1.79;9100000907222;Hrana
KREKERI ELEPHANT SEZAM 180 g;346805;Elephant;0.1800;kg;1.89;10.50;;1.59;02.05.2025;1.59;5949040201105;Hrana
KREKERI ELEPHANT SLANI 180 g;346807;Elephant;0.1800;kg;1.89;10.50;;1.59;02.05.2025;1.59;5949040201082;Hrana
KEKS DIGEST.McVITIE´S 2x500 g;346809;McVities;1.0000;kg;4.19;4.19;;;02.05.2025;4.19;5000396048001;Hrana
MAJONEZA HEINZ SQUEEZE 400 ml;346820;;0.4000;L;4.45;11.13;;;02.05.2025;3.99;8715700422510;Hrana
FETA D.O.P.SALAKIS PRES.150 g;346821;Salakis;0.1500;kg;4.09;27.27;;;02.05.2025;4.09;3850355006779;Hrana
GRAH S-BUDGET CRVENI 400 g;346830;S-Budget;0.2550;kg;0.79;3.10;;;02.05.2025;0.79;9100000718064;Hrana
ORBIT SPER.BOÈ.REFRESHERS 67 g;346845;Wrigley;0.0670;kg;4.19;62.54;;;02.05.2025;4.19;4009900536257;Hrana
ORBIT PEPERM.BOÈ.REFRESH.67 g;346846;Wrigley;0.0670;kg;4.19;62.54;;;02.05.2025;4.19;4009900536288;Hrana
FULL OF SUNSHINE SOK 330 ml;346852;;0.3300;L;3.9;11.82;;;02.05.2025;3.72;3859894312235;Hrana
KUKURUZ KOKIÈAR S-BUDGET 500 g;346861;S-Budget;0.5000;kg;0.99;1.98;;;02.05.2025;0.99;3856021211553;Hrana
PAP.RUÈ.OLALA BUTLER 3SL 2/1;346914;Olala;2.0000;kom;5.25;2.63;;;02.05.2025;5.25;3858893272816;Proizvodi za kuæanstvo
PIVO SARAJEVSKO PREM.0,5 L LIM;346916;;0.5000;L;1.49;2.98;;;02.05.2025;1.49;3870028002297;Piæa
VINO CHARD.CRNOGOR. VRH.0,75 L;346917;;0.7500;L;6.62;8.83;;;02.05.2025;6.62;3899003002015;Piæa
OMEK©.VIOLETA SENSITIVE 900 ml;346919;Violeta;0.9000;l;1.99;2.21;;1.99;02.05.2025;1.99;3870128026056;Sredstva za èi¹æenje
OMEK©.VIOLETA ORIGINAL 900 ml;346921;Violeta;0.9000;l;1.99;2.21;;1.99;02.05.2025;1.99;3870128025967;Sredstva za èi¹æenje
OMEK©.VIOLETA PARADISE 900 ml;346922;Violeta;0.9000;l;1.99;2.21;;1.99;02.05.2025;1.99;3870128026087;Sredstva za èi¹æenje
VOSAK NIVEA MEN ZA KOSU 75 ml;346924;Nivea;0.0750;l;7.49;99.87;;;02.05.2025;7.49;42389606;Kozmetika
VINO CASTELLBLANC VL 0,75 L;346932;Agrolaguna;0.7500;L;13.42;17.89;;;02.05.2025;13.42;3858881196834;Piæa
GEL DUREX PLAY FEEL 50 ml;346934;Durex;0.0500;l;;131.80;6.59;8.29;02.05.2025;8.29;5038483163603;Toaletne potrep¹tine
VINO PLAVAC DONJA BANDA 1 L;346935;Postup Peljesac;1.0000;L;5.82;5.82;;;02.05.2025;5.82;3859893014253;Piæa
VINO PLAVAC DONJA BANDA 0,75 L;346936;Postup Peljesac;0.7500;L;7.38;9.84;;;02.05.2025;7.38;3859893014703;Piæa
VINO PLAVAC VR.DONJA B.0,75 L;346939;Postup Peljesac;0.7500;L;11.98;15.97;;;02.05.2025;11.98;3859893014109;Piæa
VINO PAS A P. G.R.ROUGE 0,75 L;346949;;0.7500;L;8.99;11.99;;;02.05.2025;8.99;3352260241004;Piæa
VINO CHATE. JANSENANT R.0,75 L;346952;;0.7500;L;9.99;13.32;;;02.05.2025;9.32;3336580009230;Piæa
VINO ARIA SKARAMUÈA 0,75 L;346955;Skaramuca;0.7500;L;10.19;13.59;;;02.05.2025;10.19;3859888214460;Piæa
P©ENIÈNI TOST 250 g;346968;;0.2500;kg;2.49;9.96;;;02.05.2025;2.49;9005300011542;Hrana
VI©EZRNATI TOST 250 g;346974;;0.2500;kg;2.49;9.96;;;02.05.2025;2.49;9005300011566;Hrana
CAPPUCCINO BARCAFF.CHOCO 144 g;346990;Barcaffe;0.1440;kg;3.99;27.71;;;02.05.2025;3.99;3838471042796;Piæa
CAPPUCCINO BARCAFFE CLAS.120 g;346991;Barcaffe;0.1200;kg;3.99;33.25;;;02.05.2025;3.99;3838471042819;Piæa
CAPP.BARCAFF.IRISH CREAM 144 g;346992;Barcaffe;0.1440;kg;3.99;27.71;;;02.05.2025;3.99;3838471042772;Piæa
CAPP.BARCAFFE VANILLA 144 g;346993;Barcaffe;0.1440;kg;3.99;27.71;;;02.05.2025;3.99;3838471042765;Piæa
UMAK GO-TAN RIBLJI 145 ml;346996;Go-tan;0.1450;l;2.89;19.93;;;02.05.2025;3.99;8710605018684;Hrana
SLAD.MAGNUM DOUB.KARAMEL 85 ml;347016;Magnum;0.0850;L;2.79;32.82;;;02.05.2025;2.49;8711327480537;Hrana
SLADOLED ORAH SPAR 1 L;347031;SPAR;1.0000;L;3.99;3.99;;;02.05.2025;3.99;3831115312125;Hrana
PEL.PAMPERS ABD S5 110/1;347044;Pampers;110.0000;kom;33.00;0.30;;;02.05.2025;33.00;8001090951779;Toaletne potrep¹tine
MINI KROASANI S-BUDGET 1 kg;347048;S-Budget;1.0000;kg;2.29;2.29;;;02.05.2025;2.29;3856021211676;Hrana
KEKS DOMAÆ.EXT.LJE©.KRA© 220 g;347061;Kra¹;0.2200;kg;3.19;14.50;;;02.05.2025;2.49;3850102009633;Hrana
KEKS DOMAÆ.EX.NARAN.KRA© 220 g;347062;Kra¹;0.2200;kg;3.19;14.50;;;02.05.2025;2.49;3850102009626;Hrana
SLADOLED PARTY TIME 12X65 ml;347064;Ledo;0.7800;L;5.99;7.68;;;02.05.2025;5.99;3850116036892;Hrana
DO.JELIM.FANT CHICKEN WOK 45 g;347069;Podravka;0.0450;kg;1.39;30.89;;;02.05.2025;1.39;3856020246242;Hrana
VINO KUTJEVO CRNI CUVEE 0,75 L;347077;;0.7500;L;6.19;8.25;;;02.05.2025;6.19;3850156006121;Piæa
UMAK BURGER DOYPAC.THOMY 220 g;347083;Thomy;0.2200;kg;3.19;14.50;;;02.05.2025;3.19;7613287464521;Hrana
PLOÈ.FIT.CHOCO&BAN NES.23,5 g;347098;Nestle;0.0235;kg;0.99;42.13;;;02.05.2025;0.89;5900020033956;Hrana
OLOV.OLIVAL ZA NJEGU NOKT.1/1;347115;Olival;1.0000;kom;3.99;3.99;;;02.05.2025;3.99;3859888345034;Toaletne potrep¹tine
©unka od pileæih prsa Jeli;347116;Jeli;1.0000;kg;8.99;8.99;;;02.05.2025;8.99;3858892722589;Hrana
KRUMPIR OGULINSKI 3 kg;347118;;3.0000;kg;3.69;1.23;;;02.05.2025;3.69;3859889293150;Hrana
MINI CROISSANT ÈOKOLADA 510 g;347120;;0.5100;kg;4.39;8.61;;;02.05.2025;3.99;3830053006349;Hrana
MINI CROISSANT ZEBRA 510 g;347125;;0.5100;kg;4.39;8.61;;;02.05.2025;3.99;3830053006363;Hrana
NAP.PLAZM.KOCKA BIJELA È.130 g;347127;Plazma;0.1300;kg;2.79;21.46;;;02.05.2025;2.79;8600043029567;Hrana
©TAP.HIG.LOLI PAPIRNATI 200/1;347130;Loli;200.0000;kom;1.60;0.01;;;02.05.2025;1.60;3858890795226;Toaletne potrep¹tine
©TAP.HIG.LOLI PAPIRNATI 100/1;347131;Loli;100.0000;kom;1.35;0.01;;;02.05.2025;1.35;3858890795202;Toaletne potrep¹tine
©TAP.HIG.LOLI PAPIRNATI 300/1;347133;Loli;300.0000;kom;2.25;0.01;;;02.05.2025;2.25;3858890794793;Toaletne potrep¹tine
RAJÈICA GENERY 250 g;347134;;0.2500;kg;2.19;8.76;;;02.05.2025;2.19;3858893060161;Hrana
FLUID BIOBAZA S.TAN BOOST150ml;347136;Biobaza;0.1500;L;7.99;53.27;;;02.05.2025;7.99;3856020905460;Kozmetika
BIOBAZA AFTER SUN SOS 150ml;347138;Biobaza;0.1500;L;7.39;49.27;;;02.05.2025;7.39;3856020907570;Kozmetika
BRA©NO INTEGRALNO EKOKLAS 1 kg;347157;;1.0000;kg;1.85;1.85;;;02.05.2025;1.85;3858887100354;Hrana
BRA©.P©EN. T-1100 EKOKLAS 1 kg;347159;;1.0000;kg;1.98;1.98;;;02.05.2025;1.98;3858887100330;Hrana
BRA©NO HELJDINO FARINA 1 kg;347160;Farina;1.0000;kg;3.69;3.69;;;02.05.2025;3.69;3858887101023;Hrana
KOLAGEN BOOST 500 ml;347164;;0.5000;L;27.19;54.38;;;02.05.2025;27.2;3858893510598;Hrana
P©E.INSTANT KRUP.NAT.PUR 400 g;347176;Natur pur;0.4000;kg;1.59;3.98;;;02.05.2025;1.59;9100000870724;Hrana
KRE.EVELINE ZA DEPILACI.125 ml;347177;Eveline;0.1250;L;3.79;30.32;;;02.05.2025;3.79;5901761967623;Kozmetika
MLINCI ZAGORSKI SPAR 250g;347178;SPAR Qualitätsmarke;0.2500;kg;2.13;8.52;;;02.05.2025;2.13;3856021217951;Hrana
MLINCI ZAGORSKI SPAR 400 g;347179;SPAR Qualitätsmarke;0.4000;kg;2.82;7.05;;;02.05.2025;2.82;3856021217975;Hrana
Èajno pecivo S-Budget ¹ape;347192;S-BUDGET;1.0000;kg;6.23;6.23;;;02.05.2025;6.23;3856021218637;Hrana
Èajno pec.S-Budget zvjezdice ;347196;S-BUDGET;1.0000;kg;6.49;6.49;;;02.05.2025;6.50;3856021218620;Hrana
MARCIPAN MASA NATUR PUR 200 g;347197;Natur pur;0.2000;kg;3.49;17.45;;;02.05.2025;3.49;9100000896236;Hrana
Èajno pec.S-Budget van.kiflice;347198;S-BUDGET;1.0000;kg;5.59;5.59;;;02.05.2025;5.57;3856021218644;Hrana
SLAD.BARATT.PANNA COTTA 800 ml;347209;;0.8000;L;5.99;7.49;;;02.05.2025;5.99;8005840096598;Hrana
SLA.BARATTOLINO AMARENA 800 ml;347210;;0.8000;L;5.99;7.49;;;02.05.2025;5.99;8005840096659;Hrana
HUMMUS NATURAL RIBELLA 200 g;347229;;0.2000;kg;2.25;11.25;;;02.05.2025;2.25;8606011898852;Hrana
HUMMUS SPICY RIBELLA 200 g;347232;;0.2000;kg;2.25;11.25;;;02.05.2025;2.25;8606011898876;Hrana
HUMM.BUÈINE SJE.RIBELLA 200 g ;347234;;0.2000;kg;2.25;11.25;;;02.05.2025;2.25;8606011898869;Hrana
HUMMUS SHIITAKE RIBELLA 200 g;347235;;0.2000;kg;2.25;11.25;;;02.05.2025;2.25;8606011898883;Hrana
SLAD.BARATT.CROCCANTINO 800 ml;347239;;0.8000;L;5.99;7.49;;;02.05.2025;5.99;8005840096635;Hrana
SLAD.BARAT.VANIL.PISTAC.800 ml;347240;;0.8000;L;5.99;7.49;;;02.05.2025;5.99;8005840096581;Hrana
SPR.DIPTEROL MAX ACTION 200ml;347244;Dipterol;0.2000;l;7.49;37.45;;;02.05.2025;7.49;3856007908675;Kozmetika
JOGURT VANILIJA SPAR FF 180 g;347273;SPAR free from;0.1800;kg;.79;4.39;;;02.05.2025;.79;9100000910703;Hrana
SLAD.MILKA MINI ©TAPIÆ 6x50 ml;347275;Milka;0.3000;L;5.29;17.63;;;02.05.2025;5.29;4007993023906;Hrana
SLAD.TOBLERONE MINI 6x50 ml;347278;Toblerone;0.3000;L;5.29;17.63;;;02.05.2025;5.29;5900130036885;Hrana
JOGURT BOROVNICA SPAR FF 180 g;347304;SPAR free from;0.1800;kg;.79;4.39;;;02.05.2025;.79;9100000910727;Hrana
SLADOLED SB MINI MIX 12x28 ml;347314;S-Budget;0.3360;L;3.49;10.39;;;02.05.2025;3.49;9100000908373;Hrana
TONIC FENTIMANS LEMONADE 0,2 L;347336;;0.2000;l;2.15;10.75;;;02.05.2025;2.15;5029366739015;Piæa
PLOÈICA SPAR HP ZOB KIKIR.40 g;347371;SPAR;0.0400;kg;1.59;39.75;;;02.05.2025;1.59;9100000904146;Hrana
PLOÈICA SPAR HP ZOB K.KAK.40 g;347376;SPAR;0.0400;kg;1.59;39.75;;;02.05.2025;1.59;9100000904122;Hrana
KEKS ZOB.BOOM BOX BRUS.50 g;347418;Boom Box;0.0500;kg;1.03;20.60;;;02.05.2025;1.03;3858890476835;Hrana
KEKS ZOB.BOOM BOX KOKOS 50 g;347419;Boom Box;0.0500;kg;1.03;20.60;;;02.05.2025;1.03;3858890476866;Hrana
KEKS ZOB.BOOM BOX KAKAO 50 g;347420;Boom Box;0.0500;kg;1.03;20.60;;;02.05.2025;1.03;3858890476897;Hrana
UMAK PATAK´S BUTT.CHICK 450 g;347437;Pataks;0.4500;kg;;8.87;3.99;5.79;02.05.2025;5.79;5011308303200;Hrana
MAHUNA DUET MIX BONDUELL.400 g;347457;Bonduelle;0.4000;kg;2.29;5.73;;;02.05.2025;2.29;3083681070576;Hrana
BALZAM TAFT CURLE 150 ml ;347527;Taft;0.1500;L;4.99;33.27;;4.99;02.05.2025;4.79;9000101723700;Kozmetika
SIR CAMEMB.PANI.S BUDGET 350 g;347533;S-Budget;0.3500;kg;3.79;10.83;;;02.05.2025;3.79;9100000910482;Hrana
DET.ÈARLI DIVLJA TRE©NJ.900 ml;347578;Èarli;0.9000;l;1.99;2.21;;1.99;02.05.2025;2.55;3850111304101;Sredstva za èi¹æenje
NAPITAK BOOM BOX ZOB 1 L;347580;Boom Box;1.0000;l;3.09;3.09;;;02.05.2025;3.09;3858890477504;Piæa
DET.ÈARLI ORIGINAL 1,35 L;347581;Èarli;1.3500;l;3.49;2.59;;;02.05.2025;3.49;3850111304194;Sredstva za èi¹æenje
NAPITAK BOOM BOX  ZOB BAD.1 L ;347582;Boom Box;1.0000;l;3.29;3.29;;;02.05.2025;3.29;3858890476927;Piæa
NAPITAK BOOM BOX  ZOB KOK.1 L ;347584;Boom Box;1.0000;l;3.29;3.29;;;02.05.2025;3.29;3858890476958;Piæa
NAPITAK BOOM BOX ZOB LJE©.1 L;347585;Boom Box;1.0000;l;3.29;3.29;;;02.05.2025;3.29;3858890476989;Piæa
Extrawurst Krainer;347586;Krainer;1.0000;kg;7.19;7.19;;;02.05.2025;7.19;9004286400227;Hrana
ZOB.KA©A JAGODA CHIA B.B. 60 g;347588;Atlantic Trade;0.0600;kg;0.99;16.50;;;02.05.2025;0.99;3858890477160;Hrana
ZOB.KA©A ©UM.V.BADEM B.B.300 g;347589;Atlantic Trade;0.3000;kg;3.99;13.30;;;02.05.2025;3.59;3858890477047;Hrana
ZOB.KA©A ©UM.V.BADEM B.B 60 g;347591;Atlantic Trade;0.0600;kg;0.99;16.50;;;02.05.2025;0.99;3858890477191;Hrana
ZOB.KA©A ÈOKO.BAN.LJE©NJ.300 g;347592;Atlantic Trade;0.3000;kg;3.99;13.30;;;02.05.2025;3.59;3858890477078;Hrana
ZOB.KA©A ÈOK.BA.LJE©. B.B.60 g;347593;Atlantic Trade;0.0600;kg;0.99;16.50;;;02.05.2025;0.99;3858890477221;Hrana
PILEÆA LEÐA I HRBAT;347599;Cekin;1.0000;kg;2.49;2.49;;;02.05.2025;2.49;3850159110238;Hrana
GRANOLA ©U.V.KOK.BAD.B.B.300 g;347601;Atlantic Trade;0.3000;kg;3.99;13.30;;;02.05.2025;3.59;3858890477313;Hrana
GRANOLA ©U.V.KOK.BAD. B.B.60 g;347602;Atlantic Trade;0.0600;kg;0.99;16.50;;;02.05.2025;0.99;3858890477405;Hrana
GRANOLA ÈOKO.BAD.BOOM BOX 60 g;347604;Atlantic Trade;0.0600;kg;0.99;16.50;;;02.05.2025;0.99;3858890477436;Hrana
GRANOLA ÈOK.BAD.BOOM BOX 300 g;347606;Atlantic Trade;0.3000;kg;3.99;13.30;;;02.05.2025;3.59;3858890477344;Hrana
GRANOLA ORA©AS.PLOD.B.B. 60 g;347607;Atlantic Trade;0.0600;kg;0.99;16.50;;;02.05.2025;0.99;3858890477467;Hrana
GRAN.ORA©.PLOD.BOOM BOX 300 g;347608;Atlantic Trade;0.3000;kg;3.99;13.30;;;02.05.2025;3.59;3858890477375;Hrana
MASLAC OD KIKIRIKI.NUTZ 310 g;347610;;0.3100;kg;4.09;13.19;;;02.05.2025;4.09;3830075180058;Hrana
MASLAC OD KIKIRIKI.NUTZ 310 g;347613;;0.3100;kg;4.09;13.19;;;02.05.2025;4.09;3830075180041;Hrana
JUHA BOGATA S LEÆOM PODRA.75 g;347624;Podravka;0.0750;kg;1.59;21.20;;;02.05.2025;1.59;3856020247409;Hrana
JUHA BOG.CRVEN.KVINOJA PO.70 g;347625;Podravka;0.0700;kg;1.59;22.71;;;02.05.2025;1.59;3856020247430;Hrana
PER©IN KOR. LIST S-BUDG. 250 g;347635;S-BUDGET;0.2500;kg;1.39;5.56;;;02.05.2025;1.39;3856021218460;Hrana
PER©IN LIST S-BUDGET 100 g ;347636;S-BUDGET;0.1000;kg;1.29;12.90;;;02.05.2025;1.29;3856021218484;Hrana
PER©IN KORIJEN S-BUDGET 250 g;347637;S-BUDGET;0.2500;kg;1.29;5.16;;;02.05.2025;1.29;3856021218446;Hrana
CHEDDAR VINTAG.PRESIDENT 200 g;347648;President;0.2000;kg;4.59;22.95;;;02.05.2025;4.59;5017838821634;Hrana
BRILJANTIIN MR FUNK 100 ml;347675;;0.1000;kom;3.59;35.90;;;02.05.2025;3.59;3850177107357;Kozmetika
VOSAK MR FUNK ZA KOSU 100 ml;347676;;0.1000;kom;4.89;48.90;;;02.05.2025;4.89;3850177007312;Kozmetika
COMPLETE COLOR CREME N 70 ;347678;;1.0000;kom;4.19;4.19;;;02.05.2025;4.19;3850177008005;Kozmetika
COMPLETE COLOR CREME N93 MED;347679;;1.0000;kom;4.19;4.19;;;02.05.2025;4.19;3850177007985;Kozmetika
COMPLETE COLOR CREME EB 100;347680;;1.0000;kom;4.19;4.19;;;02.05.2025;4.19;3850177007787;Kozmetika
KORABA kom;347688;;1.0000;kom;1.59;1.59;;;02.05.2025;1.59;55;Hrana
MAÐARICA SPAR 420 g;347701;SPAR Qualitätsmarke;0.4200;kg;4.99;11.88;;;02.05.2025;4.99;3856021218842;Hrana
PRAH NEOPITROID 100 g;347702;Neopitroid;0.1000;KG;3.05;30.50;;;02.05.2025;2.89;3859894035011;Proizvodi za kuæanstvo
GEL MIXA ZA ÈI©Æ.LICA 200 ml;347709;MIXA;0.2000;l;5.49;27.45;;;02.05.2025;5.49;3600551155098;Kozmetika
LOSION MIXA HYALUROGEL 400 ml ;347711;MIXA;0.4000;l;6.99;17.48;;;02.05.2025;6.99;3600550958430;Kozmetika
MLIJEKO ZA TIJ.MIXA 400 ml;347712;MIXA;0.4000;l;7.10;17.75;;;02.05.2025;7.10;3600550932775;Kozmetika
KREMA MIXA ANTI IMPERF.50 ml;347713;MIXA;0.0500;l;7.19;143.80;;;02.05.2025;7.19;3600551156200;Kozmetika
MAR.ASEPSOLETA SENSITIVE 20/1 ;347737;Asepsoleta;20.0000;KOM;1.99;0.10;;;02.05.2025;1.79;3856007908446;Toaletne potrep¹tine
BOROVNICA 500 g;347758;;0.5000;kg;4.99;9.98;;;02.05.2025;5.49;8437015687117;Hrana
DEO SP.NIVEA KICK FRESH 150 ml;347813;Nivea;0.1500;l;4.99;33.27;;;02.05.2025;4.99;9005800342634;Kozmetika
SLAD.MILKA VAN&ÈOK TUB 480 ml;347814;Milka;0.4800;L;5.49;11.44;;;02.05.2025;5.49;4007993031192;Hrana
DEO ROLL ON NIVEA KICK F.50 ml;347818;Nivea;0.0500;L;4.99;99.80;;;02.05.2025;4.99;9005800342788;Kozmetika
ORBIT SPERM.DRA®.REFR.15,6 g;347821;Wrigley;0.1560;kg;0.99;6.35;;;02.05.2025;0.99;4009900535519;Hrana
MIC.VODA NIVEA HYDRA SK.400 ml;347823;Nivea;0.4000;L;7.99;19.98;;;02.05.2025;7.99;9005800344546;Kozmetika
ULO©.ALWAYS EXTRA NIGHT 12/1;347839;Always;12.0000;kom;2.50;0.21;;;02.05.2025;2.50;8006540093849;Toaletne potrep¹tine
ULO©.NATURELLA UL.PLUS 18/1;347842;Naturella;18.0000;kom;2.45;0.14;;;02.05.2025;2.45;8006540098257;Toaletne potrep¹tine
ULO©.NATURELLA CAM.LIGHT 52/1;347844;Naturella;52.0000;kom;2.35;0.05;;;02.05.2025;2.35;8001090604040;Toaletne potrep¹tine
ULO©.NATURELLA REG. 44/1;347846;Naturella;44.0000;kom;2.35;0.05;;;02.05.2025;2.35;8006540100769;Toaletne potrep¹tine
DEO ROLL ON NIVEA ACTIVE 50 ml;347848;Nivea;0.0500;l;4.99;99.80;;;02.05.2025;4.99;9005800344447;Kozmetika
DEO SP.NIVEA ACTIVE ENE.150 ml;347853;Nivea;0.1500;l;4.99;33.27;;;02.05.2025;4.99;9005800344799;Kozmetika
EXTRAWURST F.KRAINER 400 g;347864;Krainer;0.4000;kg;3.49;8.73;;;02.05.2025;3.49;9004286400401;Hrana
JELO U ÈA©I RAMEN JU.MISO 66 g;347868;;0.0660;kg;;19.55;1.29;1.99;02.05.2025;1.99;5901384503758;Hrana
JELO U ÈA©.RAMEN JU.SVINJ.62 g;347869;;0.0620;kg;;20.81;1.29;1.99;02.05.2025;1.99;5901384504731;Hrana
JELO U ÈA©.RAMEN JU.PILET.63 g;347871;;0.0630;kg;;20.48;1.29;1.99;02.05.2025;1.99;5901384503734;Hrana
GLOW SPREJ RU®A 100 ml;347872;Olival;0.1000;L;10.61;106.10;;;02.05.2025;10.61;3858892692806;Kozmetika
ÈAJNA NAREZAK XXL ROZETO 200 g;347880;Rozeto;0.2000;kg;5.49;27.45;;;02.05.2025;5.49;3850281937444;Hrana
KULEN NAREZAK XXL ROZETO 200 g;347882;Rozeto;0.2000;kg;5.49;27.45;;;02.05.2025;5.49;3850281937451;Hrana
SPREJ HASK BIOTIN 5U1 175 ml;347883;HASK;0.1750;L;6.59;37.66;;;02.05.2025;6.59;0071164302255;Kozmetika
TAB.FINISH QUANTUM ULTIMA.80/1;347890;Finish;80.0000;kom;21.99;0.27;;;02.05.2025;21.99;5999109580788;Sredstva za èi¹æenje
SLAD.B&J NETFLIX &CHILL 465 ml;347907;Ben & Jerry's;0.4650;L;8.79;18.90;;;02.05.2025;8.79;8711327386334;Hrana
TUNA PA©TETA S-BUDGET 75 g;347909;S-Budget;0.0750;kg;0.99;13.20;;;02.05.2025;0.96;3856021211966;Hrana
IN.KAVA BARCAF. 3u1 CLAS.200 g;347911;Barcaffe;0.2000;kg;2.79;13.95;;;02.05.2025;2.79;3838471042901;Piæa
I.KAV.BARCAF. 3u1 CLASSIC 20 g;347913;Barcaffe;0.0200;kg;0.29;14.50;;;02.05.2025;0.29;3838471038751;Piæa
SLA.DOUB.CARAM.TAKE HOM.440 ml;347914;Magnum;0.4400;l;7.69;17.48;;;02.05.2025;7.69;8711327480438;Hrana
SALVETE 33x33cm 20/1 FASANA ;347921;;1.0000;kom;0.49;0.49;;0.49;02.05.2025;0.49;4064481007107;Proizvodi za kuæanstvo
SALVETE 33x33cm 20/1 FASANA ;347926;;1.0000;kom;0.49;0.49;;0.49;02.05.2025;0.49;4064481007169;Proizvodi za kuæanstvo
OMEK.VIOLETA LAGOON 900 ml ;347951;Violeta;0.9000;l;1.99;2.21;;1.99;02.05.2025;1.99;3870128025998;Sredstva za èi¹æenje
BIO SALAMA NAREZAK 80 g;348009;Spar Natur pur;0.0800;kg;2.99;37.38;;;02.05.2025;2.99;9100000156569;Hrana
TJ.KLARA MARIÆ FU®I ©PIN.400 g;348043;Klara M;0.4000;kg;4.79;11.98;;;02.05.2025;4.79;3859888499171;Hrana
TJ.KL.MARIÆ FU®I CR.SIPE 400 g;348044;Klara M;0.4000;kg;4.79;11.98;;;02.05.2025;4.79;3859888499393;Hrana
TJ.KLARA MARIÆ FU®I CHI.400 g;348046;Klara M;0.4000;kg;4.79;11.98;;;02.05.2025;4.79;3859888499409;Hrana
RIB.FILE.A LA BORDELAISE 380 g;348053;Frozy;0.3800;kg;3.39;8.92;;;02.05.2025;3.39;3858891044149;Hrana
PLO.MORA U UMAK.OD RAJÈI.500 g;348056;Frozy;0.5000;kg;4.19;8.38;;;02.05.2025;4.19;3858891044590;Hrana
PLOD.MORA U MEDITER.UMAK.500 g;348058;Frozy;0.5000;kg;4.19;8.38;;;02.05.2025;4.19;3858891044606;Hrana
TUNA ODREZAK FROZY 250 g;348059;Frozy;0.2500;kg;6.25;25.00;;;02.05.2025;6.25;3858891044859;Hrana
RUM HAVANA 3YO 0,7 L 37,5%;348061;;0.7000;L;16.62;23.74;;;02.05.2025;16.62;8501110088831;Piæa
NAMAZ VOÆ.BRUS. I JAGODA 220 g;348070;Podravka;0.2200;kg;3.99;18.14;;;02.05.2025;3.99;3856020248475;Hrana
NAM.VOÆNI BOROVNICA PODR.220 g;348071;Podravka;0.2200;kg;3.99;18.14;;;02.05.2025;3.99;3856020248567;Hrana
NAMAZ VOÆNI CRNO VOÆE PO.220 g;348075;Podravka;0.2200;kg;3.99;18.14;;;02.05.2025;3.99;3856020248505;Hrana
Sir ©pin tvrdi kravlji 1/4 ;348076;;1.0000;kg;25.99;25.99;;;02.05.2025;24.49;3858881190849;Hrana
Sir ©pin tvrdi mije¹ani 1/4 ;348077;;1.0000;kg;31.99;31.99;;;02.05.2025;31.99;3858881190009;Hrana
VINO BELJE CUVEE ROUGE 0,75 L;348088;;0.7500;L;6.02;8.03;;;02.05.2025;6.02;3850257021849;Piæa
PJEN.FREIX.MIA FRESH.&C.0,75 L;348090;Freixenet;0.7500;L;9.08;12.11;;;02.05.2025;9.08;8410384049045;Piæa
VINO EXHIB ROSE 0,75 L;348091;;0.7500;L;6.32;8.43;;;02.05.2025;6.32;3500610135910;Piæa
PJ.JP CH.STRW/RASP.0,75 L;348092;;0.7500;L;5.99;7.99;;;02.05.2025;5.99;3500610102493;Piæa
PJ.JP CHENET MUSCAT 0,75 L;348093;;0.7500;L;10.32;13.76;;;02.05.2025;10.32;3500610134432;Piæa
RAKIJA ©LJIVOVICA.PREMI. 0,7 L;348095;;0.7000;L;22.18;31.69;;;02.05.2025;22.18;3850112121400;Piæa
JAMESON GING.LIME 0,25 L LIM.;348096;Jameson;0.2500;L;2.52;10.08;;;02.05.2025;2.52;5011007018931;Piæa
BADEL PRIMA BLACK 0,7 L;348097;Badel;0.7000;L;15.22;21.74;;;02.05.2025;15.22;3850112141460;Piæa
VINO VEZAK SAUVIGN.VR.0,75 L;348098;;0.7500;L;10.08;13.44;;;02.05.2025;10.08;3850112171276;Piæa
PJENU©AC FREIXENET 0,75 L DUL;348099;Freixenet;0.7500;L;14.82;19.76;;;02.05.2025;14.82;8410036809041;Piæa
ZAÈ.PIMENT CIJELI 37 g;348101;;0.0370;kg;3.59;97.03;;;02.05.2025;3.59;9001414274095;Piæa
HRANA ZA MAÈ.MOL.PR.TE.4X100 g;348102;Molly;0.4000;kg;1.99;4.98;;;02.05.2025;1.99;9100000909141;Proizvodi za kuæanstvo
HRANA ZA MAÈKE MOL.PIL.4X100 g;348103;Molly;0.4000;kg;1.99;4.98;;;02.05.2025;1.99;9100000909127;Proizvodi za kuæanstvo
KAVA BARCAFFE RWANDA 200 g;348112;Barcaffe;0.2000;kg;6.99;34.95;;;02.05.2025;6.99;3838471043601;Piæa
GRA©AK SPAR MLADI 400 g;348130;SPAR;0.2700;kg;1.49;5.52;;;02.05.2025;1.49;9100000073057;Hrana
MAHUNE SPAR REZANE ZEL.800 g;348131;SPAR;0.4550;kg;2.49;5.47;;;02.05.2025;2.49;9100000074009;Hrana
LEÆA SPAR 400 g;348132;SPAR;0.2400;kg;1.09;4.54;;;02.05.2025;1.09;9100000076607;Hrana
VL.TP LOVELY S 99% VODE 60/1 ;348137;Lovely;60.0000;kom;1.29;0.02;;;02.05.2025;1.29;9100000896083;Toaletne potrep¹tine
KEKS SPAR PREMIUM MANDEL.90 g;348158;SPAR PREMIUM;0.0900;kg;2.69;29.89;;;02.05.2025;2.69;9100000907765;Hrana
KAVA J.MEINL ORIENT CLAS.250 g;348168;JULIUS MEINL;0.2500;kg;5.59;22.36;;;02.05.2025;5.29;9000403951238;Piæa
KOLAÈ ÈOKOLA. FANTAZIJA 300 g;348183;;0.3000;kg;5.09;16.97;;;02.05.2025;5.09;3859890208259;Hrana
KAVA SPAR PREMIUM KOLUMB.250 g;348185;SPAR PREMIUM;0.2500;KG;3.99;15.96;;;02.05.2025;3.99;9100100005385;Piæa
UM.PODR.VEG.GRILL CLASSIC 75 g;348186;Podravka;0.0750;kg;1.29;17.20;;;02.05.2025;1.29;3856020246471;Hrana
UMAK POD.VEG.GRILL PIKANT 75 g;348188;Podravka;0.0750;kg;1.29;17.20;;;02.05.2025;1.29;3856020246532;Hrana
UMAK POD.VEGETA GRILL BBQ 75 g;348190;Podravka;0.0750;kg;1.29;17.20;;;02.05.2025;1.29;3850104283239;Hrana
BOBI STIX KETCHUP 35 g;348191;Bobi;0.0350;kg;0.54;15.43;;;02.05.2025;0.54;3858891590479;Hrana
JUHA MAGGI KREM RAJÈICA 62 g;348213;Maggi;0.0620;kg;;11.13;0.69;1.09;02.05.2025;1.09;7613287259608;Hrana
JUHA MAGGI KREM PILEÆA 54 g;348214;Maggi;0.0540;kg;;12.78;0.69;1.09;02.05.2025;1.09;7613287259622;Hrana
JUHA MAGGI BISTRA KOKO©JA 58 g;348217;Maggi;0.0580;kg;;11.90;0.69;1.09;02.05.2025;1.09;7613287259677;Hrana
RAMA ZA KOLAÈE 250 g;348232;Rama;0.2500;kg;1.09;4.36;;;02.05.2025;1.09;8719200198869;Hrana
MATOVILAC S-BUDGET 100 g;348259;S-BUDGET;0.1000;kg;1.19;11.90;;;02.05.2025;1.19;8012566031345;Hrana
RUKOLA S BUDGET 100 g;348265;S-BUDGET;0.1000;kg;0.79;7.90;;0.79;02.05.2025;1.09;8012566031338;Hrana
ISO SPORT NARANÈA LIMUN 1,5 L;348274;Iso Sport;1.5000;l;2.52;1.68;;;02.05.2025;2.52;3850108071849;Piæa
ISO SPORT NARANÈA LIMUN 0,5 L;348276;Iso Sport;0.5000;l;1.42;2.84;;;02.05.2025;1.42;3850108078473;Piæa
KAVA HELL EN.DOUBL.ESPR.250 ml;348296;;0.2500;L;1.69;6.76;;;02.05.2025;1.39;5999860497646;Piæa
UMAK V.LJ.VRABASCO MILD 100 ml;348297;;0.1000;l;4.79;47.90;;;02.05.2025;4.79;3858893750185;Hrana
UM.V.LJ.VRABASCO SMOKED 100 ml;348298;;0.1000;kg;5.49;54.90;;;02.05.2025;5.49;3858893750208;Hrana
UM.V.LJ.VRABASCO STRONG 100 ml;348301;;0.1000;l;6.39;63.90;;;02.05.2025;6.39;3858893750215;Hrana
UM.V.LJ.VRABANERO ORIGI.100 ml;348303;;0.1000;l;6.99;69.90;;;02.05.2025;6.99;3858893750222;Hrana
ULO©CI LIBRESSE PURESENS 12/1 ;348304;Libresse;12.0000;KOM;2.45;0.20;;;02.05.2025;1.99;7322541161747;Toaletne potrep¹tine
ULO©CI LIBRESSE PURESENS 8/1 ;348305;Libresse;8.0000;KOM;1.65;0.21;;;02.05.2025;1.35;7322541161785;Toaletne potrep¹tine
ULO©CI LIBRESSE PURESENS 26/1;348306;Libresse;26.0000;KOM;2.15;0.08;;;02.05.2025;1.35;7322541161914;Toaletne potrep¹tine
EN.PIÆE RB R.WATERMELON 0,25 L;348314;Red Bull;0.2500;L;1.69;6.76;;;02.05.2025;1.69;90446016;Piæa
ULO.LIBRESSE MULTI BLACK 30/1 ;348315;Libresse;30.0000;KOM;1.98;0.07;;;02.05.2025;1.49;7322540919516;Toaletne potrep¹tine
TONIC TH.HENRY BOTANIC.0,75 L;348318;;0.7500;l;5.02;6.69;;;02.05.2025;5.02;4251760802533;Piæa
KAP.STARBUCKS C.LATTE 121,2 g;348345;Starbucks;0.1212;kg;5.29;43.65;;5.29;02.05.2025;6.49;7613287009647;Piæa
KIKIRIKI SUHOP.NUTLINE 250 g;348369;Nutline;0.2500;kg;2.69;10.76;;;02.05.2025;2.29;3856021302275;Hrana
KAVA HAUSBRANDT U ZRNU 500 g;348371;Hausbrandt;0.5000;kg;16.49;32.98;;;02.05.2025;15.26;8006980538054;Piæa
KAPSULE HAUSBRANDT INTEN. 50 g;348379;Hausbrandt;0.0500;kg;4.29;85.80;;;02.05.2025;4.29;8006980281059;Piæa
KAPSULE HAUSBRANDT GOURM. 50 g;348381;Hausbrandt;0.0500;kg;3.71;74.20;;;02.05.2025;3.71;8006980280052;Piæa
KAP.HAUSBRANDT BEZ KOF. 50 g;348382;Hausbrandt;0.0500;kg;4.29;85.80;;;02.05.2025;4.29;8006980279056;Piæa
KITKAT CHUNKY WHITE 40 g;348434;Nestle;0.0400;kg;1.39;34.75;;;02.05.2025;1.39;3800020432983;Hrana
BOMBON.AFT.EIGHT NARANÈA 200 g;348438;After Eight ;0.2000;kg;4.49;22.45;;;02.05.2025;2.99;7613287290748;Hrana
GEL TU©.AFRODITA IMMORT.250 ml;348462;Afrodita;0.2500;l;2.95;11.80;;;02.05.2025;2.95;3831070657323;Kozmetika
GEL TU©.AFRODITA P.250 ml;348465;Afrodita;0.2500;l;2.95;11.80;;;02.05.2025;2.95;3831070657330;Kozmetika
TONIK NIVEA ROSE T.200 ml;348475;Nivea;0.2000;l;8.59;42.95;;;02.05.2025;8.59;9005800351322;Kozmetika
GRAH PODRAVKA CRNI 400 g;348505;Podravka;0.2300;kg;1.89;8.22;;;02.05.2025;1.89;3856020243432;Hrana
POLI NAREZAK MEGA PACK 250 g;348506;Poli;0.2500;kg;2.89;11.56;;;02.05.2025;2.89;3838977039528;Hrana
PAPRIKA© PILETINA PODR.400 g;348507;Podravka;0.4000;kg;4.19;10.48;;;02.05.2025;4.19;3856020246129;Hrana
ÆUFTE UMAK RAJÈICA PODR.400 g;348508;Podravka;0.4000;kg;3.99;9.98;;;02.05.2025;3.99;3858886464952;Hrana
NAMAZ MIJE©ANI S BUDGET 250 g;348529;S-BUDGET;0.2500;kg;2.99;11.96;;;02.05.2025;2.99;9100000908588;Hrana
SPAR ALU FOLIJA POWER 15 m;348641;SPAR Qualitätsmarke;1.0000;kom;3.19;3.19;;3.19;02.05.2025;3.19;9100000898414;Proizvodi za kuæanstvo
SPAR PAPIR ZA PEÈENJE,30 LIST.;348642;SPAR Qualitätsmarke;1.0000;kom;1.99;1.99;;;02.05.2025;1.99;9100000978284;Proizvodi za kuæanstvo
SPAR PAPIR ZA PEÈENJE,12 m;348643;SPAR Qualitätsmarke;1.0000;kom;1.99;1.99;;;02.05.2025;1.99;9100000978260;Proizvodi za kuæanstvo
PLOÈICA LJE©.CVIJET SOLI 45 g;348698;SUPERHERAW;0.0450;kg;1.99;44.22;;;02.05.2025;1.99;3857500100726;Hrana
UM.SWEET CHILI S-BUDGET 300 ml;348701;S-Budget;0.3000;l;1.59;5.30;;;02.05.2025;1.59;9100000911878;Hrana
UMAK COCKTAIL S-BUDGET 300 ml;348704;S-Budget;0.3000;l;1.59;5.30;;;02.05.2025;1.59;9100000911915;Hrana
UMAK ÈE©NJAK S-BUDGET 300 ml;348706;S-Budget;0.3000;l;1.59;5.30;;;02.05.2025;1.59;9100000911892;Hrana
UMAK TARTAR S-BUDGET 300 ml;348707;S-Budget;0.3000;l;1.59;5.30;;;02.05.2025;1.59;9100000911939;Hrana
TAB.FINISH QUANTU.ULT.REG.60/1;348712;Finish;60.0000;kom;18.95;0.32;;;02.05.2025;18.95;5908252001217;Sredstva za èi¹æenje
HRANA ZA MAÈKE POESIE PUR.85 g;348713;Vitakraft;0.0850;kg;0.86;10.12;;;02.05.2025;0.86;4008239597922;Proizvodi za kuæanstvo
HRANA ZA MAÈKE POESIE PIL.85 g;348714;Vitakraft;0.0850;kg;0.86;10.12;;;02.05.2025;0.86;4008239597939;Proizvodi za kuæanstvo
POSLAS.ZA MAÈKE CHOUP.SIR 40 g;348716;Vitakraft;0.0400;kg;1.59;39.75;;;02.05.2025;1.59;4008239594662;Proizvodi za kuæanstvo
©TAPIÆI ZA MAÈKE PILET.4X5 g;348719;Vitakraft;0.0200;kg;1.45;72.50;;;02.05.2025;1.45;4008239595706;Proizvodi za kuæanstvo
RAHATLOKUM S NARANÈA 180 g;348722;Adria;0.1800;kg;1.45;8.06;;;02.05.2025;1.45;3858890265538;Hrana
BUÈIINE SJE.SJECKANE N.P.200 g;348723;Natur pur;0.2000;kg;2.69;13.45;;;02.05.2025;2.69;9100000907284;Hrana
GEL T.L´ANGELICA LI.500 ml ;348727;L'Angelica;0.5000;l;2.99;5.98;;;02.05.2025;2.99;8017331077450;Kozmetika
ÈOK.SCHOGETTEN BROWNIE 100 g;348729;Schogetten;0.1000;kg;1.29;12.90;;;02.05.2025;1.29;4000415040109;Hrana
SLA.MAGNUM BADEM VEG.3 x 90 ml;348733;Magnum;0.2700;L;7.39;27.37;;;02.05.2025;7.39;8714100658499;Hrana
CHIPS NACHOS BIJELI 150 g  ;348737;DUPIN;0.1500;kg;1.99;13.27;;;02.05.2025;1.99;8411778164757;Hrana
SLANUTAK DESPAR 3X140 g;348744;Despar;0.4200;kg;2.39;5.69;;;02.05.2025;2.39;8001300242451;Hrana
SLAD.B&J KARAMEL SUTRA 465 ml;348748;Ben & Jerry's;0.4650;l;8.79;18.90;;;02.05.2025;8.79;8711327374171;Hrana
RAJÈICA KOKTEL S BUDGET 500 g;348749;S-BUDGET;0.5000;kg;2.29;4.58;;;02.05.2025;2.19;3856021219177;Hrana
CIKLA NATUR PUR 690 g;348750;Spar Natur pur;0.4000;kg;2.29;5.73;;;02.05.2025;2.29;9100000737171;Hrana
MLIJEKO TRAJNO KK 2,8% 1 L;348752;Belje;1.0000;L;1.02;1.02;;;02.05.2025;1.02;3850257060985;Hrana
JOGURT TEKUÆI  2,8% KK 180 g;348753;Belje;0.1800;kg;0.44;2.44;;;02.05.2025;0.44;3850257061043;Hrana
JOG.TEKUÆI 2,8% KRALJ.KRAV 1kg;348754;Belje;1.0000;kg;1.99;1.99;;;02.05.2025;1.89;3850257061067;Hrana
VRHNJE KISELO12% KK 180 g;348755;Belje;0.1800;kg;0.99;5.50;;;02.05.2025;0.99;3850257061081;Hrana
VRHNJE ZA KUHANJE KK  0,5 L;348760;Belje;0.5000;L;2.79;5.58;;2.79;02.05.2025;3.39;3850257061203;Hrana
LOSOS ATL.HLA.DIMLJ.SPAR 100 g;348761;SPAR;0.1000;kg;3.99;39.90;;;02.05.2025;3.99;3831115323909;Hrana
ULJE MAS.EX.DJEV.KONFIN 500 ml;348762;;0.5000;L;15.99;31.98;;;02.05.2025;15.99;3859893661013;Hrana
VANIL.©EÆER DR.OETKER 8 g;348773;Dr. Oetker;0.0080;kg;0.55;68.75;;;02.05.2025;0.55;5997381369626;Hrana
ERITRIT DR.OETKER 200 g;348775;Dr. Oetker;0.2000;kg;4.79;23.95;;;02.05.2025;4.79;5997381369619;Hrana
KOKOSOVA MAST POP 250 g;348779;;0.2500;kg;1.98;7.92;;;02.05.2025;1.98;3856015322500;Hrana
MAJONEZA POP 165 g;348785;;0.1650;kg;2.49;15.09;;;02.05.2025;2.49;3856015322449;Hrana
©AMPON GLISS SPLIT 400 ml;348789;Gliss;0.4000;l;5.59;13.98;;;02.05.2025;5.59;9000101287431;Kozmetika
NAMAZ POP PLANET OF PLAN.225 g;348795;;0.2250;kg;2.25;10.00;;;02.05.2025;2.25;3856015322531;Hrana
SALAMA POP 270 g;348797;;0.2700;kg;4.99;18.48;;;02.05.2025;4.99;3850139521429;Hrana
SALAMA NAREZAK POP 80 g;348800;;0.0800;kg;1.69;21.13;;;02.05.2025;1.69;3850139521436;Hrana
KAVA STARB.CARA.MACH.220 ml;348806;Starbucks;0.2200;L;2.59;11.77;;;02.05.2025;2.59;5711953166389;Piæa
CAPPUCCINO STARBUCKS 220 ml;348807;Starbucks;0.2200;L;2.59;11.77;;;02.05.2025;2.59;5711953166396;Piæa
KAVA STARB.CAFFE LATTE  220 ml;348808;Starbucks;0.2200;L;2.59;11.77;;;02.05.2025;2.59;5711953166372;Piæa
NEKTAR MARELICA RAUCH 0,2 L;348812;Rauch;0.2000;l;2.19;10.95;;;02.05.2025;2.19;90087967;Piæa
MLIJE.ÈOK.BEZ LAKTO.Z BREG.1 L;348815;Z Bregov;1.0000;L;2.29;2.29;;;02.05.2025;2.29;3850108023268;Hrana
NEKTAR JAGODA RAUCH 0,2 L;348816;Rauch;0.2000;l;2.19;10.95;;;02.05.2025;2.19;90087868;Piæa
NEKTAR CRNI RIBIZ RAUCH 0,2 L;348818;Rauch;0.2000;l;2.19;10.95;;;02.05.2025;2.19;90087905;Piæa
NEKTAR BRESKVA RAUCH 0,2 L;348819;Rauch;0.2000;l;2.19;10.95;;;02.05.2025;2.19;90169014;Piæa
JOG.BEZ LAKT.2,8% Z BREG.1 kg;348821;Z Bregov;1.0000;kg;2.29;2.29;;;02.05.2025;2.29;3850108035995;Hrana
SOK JABUKA RAUCH 0,2 L;348822;Happy Day;0.2000;l;2.19;10.95;;;02.05.2025;2.19;90087820;Piæa
JOG.BEZ LAKT.2,8% Z BREG.200 g;348823;Z Bregov;0.2000;kg;0.49;2.45;;;02.05.2025;0.49;3850108035988;Hrana
MLIJEKO SVJ.0,9% NP BIO 1 L;348824;Natur pur;1.0000;L;1.29;1.29;;;02.05.2025;1.29;9100000040950;Hrana
SERUM ELSEVE ZA  KOSU 100 ml;348830;Elseve;0.1500;l;5.99;39.93;;;02.05.2025;5.99;3600523966684;Kozmetika
ULO©.HIG.VIOLETA AIR FIT 50/1 ;348831;Violeta;50.0000;kom;2.25;0.05;;1.99;02.05.2025;1.99;3870128023680;Toaletne potrep¹tine
MAR.NIVEA INTIMNE ALOE 15/1;348833;Nivea;15.0000;kom;3.19;0.21;;;02.05.2025;3.19;42419884;Toaletne potrep¹tine
©UM.TAB.NATUR.MG 375+C+B6 20/1;348834;Naturel;20.0000;kom;2.69;0.13;;;02.05.2025;2.99;3858889365355;Hrana
©UM.TAB.NATUREL C+ZN+D 20/1;348836;Naturel;20.0000;kom;3.19;0.16;;;02.05.2025;3.59;3858889365362;Hrana
KRAFNA S LINOLADOM 2/1 160 g;348837;;0.1400;kg;1.89;13.50;;;02.05.2025;1.89;3859890733676;Hrana
GRICKALICA TITANIA MALA 1052/1;348841;Titania;1.0000;kom;1.89;1.89;;;02.05.2025;1.89;3831016471884;Toaletne potrep¹tine
©KARE TITANIA ZA ©I©ANJE 1050/;348847;Titania;1.0000;kom;8.99;8.99;;;02.05.2025;8.99;3831016472140;Toaletne potrep¹tine
KLJE©TA TITANIA ZA NOKTE;348855;Titania;1.0000;kom;7.89;7.89;;;02.05.2025;7.89;3838562608122;Toaletne potrep¹tine
GRICKALICA TITANIA MALA ;348863;Titania;1.0000;kom;3.69;3.69;;;02.05.2025;3.69;3838562859814;Toaletne potrep¹tine
GRICKALICA TITANIA 1052;348892;Titania;1.0000;kom;3.95;3.95;;;02.05.2025;3.95;3838562907805;Toaletne potrep¹tine
TURPIJA TITANIA ;348894;Titania;1.0000;kom;1.99;1.99;;;02.05.2025;1.99;3838562907843;Toaletne potrep¹tine
ÈE©ALJ TITANIA 1801-2/1809-9;348911;Titania;1.0000;kom;1.69;1.69;;;02.05.2025;1.69;3838419212939;Toaletne potrep¹tine
ÈE©ALJ TITANIA 1807-2/1807-9;348912;Titania;1.0000;kom;1.69;1.69;;;02.05.2025;1.69;3838419212946;Toaletne potrep¹tine
OSV.WC BREF GEL ARC.OCEA 42 g ;348941;Bref;0.0420;kg;3.69;87.86;;;02.05.2025;3.69;9000101508093;Sredstva za èi¹æenje
OSV.WC BREF GEL A.OCEAN 3x42 g;348945;Bref;0.1260;kg;5.95;47.22;;;02.05.2025;5.95;9000101508123;Sredstva za èi¹æenje
PINCETA TITANIA 1070/A;348947;Tiroler Sauerbrunn;1.0000;kom;1.79;1.79;;;02.05.2025;1.79;3838419213165;Toaletne potrep¹tine
PINCETA TITANIA 1070/B;348948;Titania;1.0000;kom;1.79;1.79;;;02.05.2025;1.79;3838419213172;Toaletne potrep¹tine
KRUH HELJDIN 450 g;348950;;0.4500;kg;1.79;3.98;;;02.05.2025;1.49;3858889894008;Hrana
TURPIJA TITANIA 1029 B ;348952;Titania;1.0000;kom;1.79;1.79;;;02.05.2025;1.79;3838419213189;Toaletne potrep¹tine
UM.V.LJ.VRABASCO ORIGIN.100 ml;349103;;0.1000;l;5.49;54.90;;;02.05.2025;5.49;3858893750192;Hrana
VINO CATTUNAR TERAN 0,75 L;349197;;0.7500;L;13.89;18.52;;;02.05.2025;13.89;3859890724179;Piæa
VINO CATTUNAR MALVAZIJA 0,75 L;349201;;0.7500;L;13.39;17.85;;;02.05.2025;13.39;3859890724018;Piæa
VINO KOQU.MALVAZ.FUGA.0,75 L;349203;;0.7500;L;15.98;21.31;;;02.05.2025;15.98;3857500067500;Piæa
VINO JER.SIVI.PI.ZL.LIN.0,75 L;349215;;0.7500;L;8.65;11.53;;;02.05.2025;8.65;3830001609011;Piæa
VI.JERUZ.O.SAUV/SIVI PI.0,75 L;349220;;0.7500;L;8.02;10.69;;;02.05.2025;8.02;3830078701625;Piæa
WHISKY GLENMORANGIE O.0,7 L;349223;Glenmorangie;0.7000;L;41.88;59.83;;;02.05.2025;41.88;5010494990300;Piæa
WHISKY GLENMORANGIE NECT.0,7 L;349225;Glenmorangie;0.7000;L;54.08;77.26;;;02.05.2025;54.08;5010494951837;Piæa
VI.JERUZL.OR.SAUVIGNON 0,75 L;349226;;0.7500;L;10.65;14.20;;;02.05.2025;10.65;3830001608991;Piæa
VINO DALAMTIAN D. PO©IP 0,75 L;349230;;0.7500;L;14.32;19.09;;;02.05.2025;14.32;3857500084262;Piæa
VINO DALMATIAN D. BABIÆ 0,75 L;349231;;0.7500;L;13.02;17.36;;;02.05.2025;13.02;3859893402128;Piæa
VINO TERRAZAS MALBEC 0,75 L;349232;;0.7500;L;20.79;27.72;;;02.05.2025;20.79;7790975003931;Piæa
PJ.©EMBER BRUT 0,75 L;349235;;0.7500;L;22.79;30.39;;;02.05.2025;22.79;3859889463447;Piæa
PJ.©EMBER ROSE 0,75 L;349236;;0.7500;L;27.29;36.39;;;02.05.2025;27.29;3859889463713;Piæa
VINO PINOT SIVI ILOÈKI 0,75 L;349237;;0.7500;L;7.05;9.40;;;02.05.2025;7.05;3859892149932;Piæa
VINO ZELENAC KARUTH.0,75 L;349238;;0.7500;L;13.69;18.25;;;02.05.2025;13.69;3859889217286;Piæa
LIKER LOBEL TERANIN.0,5 L;349240;;0.5000;L;23.49;46.98;;;02.05.2025;23.49;3859893552465;Piæa
LIKER JAGERMEISTER MANIF.0,5 L;349241;Jägermeister;0.5000;L;24.99;49.98;;;02.05.2025;24.99;4067700026682;Piæa
RUM HAVANA 3YO 1 L 37,5%;349246;;1.0000;L;24.52;24.52;;;02.05.2025;24.52;8501110089982;Piæa
VODKA HEDONA 0,7 L ,7,5%;349250;;0.7000;L;7.99;11.41;;;02.05.2025;7.99;3858894171163;Piæa
GIN AURELIS 37,5% 0,7 L;349252;;0.7000;L;9.32;13.31;;;02.05.2025;9.32;3858894171224;Piæa
SLAD.CONTE CURLY ÈOK. 6x110 ml;349264;SPAR;0.6600;L;3.99;6.05;;;02.05.2025;3.99;9100000911816;Hrana
PANIRANA SRDELA FROZY 300 g;349269;Frozy;0.3000;kg;2.49;8.30;;;02.05.2025;2.49;3858891044842;Hrana
Brancin LL 330-500 g;349279;;1.0000;kg;12.19;12.19;;;02.05.2025;9.99;3858890591392;Hrana
PAN.OSLIÆ FILET HUBBSI 400 g;349292;Frozy;0.4000;kg;4.49;11.23;;;02.05.2025;4.49;3858891044866;Hrana
MLIJEKO SVJ.3,2% PET DUKAT 1 L;349296;Dukat;1.0000;L;1.49;1.49;;;02.05.2025;1.48;3850354016083;Hrana
MLIJEKO SVJ. 3,2% DUKAT  1,5 L;349298;Dukat;1.5000;L;2.12;1.41;;;02.05.2025;2.12;3850354016090;Hrana
JOGURT DUKAT 2,8% BOCA 1 kg ;349302;Dukat;1.0000;kg;2.32;2.32;;;02.05.2025;2.32;3850354016021;Hrana
VINO S BUDGET PLAVAC MALI 3 L;349303;S-BUDGET;3.0000;L;8.99;3.00;;;02.05.2025;8.99;3856021218101;Piæa
JOGURT TEK.2,8%MM DUKAT 1,5 kg;349304;Dukat;1.5000;kg;3.58;2.39;;;02.05.2025;3.58;3850354016038;Hrana
SPRAY AIRWICK LAVANDA 300 ml;349305;Air Wick;0.3000;l;3.25;10.83;;;02.05.2025;3.25;5999109541727;Sredstva za èi¹æenje
SPRAY AIRWICK MAGNOLIA 300 ml;349307;Air Wick;0.3000;l;3.25;10.83;;;02.05.2025;3.25;5999109541741;Sredstva za èi¹æenje
SPRAY AIRWICK AQUAMARIN 300 ml;349308;Air Wick;0.3000;l;3.25;10.83;;;02.05.2025;3.25;5999109541734;Sredstva za èi¹æenje
NAP.MAN.SNACKS MIN.LJE© 300 g;349310;Manner;0.3000;kg;4.09;13.63;;;02.05.2025;4.09;9000331607702;Hrana
VINO KER.ZWEIG.0,75 L 100 DAY;349311;Exclusive bei SPAR;0.7500;L;14.63;19.51;;;02.05.2025;14.63;9120041762338;Piæa
NAP.MAN.SNACKS MIN.ÈOK.300 g;349312;Manner;0.3000;kg;3.49;11.63;;;02.05.2025;3.49;9000331607719;Hrana
BOMB.MOZART BIJEL.ÈOK.231 g;349315;Mozart;0.2310;kg;4.49;19.44;;;02.05.2025;4.49;9001508890842;Hrana
JOGURT TEKUÆI 2,8% DUKAT 330 g;349316;Dukat;0.3300;kg;1.38;4.18;;;02.05.2025;1.38;3850354016007;Hrana
JOGURT TEK.DUKAT 2,8% 500 g ;349318;Dukat;0.5000;kg;1.59;3.18;;;02.05.2025;1.58;3850354016014;Hrana
JOG.VOÆ.©UM.VOÆE DUKAT 1 kg;349325;Dukat;1.0000;kg;2.39;2.39;;;02.05.2025;2.39;3850354016052;Hrana
JOG.VOÆ. JAGODA DUKAT 1 kg;349337;Dukat;1.0000;kg;2.39;2.39;;;02.05.2025;2.39;3850354016045;Hrana
KEFIR DUKAT 330 g;349345;Dukat;0.3300;kg;1.42;4.30;;;02.05.2025;1.42;3850354015987;Hrana
KEFIR NATUR DUKAT 1 kg;349349;Dukat;1.0000;kg;2.42;2.42;;;02.05.2025;2.42;3850354015956;Hrana
JOG.DR.B AKTI.INULN 1,5% 330 g;349350;Dukat;0.3300;kg;;3.91;1.29;1.32;02.05.2025;1.42;3850354015833;Hrana
JOGURT B AKTIV NATUR 1 kg;349352;Dukat;1.0000;kg;2.82;2.82;;;02.05.2025;2.82;3850354015819;Hrana
Baranjska kobasica Belje;349354;Belje;1.0000;kg;16.99;16.99;;;02.05.2025;16.99;3850257052881;Hrana
JOG.DRINK B AKT.TRE©NJA 330 g;349361;Dukat;0.3300;kg;;3.91;1.29;1.52;02.05.2025;1.62;3850354015871;Hrana
JOG.DRINK B AKTIV JAGODA 1 kg;349362;Dukat;1.0000;kg;2.82;2.82;;;02.05.2025;2.82;3850354015826;Hrana
KULENOVA SEKA BELJE 100 g ;349363;Belje;0.1000;kg;2.99;29.90;;;02.05.2025;2.99;3850139210149;Hrana
JOG.DRINK B AKTIV JAGODA 330 g;349364;Dukat;0.3300;kg;;3.91;1.29;1.52;02.05.2025;1.62;3850354015864;Hrana
JOG.DRINK B AKTIV ACAI 330 g;349365;Dukat;0.3300;kg;;3.91;1.29;1.52;02.05.2025;1.62;3850354015840;Hrana
JOG.B AKTIV JAB.DINJ.MRK.330 g;349366;Dukat;0.3300;kg;;3.91;1.29;1.52;02.05.2025;1.62;3850354015857;Hrana
SMOOTHIE JAG.ANAN.B AKTI.330 g;349367;Dukat;0.3300;kg;1.82;5.52;;;02.05.2025;1.82;3850354015901;Hrana
SMOOT.BOROVN.BAN.B AKTIV 330 g;349371;Dukat;0.3300;kg;1.82;5.52;;;02.05.2025;1.82;3850354015888;Hrana
SMOOT.KUP/BAN/ZOB B AKT.330 g;349373;Dukat;0.3300;kg;1.82;5.52;;;02.05.2025;1.82;3850354015918;Hrana
SMOOT.VI©/MALINA B AKTIV 330 g;349376;Dukat;0.3300;kg;1.82;5.52;;;02.05.2025;1.82;3850354015925;Hrana
KREMA ELSEVE TOTAL REP.200 ml;349377;Elseve;0.2000;l;;22.45;4.49;5.99;02.05.2025;5.99;3600523980550;Kozmetika
SUPER SMOOT.MATCHA B AKT.330 g;349378;Dukat;0.3300;kg;1.82;5.52;;;02.05.2025;1.82;3850354015949;Hrana
SUPER SMOO.KURKUMA B AKT.330 g;349379;Dukan;0.3300;kg;1.82;5.52;;;02.05.2025;1.82;3850354015932;Hrana
MLIJ.SVJ. 1,5% Z BREG.PET 1 L;349388;Vindija;1.0000;L;1.49;1.49;;;02.05.2025;1.38;3850108011067;Hrana
MLIJ.SVJ. 3,2% Z BREG.PET 1 L;349389;Vindija;1.0000;L;1.49;1.49;;;02.05.2025;1.38;3850108011814;Hrana
JOGURT 2,8%Z BREG.BOCA 1000 g;349391;Vindija;1.0000;kg;2.42;2.42;;;02.05.2025;2.42;3850108037388;Hrana
JOGURT 0,9%Z BREG.BOCA 1000 g;349395;Vindija;1.0000;kg;2.42;2.42;;;02.05.2025;2.42;3850108037395;Hrana
TJES.MARODI REZ.©IR.©PIN.400 g;349398;;0.4000;kg;2.99;7.48;;;02.05.2025;2.99;3859888666726;Hrana
MLIJEKO SV.3,2% Z BREG.1,75 L;349454;Vindija;1.7500;L;2.42;1.38;;;02.05.2025;2.42;3850108011760;Hrana
MLIJEKO SVJE®E 21 DAN 3,2% 1 L;349455;Vindija;1.0000;L;1.52;1.52;;;02.05.2025;1.52;3850108011845;Hrana
MLIJEKO SVJE®E 21 DAN 1,5% 1 L;349456;Vindija;1.0000;L;1.52;1.52;;;02.05.2025;1.52;3850108011852;Hrana
PROT.MLIJ.NAP.VANILIJA 0,5 L;349457;Vindija;0.5000;L;;3.98;1.99;2.42;02.05.2025;2.52;3850108023701;Hrana
PROT.MLIJ.NAP.ÈOKOLADA 0,5 L;349458;Vindija;0.5000;L;;3.98;1.99;2.42;02.05.2025;2.52;3850108023718;Hrana
PROT.MLIJ.NAP.JAGODA 0,5 L;349459;Vindija;0.5000;L;;3.98;1.99;2.42;02.05.2025;2.52;3850108023725;Hrana
JOGURT TEK.2,8% Z BREGOV 500 g;349460;Vindija;0.5000;kg;1.55;3.10;;;02.05.2025;1.55;3850108037371;Hrana
JOGURT 2,8%MM PET Z BR.1,75 kg;349466;Vindija;1.7500;kg;4.05;2.31;;;02.05.2025;4.05;3850108037265;Hrana
BOMB.®ELE KOCKE KANDIT 320 g;349470;Kandit;0.3200;kg;2.65;8.28;;;02.05.2025;2.65;3856024802338;Hrana
ACID.MLIJEKO 3,2MM Z BREG.1 kg;349473;Vindija;1.0000;kg;2.52;2.52;;;02.05.2025;2.52;3850108037296;Hrana
KEFIR Z BREGO.3,5%MM BOCA 1 kg;349476;Vindija;1.0000;kg;2.52;2.52;;;02.05.2025;2.52;3850108037531;Hrana
KEFIR ZBREGOV 330 g;349483;Vindija;0.3300;kg;1.32;4.00;;;02.05.2025;1.32;3850108037562;Hrana
JOG.VOÆNI Z´BREG.JAG/VAN 330 g;349499;Freska;0.3300;kg;1.29;3.91;;;02.05.2025;1.29;3850108037425;Hrana
JOG.VOÆNI Z´BRG.MAL/KUP 330 g;349502;Freska;0.3300;kg;1.29;3.91;;;02.05.2025;1.29;3850108037449;Hrana
KEFIR S-BUDGET 1 kg;349512;S-BUDGET;1.0000;kg;1.92;1.92;;;02.05.2025;1.92;3856021211188;Hrana
JOG.TEK. 2,8% S BUDGET 1000 g;349513;S-Budget;1.0000;kg;1.69;1.69;;;02.05.2025;1.69;3856021218996;Hrana
JOG.TEK.PRO+VITAL 1,5M.M.1 kg;349519;SPAR Vital;1.0000;kg;1.82;1.82;;;02.05.2025;1.72;3856021218989;Hrana
©AMP.OGX ARGAN M.385 ml;349520;OGX;0.3850;l;7.95;20.65;;;02.05.2025;7.95;0022796976116;Kozmetika
©AMP.OGX ANTI BR.KRE 385 ml;349523;OGX;0.3850;l;7.95;20.65;;;02.05.2025;7.95;0022796977519;Kozmetika
SIRUTKA OD KR.MLI.EUROMILK 1 L;349524;Euro Milk;1.0000;L;1.19;1.19;;;02.05.2025;1.22;3858891730240;Hrana
REG.OGX MOROC.ARGAN 385 ml;349525;OGX;0.3850;l;7.95;20.65;;;02.05.2025;7.95;0022796976123;Kozmetika
STEPKA EURO-MILK 1000 g;349527;Euro Milk;1.0000;kg;1.59;1.59;;;02.05.2025;1.62;3858891730264;Hrana
REG.OGX AN.BREA.KERATIN 385 ml;349528;OGX;0.3850;l;7.95;20.65;;;02.05.2025;7.95;0022796977526;Kozmetika
JOG.BAL.+IMUNO 0,9% m.m. 1 kg;349530;Imlek A.D;1.0000;kg;2.25;2.25;;;02.05.2025;2.22;3870199002737;Hrana
JOG.PROB.BAL.+IMLEK 0,9% 1 kg;349532;Imlek A.D;1.0000;kg;2.25;2.25;;;02.05.2025;2.22;3870199002720;Hrana
KEFIR BALANS + 2,8%m.m.1 kg;349533;Imlek A.D;1.0000;kg;1.99;1.99;;;02.05.2025;2.02;3870199003574;Hrana
NEKTAR JUICY NARANÈA 2 L;349534;Juicy;2.0000;l;4.19;2.10;;;02.05.2025;3.85;3858890979220;Piæa
JUICY FRUITS BAZGA LIMUN 1,5 L;349537;Juicy;1.5000;l;1.39;0.93;;1.32;02.05.2025;1.62;3858890978360;Piæa
JUICY FRUITS BAZGA LIMUN 0,5 L;349553;Juicy;0.5000;l;1.09;2.18;;;02.05.2025;1.09;3858890978339;Piæa
JOGURT TEKUÆ.2,8% MEGGLE 330 g;349554;Meggle;0.3300;kg;1.22;3.70;;;02.05.2025;1.22;3870085030196;Hrana
GAZ.PIÆE PIPI MANDAR.LUB.0,5 L;349577;Pipi;0.5000;l;1.12;2.24;;;02.05.2025;1.02;3870183100050;Piæa
GAZI.PIÆE SKY COLA ZERO 0,33 L;349580;Sky;0.3300;l;.99;3.00;;;02.05.2025;.99;3875000182288;Piæa
GAZIRANO PIÆE SKY COLA 0,33 L;349581;Sky;0.3300;l;.99;3.00;;;02.05.2025;.99;3875000182318;Piæa
MIN.VOD.JAMNICA MILD 1,5 L GAZ;349583;Jamnica;1.5000;l;.99;0.66;;;02.05.2025;.99;3858890875577;Piæa
MIN.VOD.JAMNICA MILD 0,5 L GAZ;349584;Jamnica;0.5000;l;.85;1.70;;;02.05.2025;.85;3858890875546;Piæa
ÈOK.KRA© TORT.CRUNCHY 21 g;349587;Kra¹;0.0210;kg;0.55;26.19;;;02.05.2025;0.55;3850102521449;Hrana
JOGURT TEK.MEGGLE  2,8%MM 1 kg;349589;Meggle;1.0000;kg;2.29;2.29;;;02.05.2025;2.29;3870085030035;Hrana
KAVA STARBUCKS ESPRES.200 ml;349597;Starbucks;0.2000;L;2.65;13.25;;;02.05.2025;2.65;5711953136085;Piæa
KAVA STARB.FRAPP.COFFEE 250 ml;349604;Starbucks;0.2500;L;2.65;10.60;;;02.05.2025;2.65;5711953072017;Piæa
KAVA STAR.FRAP.CH.MOCHA 250 ml;349605;Starbucks;0.2500;L;2.65;10.60;;;02.05.2025;2.65;5711953072024;Piæa
SIRUTKA OD KOZ.ML.GABRIJ.0,5 L;349607;Gabriel;0.5000;L;1.22;2.44;;;02.05.2025;1.22;3859892805548;Hrana
KEFIR OD KOZ.MLIJ.GABRIE.0,5 L;349608;Gabriel;0.5000;L;2.52;5.04;;;02.05.2025;2.52;3859892805562;Hrana
JOG.OD KOZ.MLIJ.GABRIEL 0,5 L;349609;Gabriel;0.5000;L;2.42;4.84;;;02.05.2025;2.42;3859892805555;Hrana
JOG.KOZJI CAPRA DOMESTIC.0,5 L;349610;;0.5000;L;2.92;5.84;;;02.05.2025;2.92;3859893605246;Hrana
KEFIR KOZJI CAPRA DOMEST.0,5 L;349611;;0.5000;L;3.02;6.04;;;02.05.2025;3.02;3859893605253;Hrana
ULJE MIXA BABY ZA KUPAN.250 ml;349617;Mixa Baby;0.2500;l;4.99;19.96;;;02.05.2025;4.99;3600550929324;Kozmetika
TORTA LIMUN  DESPAR 350 g;349628;DESPAR;0.3500;kg;2.79;7.97;;;02.05.2025;2.78;8001300502210;Hrana
PJENA NIVEA S.TOUCH 150 ml;349629;Nivea;0.1500;L;4.99;33.27;;;02.05.2025;4.99;4005900862310;Kozmetika
KAPSULE DG ESPRES.BUONDI 112 g;349638;Nescafe;0.1120;kg;5.29;47.23;;5.29;02.05.2025;6.49;7613287300515;Piæa
NAPITAK O´PLANT ZOB BARIS.1 L;349643;O´PLANT;1.0000;l;3.29;3.29;;;02.05.2025;3.29;3856020250027;Piæa
NAPITAK O´PLANT BADEM 1 L;349644;O´PLANT;1.0000;l;2.99;2.99;;;02.05.2025;2.99;3856020249908;Piæa
NAPITAK O´PLANT ZOB BADEM 1 L;349645;O´PLANT;1.0000;l;3.29;3.29;;;02.05.2025;3.29;3856020249878;Piæa
NAPITAK O´PLANT ZOB 1 L;349647;O´PLANT;1.0000;l;3.32;3.32;;;02.05.2025;3.32;3856020249847;Piæa
PROT.MLIJ.NAP.PISTACIJA 0,5 L ;349737;Vindija;0.5000;L;;3.98;1.99;2.42;02.05.2025;2.52;3850108023794;Hrana
POSL.ZA PSE VITA.INS.ST.2X12 g;349750;Vitakraft;0.0240;kg;1.69;70.42;;;02.05.2025;1.69;4008239595188;Proizvodi za kuæanstvo
PAK CHOI kom;349753;;1.0000;kom;;1.49;1.49;1.99;02.05.2025;1.99;8717524450076;Hrana
D®EM DIDA BO®A MANDARINA 240 g;349760;Dida Boza;0.2400;kg;3.69;15.38;;;02.05.2025;3.69;3859893011597;Hrana
KUGLICE NP DAT.OR.VOÆE 80 g;349801;Spar Natur pur;0.0800;kg;2.69;33.63;;;02.05.2025;2.69;9100000909851;Hrana
KUGLICE NP DATU.IN.ORA©.80 g;349803;Spar Natur pur;0.0800;kg;2.69;33.63;;;02.05.2025;2.69;9100000909875;Hrana
BIO ZOB.NAP.CAFFE NUSSY.230 ml;349829;Exclusive bei SPAR;0.2300;L;1.59;6.91;;;02.05.2025;1.59;9120079621546;Hrana
PANCETA ISTARSKA 80 g;349837;Histris;0.0800;kg;3.19;39.88;;;02.05.2025;3.19;3859893167249;Hrana
KOBASICA ISTARSKA 200 g;349840;Histris;0.2000;kg;6.19;30.95;;;02.05.2025;5.49;3859893167379;Hrana
SALAMA TRAJNA ISTRIJANKA 80 g;349841;Histris;0.0800;kg;3.19;39.88;;;02.05.2025;3.19;3859893167065;Hrana
KOBASICA ISTARSKA S RU®. 200 g;349845;Histris;0.2000;kg;6.89;34.45;;;02.05.2025;6.89;3859893167881;Hrana
KOB. ISTAR. OD BO©KARINA 200 g;349847;Histris;0.2000;kg;7.99;39.95;;;02.05.2025;7.99;3859893167898;Hrana
SMOOT.SPIRULINA B.AKTIV 330 g;349848;Dukat;0.3300;l;1.82;5.52;;;02.05.2025;1.82;3850354016472;Hrana
SALAMA MEDITERRANEO 80 g;349849;Histris;0.0800;kg;3.19;39.88;;;02.05.2025;3.19;3859893167997;Hrana
SALAMA TRAJ.OD BO©KARINA 80 g;349850;Histris;0.0800;kg;4.19;52.38;;;02.05.2025;4.19;3859893167973;Hrana
ENJOY ORANGE COOKIE 5 g;349897;SPAR enjoy;0.0050;kg;.06;12.00;;;02.05.2025;.06;3856021219436;Hrana
ZAÈIN TARTUF CRNI ZIGANTE 50 g;349901;Zigante;0.0500;kg;13.99;279.80;;;02.05.2025;13.99;3858891981734;Hrana
ZAÈ.TARTUF BIJELI ZIGANTE 50 g;349902;Zigante;0.0500;kg;15.99;319.80;;;02.05.2025;15.99;3858891981741;Hrana
Salata francuska ;349905;Exclusive bei SPAR;1.0000;kg;7.29;7.29;;;02.05.2025;7.29;3858893116257;Hrana
Salata toscana;349907;Exclusive bei SPAR;1.0000;kg;12.69;12.69;;;02.05.2025;12.69;3858893116301;Hrana
Salata tuna povræe;349908;Exclusive bei SPAR;1.0000;kg;12.39;12.39;;;02.05.2025;12.39;3858893116325;Hrana
Salata vegetarijana;349909;Exclusive bei SPAR;1.0000;kg;10.49;10.49;;;02.05.2025;10.49;3858893116233;Hrana
Salata grah celer;349910;Exclusive bei SPAR;1.0000;kg;7.99;7.99;;;02.05.2025;7.99;3858893116240;Hrana
Salata surimi;349911;;1.0000;kg;10.99;10.99;;;02.05.2025;10.99;3858893113478;Hrana
Salata portugalska;349912;Exclusive bei SPAR;1.0000;kg;10.29;10.29;;;02.05.2025;10.29;3858893116288;Hrana
Salata meksièka ;349913;Exclusive bei SPAR;1.0000;kg;13.99;13.99;;;02.05.2025;13.99;3858893116318;Hrana
Salata od mahuna;349914;Exclusive bei SPAR;1.0000;kg;7.79;7.79;;;02.05.2025;7.79;3858893116141;Hrana
Francuska salata ;349915;;1.0000;kg;7.29;7.29;;;02.05.2025;7.29;3858893116264;Hrana
BRA©.P©.PIZZA T-550 ÈAK.M.1 kg;349931;;1.0000;kg;1.79;1.79;;;02.05.2025;1.72;3858884175751;Hrana
BRA©.P©.BUREK T-700 ÈAK.M.1 kg;349932;;1.0000;kg;1.79;1.79;;;02.05.2025;1.72;3858884175768;Hrana
HRENOVKA PILEÆA 100 g;349941;Poli;0.1000;kg;0.79;7.90;;;02.05.2025;0.79;3838977041675;Hrana
BU RUKAVICE LATEX S/M;349949;S-BUDGET;1.0000;kom;2.49;2.49;;;02.05.2025;2.49;9100000909769;Proizvodi za kuæanstvo
BU RUKAVICE LATEX  M/L,28637;349950;S-BUDGET;1.0000;kom;2.49;2.49;;;02.05.2025;2.49;9100000909776;Proizvodi za kuæanstvo
PIVO LA©KO LIM.4x0,5 L;349951;Zlatorog;2.0000;L;5.27;2.64;;;02.05.2025;5.27;3830001712667;Piæa
ULJE MASL.EXT.DJ.UNORO 1 L;349960;;1.0000;L;8.99;8.99;;;02.05.2025;9.99;8007153008329;Hrana
ULJE MASL.EX.DJ.FARCH.100% 1 L;349961;;1.0000;L;14.99;14.99;;;02.05.2025;14.99;8007153001177;Hrana
SUHA KOBASICA S BUDGET;349962;S-Budget;1.0000;kg;16.99;16.99;;;02.05.2025;16.99;3856021219429;Hrana
PIVO KARLOVAÈ. LIM 4PACK 0,5 L;349965;Karlovacko;2.0000;L;5.31;2.66;;;02.05.2025;5.31;3850103001476;Piæa
DJEÈJA PASTA JGL 150 ml;349967;Jgl;0.1500;L;6.63;44.20;;;02.05.2025;6.63;3858891012889;Kozmetika
MAJONEZA LAGAN.ZVIJEZDA 620 g ;349968;Zvijezda;0.6200;kg;4.99;8.05;;;02.05.2025;4.99;3856015321909;Hrana
LIKER KRU©.SA ©LJI.JULI SO.1 L;349969;Dalmacijavino;1.0000;L;12.02;12.02;;;02.05.2025;12.02;3858892460559;Piæa
PJ.VERALDA NATURE B.CUV.0,75 L;349986;;0.7500;L;20.22;26.96;;;02.05.2025;20.22;3859890332305;Piæa
VINO ZIGANTE CAB.S.RIS.0,75 L;349991;Zigante;0.7500;L;14.68;19.57;;;02.05.2025;14.68;3858891981079;Piæa
TONIC SAN PELLEGRINO OAK 0,2 L;349993;San Pellegrino;0.2000;l;1.92;9.60;;;02.05.2025;1.92;8002270606632;Piæa
KRAFNA SPAR KAKAO VANIL. 240 g;350001;SPAR Qualitätsmarke;0.2400;kg;3.19;13.29;;;02.05.2025;3.19;3856021219139;Hrana
GIN SAX GINGER 0,7 L;350005;;0.7000;L;12.58;17.97;;;02.05.2025;12.58;3850112145048;Piæa
KA©ICA NATUR PUR ZOBENA 250 g;350017;Spar Natur pur;0.2500;kg;2.78;11.12;;;02.05.2025;2.78;9100000913360;Hrana
KA©ICA NATUR PUR P©EN.250 g;350018;Spar Natur pur;0.2500;kg;2.78;11.12;;;02.05.2025;2.78;9100000913346;Hrana
KA©ICA NAT.PUR P©EN.PIR.250 g;350020;Spar Natur pur;0.2500;kg;2.78;11.12;;;02.05.2025;2.78;9100000913407;Hrana
DODATAK ZA SALATE SANA 250 g;350032;Sana;0.2500;kg;4.99;19.96;;;02.05.2025;4.99;3858892321621;Hrana
TUNA SALATA RIO MARE SLA.160 g;350033;Rio Mare;0.1600;kg;4.68;29.25;;;02.05.2025;4.68;8004030855038;Hrana
NAPITAK DAR ZOB ÈOKOLADA 1 L;350034;DAR;1.0000;l;3.29;3.29;;;02.05.2025;3.29;3850108028034;Piæa
WHISKY JACK DANIELS 0,2 L;350035;;0.2000;L;8.79;43.95;;;02.05.2025;8.28;5099873046173;Piæa
NAPITAK DAR PR®ENI BADEM 1 L;350036;DAR;1.0000;l;2.69;2.69;;;02.05.2025;2.69;3850108028010;Piæa
NAPITAK DAR NEPR®ENI BADEM 1 L;350037;DAR;1.0000;l;2.99;2.99;;;02.05.2025;2.99;3850108028003;Piæa
NAPITAK DAR ZOB 1 L;350038;DAR;1.0000;l;2.69;2.69;;;02.05.2025;2.69;3850108028027;Piæa
SUD®UK PUREÆI 400 g;350042;Vindon;0.4000;kg;7.49;18.73;;;02.05.2025;7.49;3850281937468;Hrana
PIVO STRAÈE©KO LIM. 0,5 L;350045;Staroèesko;0.5000;L;1.38;2.76;;;02.05.2025;1.38;3859892222185;Piæa
PIVO STIEGL GOLDBRAU LIM.0,5 L;350048;Stiegl;0.5000;L;1.98;3.96;;;02.05.2025;1.98;9003402660088;Piæa
PIVO STIEGL WEISS BOCA 0,5 L;350049;Stiegl;0.5000;L;2.32;4.64;;;02.05.2025;2.32;9003402601623;Piæa
GRAH BONDUELLE BORLOTTI 310 g;350051;Bonduelle;0.2650;kg;1.99;7.51;;;02.05.2025;1.99;3083681003925;Hrana
GRAH BONDUELLE BRETONA 430 g;350053;Bonduelle;0.4300;kg;2.09;4.86;;;02.05.2025;2.09;3083680001793;Hrana
GRAH BONDUELLE CRVENI 200 g;350054;Bonduelle;0.1200;kg;1.14;9.50;;;02.05.2025;1.14;3083680496117;Hrana
GAZIRANO PIÆE NARA 1,5 L;350063;Nara;1.5000;l;1.49;0.99;;1.39;02.05.2025;1.89;3856022302199;Piæa
GAZ.PIÆE INKA BITTER LEM.1,5 L;350064;Inka;1.5000;l;1.49;0.99;;1.39;02.05.2025;1.89;3856022301901;Piæa
GAZ. PIÆE TONIC WAT.INKA 1,5 L;350066;Inka;1.5000;l;1.49;0.99;;1.39;02.05.2025;1.89;3856022301932;Piæa
VODA MG MIVELA BLAGOGAZ.1,35 L;350068;Mivela;1.3500;l;1.42;1.05;;;02.05.2025;1.42;8600599002786;Piæa
PIVO PILSNER URQUEL 0,5 L P.A;350077;Pilsner Urquell;0.5000;L;1.39;2.78;;;02.05.2025;1.39;8594404018324;Piæa
PLOÈICA NUTTY BARICA 50 g;350091;;0.0500;kg;2.14;42.80;;;02.05.2025;2.14;3857500109637;Hrana
PLOÈICA NUTTY BARICA 50 g;350092;;0.0500;kg;2.14;42.80;;;02.05.2025;2.14;3857500109606;Hrana
PLOÈICA NUTTY BARICA 50 g;350094;;0.0500;kg;2.14;42.80;;;02.05.2025;2.14;3857500109613;Hrana
FLIPS NATUR PUR KUKURUZNI 30 g;350106;Spar Natur pur;0.0300;kg;1.09;36.33;;;02.05.2025;1.09;9100000907901;Hrana
FLIPS NAT.PUR KUK.JAG.JAB.30 g;350107;Spar Natur pur;0.0300;kg;1.09;36.33;;;02.05.2025;1.09;9100000907949;Hrana
FLIPS TACCOS CHIO RO©TILJ 65 g;350108;Chio;0.0650;kg;1.69;26.00;;;02.05.2025;1.69;5997312702058;Hrana
KAVA GLORIA MLJEVENA 400 g;350116;Gloria;0.4000;kg;;14.98;5.99;7.79;02.05.2025;7.79;3850291052380;Piæa
TEK.SAP.PALMOLIVE AQU.500 ml;350127;Palmolive;0.5000;l;2.99;5.98;;;02.05.2025;2.99;8714789510309;Kozmetika
SAP.PALMOL.HYGIENE 90 g;350130;Palmolive;0.0900;kg;1.25;13.89;;;02.05.2025;1.25;8718951392458;Kozmetika
TEK.SAP.L´ANGELICA REVITA.1 L;350131;L´Angelica;1.0000;l;2.45;2.45;;;02.05.2025;2.45;8017331077030;Kozmetika
GRAH ©ARENI SPAR 500 g;350138;SPAR;0.5000;kg;1.99;3.98;;;02.05.2025;1.99;3856021218804;Hrana
GRAH BIJELI SPAR 500 g;350139;SPAR;0.5000;kg;1.99;3.98;;;02.05.2025;1.99;3856021218781;Hrana
DATULJA NATURA BEZ KO©T.500 g;350158;Natura;0.5000;kg;2.65;5.30;;;02.05.2025;2.65;3859893512339;Hrana
KIKIRIKI OLJ.PEÈ.SLAN.NAT.70 g;350160;Natura;0.0700;kg;1.39;19.86;;;02.05.2025;1.39;3859893512193;Hrana
KUKURUZ PR®.SLANI NATURA 60 g;350162;Natura;0.0600;kg;1.12;18.67;;;02.05.2025;1.12;3859891427222;Hrana
KUKURUZ PEÈ.SLANI NATURA 60 g;350163;Natura;0.0600;kg;1.39;23.17;;;02.05.2025;1.39;3859893512254;Hrana
IND.ORAH PEÈ.SLANI NATURA 60 g;350166;Natura;0.0600;kg;1.89;31.50;;;02.05.2025;1.89;3859893512582;Hrana
PISTACIJA PEÈ.SL.NATURA 50 g;350168;Natura;0.0500;kg;1.89;37.80;;;02.05.2025;1.89;3859893512629;Hrana
DET.FAKS AQUAMARINE 1,17 kg;350220;Faks;1.1700;kg;;4.69;5.49;5.99;02.05.2025;6.99;3850105176820;Sredstva za èi¹æenje
DET.FAKS LAVANDA 1,17 kg;350221;Faks;1.1700;kg;;4.69;5.49;5.99;02.05.2025;6.99;3850105176585;Sredstva za èi¹æenje
ÈETKICA DJ.COLGATE 1/1 ;350253;Colgate;1.0000;kom;4.64;4.64;;;02.05.2025;4.64;8718951376601;Toaletne potrep¹tine
KA©ICA BEBIVITA JAB.KRU©.250 g;350259;Bebivita;0.2500;kg;1.45;5.80;;;02.05.2025;1.45;4018852029106;Hrana
OSV.BREF SPRING RAIN 2X42 g ;350272;Bref;0.0840;kg;4.95;58.93;;;02.05.2025;4.95;9000101509427;Sredstva za èi¹æenje
SIR SKYR NP BIO VANILIJA 400 g;350276;Natur pur;0.4000;kg;1.99;4.98;;;02.05.2025;1.99;9100000914794;Hrana
ÈOK.MLIJ.BIO NP ÈOKOLA. 235 ml;350278;Natur pur;0.2350;L;1.09;4.64;;;02.05.2025;0.99;9100000908564;Hrana
ORBIT BUBBLEM.DRA®.REFR.15,6 g;350283;Wrigley;0.1560;kg;0.99;6.35;;;02.05.2025;0.99;4009900535823;Hrana
Kulen baranjski Belje;350286;Belje;1.0000;kg;32.99;32.99;;;02.05.2025;32.99;3850257053031;Hrana
SLANINA DIMLJENA BELJE VP;350288;Belje;1.0000;kg;23.99;23.99;;;02.05.2025;23.99;3850257053024;Hrana
KOBASICA BARANJSKA BELJE 250 g;350289;Belje;0.2500;kg;4.99;19.96;;;02.05.2025;4.99;3850257052201;Hrana
Pureæa prsa u ovitku ;350327;Pik;1.0000;kg;14.99;14.99;;;02.05.2025;14.99;3850139635225;Hrana
©UNKA PUREÆA CLASSIC 100 g PIK;350328;Pik;0.1000;kg;2.25;22.50;;;02.05.2025;2.25;3850139520316;Hrana
©unka pureæa dimljena Pik;350329;Pik;1.0000;kg;18.99;18.99;;;02.05.2025;18.99;3850139520446;Hrana
©UNKA PUREÆA DIMLJENA 100 g ;350330;Pik;0.1000;kg;2.59;25.90;;;02.05.2025;2.59;3850139520453;Hrana
PASTA COLGATE JUNIOR 50 ml;350334;Colgate;0.0500;l;2.65;53.00;;;02.05.2025;2.65;8718951433120;Kozmetika
KRUH KUK.MIJE.BEZ GLUTEN.360 g;350343;;0.3600;kg;4.49;12.47;;;02.05.2025;4.49;3859893064876;Hrana
NAMAZ SIR.CLASS.PA©K.SIR.200 g;350348;;0.2000;kg;1.99;9.95;;;02.05.2025;1.99;3859892884802;Hrana
NAMAZ SIR.TARTUF PA©.SIR.200 g;350349;;0.2000;kg;2.49;12.45;;;02.05.2025;2.49;3859892884826;Hrana
NAM.OD AVOK.GUACAM.SANA 200 g ;350350;Sana;0.2000;kg;;14.95;2.99;3.13;02.05.2025;3.71;3858892321836;Hrana
ULJE SUNCO.HLAD.PRE©.SUNCE 1 L;350351;;1.0000;L;3.19;3.19;;;02.05.2025;3.19;3857500104311;Hrana
SLAD.KING OBSESSION 3x100 ml;350361;Ledo;0.3000;L;6.99;23.30;;;02.05.2025;6.99;3850116037677;Hrana
PIZZA MARGHERITA LEDO 300 g;350367;Ledo;0.3000;kg;3.99;13.30;;;02.05.2025;3.99;3850116038186;Hrana
PIZZA CAPRICCIOSA LEDO 330 g;350368;Ledo;0.3300;kg;3.99;12.09;;;02.05.2025;3.99;3850116038155;Hrana
PIZZA VESUVIO LEDO 330 g;350369;Ledo;0.3300;kg;3.99;12.09;;;02.05.2025;3.99;3850116038216;Hrana
SLA.SPAR EISSALON LIMUN 480 ml;350370;SPAR;0.4800;L;4.99;10.40;;;02.05.2025;4.99;9100000716275;Hrana
SLA.PANNA.JAG.SPAR EISS.480 ml;350372;SPAR;0.4800;L;4.99;10.40;;;02.05.2025;4.99;9100000716411;Hrana
TOFU NATUR BIO ANNAPURNA 200 g;350373;;0.2000;kg;1.59;7.95;;;02.05.2025;1.59;3859890343288;Hrana
KOBASICA STELLINA ANNAP.120 g;350376;;0.1200;kg;2.65;22.08;;;02.05.2025;2.65;3859890343097;Hrana
SPAR FOLIJA ALUMINIJSKA 30 m;350377;SPAR Qualitätsmarke;1.0000;kom;3.99;3.99;;;02.05.2025;3.99;9100000022260;Proizvodi za kuæanstvo
SPAR FOLIJA ALUMINIJSKA 50 m;350378;SPAR Qualitätsmarke;1.0000;kom;6.99;6.99;;;02.05.2025;6.99;9100000022291;Proizvodi za kuæanstvo
SPAR FOLIJA ALUMINIJSKA 100 m;350381;SPAR Qualitätsmarke;1.0000;kom;14.99;14.99;;;02.05.2025;14.99;9100000898407;Proizvodi za kuæanstvo
SPAR FOLIJA PRIJANJ.30X29 cm;350382;SPAR Qualitätsmarke;1.0000;kom;2.99;2.99;;;02.05.2025;2.99;9100000905952;Proizvodi za kuæanstvo
SPAR FOLIJA PRIJANJAJUÆA EKO;350383;SPAR Qualitätsmarke;1.0000;kom;1.99;1.99;;;02.05.2025;1.99;9100000905976;Proizvodi za kuæanstvo
SPAR FOLIJA PRIJANJ.50 LISTOVA;350386;SPAR Qualitätsmarke;1.0000;kom;1.49;1.49;;;02.05.2025;1.49;9100000905914;Proizvodi za kuæanstvo
EKO.DET.MELLI AROMATICA 1 L;350407;MELLI;1.0000;L;7.99;7.99;;;02.05.2025;7.99;3857500114501;Sredstva za èi¹æenje
EKO OME.MELLI AROMATICA 500 ml;350408;MELLI;0.5000;L;5.99;11.98;;;02.05.2025;5.99;3857500114518;Sredstva za èi¹æenje
VODA JANA KIDS 0,33 L;350410;Jana;0.3300;l;.89;2.70;;;02.05.2025;.89;3858890876970;Piæa
PIVO MARMUN BOCA 0,5 L;350421;;0.5000;L;1.89;3.78;;;02.05.2025;1.89;3859893325038;Piæa
LIKER TERANINO PRODAN 0,5 L;350422;;0.5000;L;10.32;20.64;;;02.05.2025;10.32;3859890283935;Piæa
PJEN.VINO PIENA 0,75 L CHARMAT;350424;;0.7500;L;12.89;17.19;;;02.05.2025;12.89;3857500082503;Piæa
PELENE GAÆ.PAMPERS JU.62/1;350434;Pampers;62.0000;kom;14.99;0.24;;14.99;02.05.2025;14.99;8006540069233;Toaletne potrep¹tine
PROSE.MIONETTO ROSE 0,75 L;350447;;0.7500;L;15.39;20.52;;;02.05.2025;15.39;8006220003274;Piæa
WHISKY ARDBEG W. BEASTIE 0,7 L;350454;;0.7000;L;51.09;72.99;;;02.05.2025;51.09;5010494961577;Piæa
VINO MER&CAB.IURIS 0,75 L;350466;;0.7500;L;9.92;13.23;;;02.05.2025;9.92;3859891102136;Piæa
VINO CAB.S.SALTWATER 0,75 L;350467;;0.7500;L;10.68;14.24;;;02.05.2025;10.68;3859891102143;Piæa
COGNAC HENNESSY 0,7 L VSOP;350470;;0.7000;L;68.02;97.17;;;02.05.2025;68.02;3245990969419;Piæa
©aran cijeli oèi¹æeni;350474;;1.0000;kg;6.99;6.99;;;02.05.2025;6.99;3858889834509;Hrana
VINO ®DREB.K.BIJELO 1 L;350482;;1.0000;L;4.38;4.38;;;02.05.2025;4.38;8600102938649;Piæa
LIKER PELINKOVAC 0,1 L 4 PACK;350492;;0.4000;L;6.99;17.48;;;02.05.2025;6.99;3850112111777;Piæa
VINO BLATO KORÈULANKA 0,75 L;350493;;0.7500;L;8.59;11.45;;;02.05.2025;8.59;3859888154018;Piæa
PJENU©AC TODAY BLANC 0,75 L;350496;;0.7500;L;8.52;11.36;;;02.05.2025;8.52;3859893924026;Piæa
AZIJSKI MIX S-BUDGET 750 g;350497;S-Budget;0.7500;kg;2.99;3.99;;2.99;02.05.2025;2.99;9100000898148;Hrana
POMMES REBRASTI LEDO 750 g;350500;Ledo;0.7500;kg;4.49;5.99;;;02.05.2025;4.49;3850116038735;Hrana
VINO CAB.SAU.FRANC MIS.0,75 L ;350503;;0.7500;L;7.88;10.51;;;02.05.2025;7.88;3859888310315;Piæa
LIKER TERANINO BOGATI 0,2 L;350504;;0.2000;L;8.82;44.10;;;02.05.2025;8.82;3859889132060;Piæa
KAVA BARCAFE BLACK&EASY 160 g;350514;Barcaffe;0.1600;kg;4.99;31.19;;;02.05.2025;4.99;3838471042734;Piæa
SLANINA DOMAÆA S BUDGET VP;350520;S-Budget;1.0000;kg;14.99;14.99;;;02.05.2025;14.99;3856021219467;Hrana
VAFEL S KARAM.PUNJ.SPAR 400 g;350549;SPAR;0.4000;kg;2.99;7.48;;;02.05.2025;2.99;8710671200679;Hrana
ÈOK.DORINA KUHA.BIJELA 200 g;350553;Dorina;0.2000;kg;5.69;28.45;;;02.05.2025;5.69;3850102008643;Hrana
SPAR VR. ZA SMEÆ EXT 25L 30/1;350554;SPAR Qualitätsmarke;30.0000;kom;2.39;0.08;;;02.05.2025;2.39;9100000545554;Proizvodi za kuæanstvo
SPAR VR. ZA SMEÆ EXT 35L 25/1;350555;SPAR Qualitätsmarke;25.0000;kom;3.29;0.13;;;02.05.2025;3.29;9100000545561;Proizvodi za kuæanstvo
SPAR VR. ZA SME MIRIS.20L 20/1;350556;SPAR Qualitätsmarke;20.0000;kom;1.79;0.09;;;02.05.2025;1.79;9100000545585;Proizvodi za kuæanstvo
SPAR VR. ZA SME EKO.20L 25/1;350557;SPAR Qualitätsmarke;25.0000;kom;2.69;0.11;;;02.05.2025;2.69;9100000545622;Proizvodi za kuæanstvo
MINI NUTISSIMA TORTA 650 g;350565;;0.6500;kg;13.19;20.29;;;02.05.2025;13.19;3858889895685;Hrana
MINI TORTA ÈOKOLADNA  630 g;350568;;0.6300;kg;13.19;20.94;;;02.05.2025;13.19;3858889895609;Hrana
GREEK STYLE GREENVIE 200 g;350590;;0.2000;kg;2.79;13.95;;;02.05.2025;2.79;5292874001299;Hrana
DET.ÈARLI BALSAM 450 ml;350612;Èarli;0.4500;l;1.19;2.64;;1.19;02.05.2025;1.29;3850111304163;Sredstva za èi¹æenje
DET.ÈARLI DIVLJA TRE©NJ.450 ml;350613;Èarli;0.4500;l;1.19;2.64;;1.19;02.05.2025;1.29;3850111304118;Sredstva za èi¹æenje
PEL.VIOLETA GIGA 104/1 MAXI;350620;Violeta;104.0000;kom;24.99;0.24;;;02.05.2025;24.99;3870128025509;Toaletne potrep¹tine
KA©.NATUR PUR JAB.BAN.BR.190 g;350626;Spar Natur pur;0.1900;kg;1.49;7.84;;;02.05.2025;1.49;9100000909332;Hrana
PEL.VIOLETA GIGA 94/1 JUNIOR;350627;Violeta;94.0000;kom;24.99;0.27;;;02.05.2025;24.99;3870128025530;Toaletne potrep¹tine
KAP.FRANCK NOTA L.MAC.198 g;350634;Franck;0.1980;kg;5.99;30.25;;;02.05.2025;5.99;3850291053028;Piæa
KAP.FRANCK NOTA CAPPUCCI.192 g;350636;Franck;0.1920;kg;5.99;31.20;;;02.05.2025;5.99;3850291053035;Piæa
KA©.NATUR PUR JAB.KRU.JA.190 g;350637;Spar Natur pur;0.1900;kg;1.49;7.84;;;02.05.2025;1.49;9100000909295;Hrana
KAP.FRANCK NOTA LUNGO 112 g;350640;Franck;0.1120;kg;5.99;53.48;;;02.05.2025;5.99;3850291053042;Piæa
KAP.FRANCK NOTA ESPRESSO 112 g;350642;Franck;0.1120;kg;5.99;53.48;;;02.05.2025;5.99;3850291053011;Piæa
KA©.NATUR PUR JAB.KR.GR.190 g;350645;Spar Natur pur;0.1900;kg;1.39;7.32;;;02.05.2025;1.39;9100000909370;Hrana
SPAR TRAJNA FOLIJA ZA PEÈENJE ;350661;SPAR Qualitätsmarke;1.0000;kom;2.99;2.99;;;02.05.2025;2.99;9100000898445;Proizvodi za kuæanstvo
SPAR ZA©TITNA FOLIJA 36x45 cm;350662;SPAR Qualitätsmarke;1.0000;kom;2.99;2.99;;;02.05.2025;2.99;9100000898452;Proizvodi za kuæanstvo
KA©.NATUR PUR JAB.BAN.PR.190 g;350665;Spar Natur pur;0.1900;kg;1.49;7.84;;;02.05.2025;1.42;9100000909394;Hrana
KA©.NATUR PUR JABUKA BAN.190 g;350667;Spar Natur pur;0.1900;kg;1.49;7.84;;;02.05.2025;1.49;9100000909318;Hrana
KA©ICA NATUR PUR POV.PIL.190 g;350674;Spar Natur pur;0.1900;kg;1.59;8.37;;;02.05.2025;1.59;9100000909455;Hrana
KA©.NATUR PUR JAB.KRU.DV.190 g;350675;Spar Natur pur;0.1900;kg;1.39;7.32;;;02.05.2025;1.39;9100000909417;Hrana
KA©.NATUR PUR BIRC.MUSLI 190 g;350676;Spar Natur pur;0.1900;kg;1.39;7.32;;;02.05.2025;1.39;9100000909431;Hrana
KA©ICA NATUR PUR KRU.JAB.190 g;350677;Spar Natur pur;0.1900;kg;1.49;7.84;;;02.05.2025;1.49;9100000909271;Hrana
KA©.NAT.PUR MRK.BRO.REZ.220 g;350681;Spar Natur pur;0.2200;kg;1.49;6.77;;;02.05.2025;1.49;9100000909592;Hrana
KA©.NAT.PUR POV.RI®.PUR.220 g;350683;Spar Natur pur;0.2200;kg;1.59;7.23;;;02.05.2025;1.59;9100000909493;Hrana
KA©.NAT.PUR KUS-KUS POV.220 g;350684;Spar Natur pur;0.2200;kg;1.49;6.77;;;02.05.2025;1.49;9100000909639;Hrana
KA©.NAT.PUR ©PA.PIR LOS.220 g;350688;Spar Natur pur;0.2200;kg;1.99;9.05;;;02.05.2025;1.99;9100000909653;Hrana
VAF.LOACK.THINS ESPRESSO 150 g;350713;Loacker;0.1500;kg;2.19;14.60;;;02.05.2025;2.19;8000380150328;Hrana
KEKS LOTUS BISCOFF  124 g;350714;Bisc;0.1240;kg;1.69;13.63;;;02.05.2025;1.69;5410126006339;Hrana
VAF.LOACK.THINS NAPOLIT.150 g;350716;;0.1500;kg;2.19;14.60;;;02.05.2025;2.19;8000380201600;Hrana
REFIL BIOKILL EXTRA 500 ml;350720;Biokill;0.5000;L;4.49;8.98;;;02.05.2025;4.49;3838980105210;Proizvodi za kuæanstvo
SPREJ BIOKILL EXTRA 500 ml;350728;Biokill;0.5000;L;4.95;9.90;;;02.05.2025;4.95;3838980105203;Proizvodi za kuæanstvo
KA©ICA FRUTEK VOÆNA 100 g;350731;Fructal;0.1000;kg;1.39;13.90;;;02.05.2025;1.39;3838945039260;Hrana
KA©ICA FRUTEK JAB.©.VOÆE 100 g;350732;Fructal;0.1000;kg;1.39;13.90;;;02.05.2025;1.39;3838945439602;Hrana
KREM.ZORINA MAST ZA RUKE 75 ml;350865;ZORINA MAST;0.0750;L;4.99;66.53;;;02.05.2025;4.99;3857500100337;Kozmetika
ÈOK.SNICKERS SUPER+1 112,5 g;350867;Snickers;0.1125;kg;1.99;17.69;;;02.05.2025;1.99;5900951310843;Hrana
ACETON DESPAR XME 125 ml;350870;Despar;0.1250;L;0.85;6.80;;;02.05.2025;0.85;8001300891147;Kozmetika
KREMA ZA LICE VERDE VERA 50 ml;350891;Verde Vera;0.0500;L;1.00;20.00;;;02.05.2025;1.00;8056149085141;Kozmetika
S SALVETE NARANÈASTA  30/1;350934;SPAR Qualitätsmarke;1.0000;kom;1.19;1.19;;;02.05.2025;1.19;9100000634036;Proizvodi za kuæanstvo
S SALVETE BORDO  30/1,33x33cm;350937;SPAR Qualitätsmarke;1.0000;kom;1.19;1.19;;;02.05.2025;1.19;9100000634074;Proizvodi za kuæanstvo
S SALVETE T.ZELENA 30/1,33x33c;350938;SPAR Qualitätsmarke;1.0000;kom;1.19;1.19;;;02.05.2025;1.19;9100000634098;Proizvodi za kuæanstvo
S SALVETE SV.SIVA 30/1,33x33cm;350939;SPAR Qualitätsmarke;1.0000;kom;1.19;1.19;;;02.05.2025;1.19;9100000634128;Proizvodi za kuæanstvo
S SALVETE BIJELE 50/1,40x40cm;350940;SPAR Qualitätsmarke;1.0000;kom;2.69;2.69;;;02.05.2025;2.69;9100000634142;Proizvodi za kuæanstvo
S SALVETE KREM 50/1,40x40cm;350941;SPAR Qualitätsmarke;1.0000;kom;2.69;2.69;;;02.05.2025;2.69;9100000634159;Proizvodi za kuæanstvo
S SALVETE ®UTE 50/1,40x40cm;350942;SPAR Qualitätsmarke;1.0000;kom;2.69;2.69;;;02.05.2025;2.69;9100000634166;Proizvodi za kuæanstvo
S SALVETE NARANÈASTE 40x40cm;350943;SPAR Qualitätsmarke;1.0000;kom;2.69;2.69;;;02.05.2025;2.69;9100000905884;Proizvodi za kuæanstvo
S SALVETE ROZA 50/1,40x40cm;350944;SPAR Qualitätsmarke;1.0000;kom;2.69;2.69;;;02.05.2025;2.69;9100000905709;Proizvodi za kuæanstvo
S SALVETE CRVENA 50/1,40x40cm;350945;SPAR Qualitätsmarke;1.0000;kom;2.69;2.69;;;02.05.2025;2.69;9100000634180;Proizvodi za kuæanstvo
S SALVETE BORDO 50/1,40x40cm;350946;SPAR Qualitätsmarke;1.0000;kom;2.69;2.69;;;02.05.2025;2.69;9100000635507;Proizvodi za kuæanstvo
S SALVETE S.ZELENE 40x40cm;350947;SPAR Qualitätsmarke;1.0000;kom;1.87;1.87;;;02.05.2025;1.87;9100000634197;Proizvodi za kuæanstvo
S SALVETE T.ZELENE 50/1,40x40c;350948;SPAR Qualitätsmarke;1.0000;kom;2.69;2.69;;;02.05.2025;2.69;9100000905754;Proizvodi za kuæanstvo
S SALVETE SV.PLAVE 50/1,40x40c;350949;SPAR Qualitätsmarke;1.0000;kom;2.69;2.69;;;02.05.2025;2.69;9100000634203;Proizvodi za kuæanstvo
SOL HIMALA.ENCIAN KRUPNA 500 g;350950;Encian;0.5000;kg;2.65;5.30;;;02.05.2025;2.65;3858890104479;Hrana
S SALVETE T.PLAVE 50/1,40x40cm;350951;SPAR Qualitätsmarke;1.0000;kom;2.69;2.69;;;02.05.2025;2.69;9100000905686;Proizvodi za kuæanstvo
SOL HIMALAJ.ENCIAN SITNA 500 g;350952;Encian;0.5000;kg;2.65;5.30;;;02.05.2025;2.65;3858890104455;Hrana
S SALVETE S.SIVE 50/1,40x40cm;350953;SPAR Qualitätsmarke;1.0000;kom;2.69;2.69;;;02.05.2025;2.69;9100000905730;Proizvodi za kuæanstvo
S SALVETE BIJELE 50/1,24x24cm;350954;SPAR Qualitätsmarke;1.0000;kom;1.29;1.29;;;02.05.2025;1.29;9100000633862;Proizvodi za kuæanstvo
S SALVETE KREM 50/1,24x24cm;350955;SPAR Qualitätsmarke;1.0000;kom;1.29;1.29;;;02.05.2025;1.29;9100000633879;Proizvodi za kuæanstvo
S SALVETE SV.SIVA 50/1,24x24cm;350956;SPAR Qualitätsmarke;1.0000;kom;1.29;1.29;;;02.05.2025;1.29;9100000633985;Proizvodi za kuæanstvo
S SALVETE ®UTE 50/1,24x24cm;350957;SPAR Qualitätsmarke;1.0000;kom;1.29;1.29;;;02.05.2025;1.29;9100000633886;Proizvodi za kuæanstvo
S SALVETE T.PLAVA 30/1,24x24cm;350958;SPAR Qualitätsmarke;1.0000;kom;1.29;1.29;;;02.05.2025;1.29;9100000633978;Proizvodi za kuæanstvo
S SALVETE NARANÈASTE 50/1;350959;SPAR Qualitätsmarke;1.0000;kom;1.29;1.29;;;02.05.2025;1.29;9100000633893;Proizvodi za kuæanstvo
S SALVETE SV.PLAVA 50/1;350960;SPAR Qualitätsmarke;1.0000;kom;1.29;1.29;;;02.05.2025;1.29;9100000633961;Proizvodi za kuæanstvo
S SALVETE T.ZELENA 50/1,24x24c;350964;SPAR Qualitätsmarke;1.0000;kom;1.29;1.29;;;02.05.2025;1.29;9100000633954;Proizvodi za kuæanstvo
KREMA GARNIER BB LIGHT 50 ml;350965;Garnier;0.0500;l;9.99;199.80;;;02.05.2025;9.99;3600542416436;Kozmetika
S SALVETE CRVENE 50/1;350966;SPAR Qualitätsmarke;1.0000;kom;1.29;1.29;;;02.05.2025;1.29;9100000633923;Proizvodi za kuæanstvo
KREMA GARNIER BB MEDIUM 50 ml;350969;Garnier;0.0500;l;9.99;199.80;;;02.05.2025;9.99;3600542416405;Kozmetika
S SALVETE BORDO 50/1;350970;SPAR Qualitätsmarke;1.0000;kom;1.29;1.29;;;02.05.2025;1.29;9100000633930;Proizvodi za kuæanstvo
DES. ©UMSKO VOÆE DR.OETK.400 g;350981;Dr. Oetker;0.4000;kg;2.39;5.98;;;02.05.2025;2.39;4023600017762;Hrana
LOSION NIVEA ZA TIJELO 400 ml;350985;Nivea;0.4000;l;6.99;17.48;;;02.05.2025;6.99;9005800346922;Kozmetika
PJE.ZA BR.BEAUTY KISS ®.150 ml;351003;Beauty Kiss;0.1500;L;1.49;9.93;;;02.05.2025;1.49;9100000895154;Kozmetika
TEK.FAKS COLOR 900 ml;351024;Faks;0.9000;l;;6.10;5.49;5.99;02.05.2025;6.95;3850105178206;Sredstva za èi¹æenje
TEK.FAKS WHITE COLOR 900 ml;351025;Faks;0.9000;l;;6.10;5.49;5.99;02.05.2025;6.95;3850105178237;Sredstva za èi¹æenje
BIO ULJE KONOP.CROATICA.250 ml;351044;;0.2500;L;9.99;39.96;;;02.05.2025;9.95;3859893857003;Hrana
BOMBONI BEBETO BEANS MIX 60 g;351058;Bebeto;0.0600;kg;0.99;16.50;;;02.05.2025;0.99;8690146128731;Hrana
BOJA SYOSS 7-5;351067;Syoss;1.0000;kom;6.19;6.19;;;02.05.2025;5.59;9000101629033;Kozmetika
KREM.ZA RUKE BEAUTY KISS 75 ml;351097;Beauty Kiss;0.0750;L;1.72;22.93;;;02.05.2025;1.72;9100000911588;Kozmetika
DEO SPR.NIVEA ORIG.CARE 150 ml;351098;Nivea;0.1500;L;4.99;33.27;;;02.05.2025;4.99;9005800347653;Kozmetika
D.ROLL ON NIVEA ORIGIN.C.50 ml;351099;Nivea;0.0500;l;4.99;99.80;;;02.05.2025;4.99;42428930;Kozmetika
KREM.ZA RUKE BEAUTY KISS 75 ml;351104;Beauty Kiss;0.0750;L;1.72;22.93;;;02.05.2025;1.72;9100000911564;Kozmetika
DEO STI SECRET PLA KREM.40 ml;351151;Secret;0.0400;l;3.99;99.75;;;02.05.2025;3.99;5000174244823;Kozmetika
DEO ST.SECRET DEL.45 g;351153;Secret;0.0450;kg;3.99;88.67;;;02.05.2025;3.99;8006540452301;Kozmetika
KOBASICE S DIVLJAÈI 320 g;351175;Lovski;0.3200;kg;4.59;14.34;;;02.05.2025;4.59;3859893534287;Hrana
©AMP.H&S OIL CONTR.300 ml;351178;Head&Shoulders;0.3000;l;;16.63;4.99;6.19;02.05.2025;6.19;8001841996790;Kozmetika
©AMP.H&S CLA.ITCH 300 ml;351180;Head&Shoulders;0.3000;l;;16.63;4.99;6.19;02.05.2025;6.19;8001841996769;Kozmetika
KUKURUZ S-BUDGET 3X170 g;351208;S-Budget;0.4200;kg;2.79;6.64;;;02.05.2025;2.79;3856021211942;Hrana
INST.KA©A S-BUDGET NATUR 60 g;351246;S-Budget;0.0600;kg;0.59;9.83;;;02.05.2025;0.59;3856021219030;Hrana
INST.KA©A S-BUDGET ÈOKOLA.60 g;351248;S-Budget;0.0600;kg;0.59;9.83;;;02.05.2025;0.59;3856021219054;Hrana
INST.KA©A S-BUDGET JA.CIM.60 g;351251;S-Budget;0.0600;kg;0.59;9.83;;;02.05.2025;0.59;3856021219016;Hrana
KAVA JM CREMA SELEZIONE 1 kg;351267;JULIUS MEINL;1.0000;kg;32.99;32.99;;;02.05.2025;29.99;9000403895334;Piæa
S SALVETE BIJELE 100/1;351275;SPAR Qualitätsmarke;1.0000;kom;4.59;4.59;;;02.05.2025;4.59;9100000897813;Proizvodi za kuæanstvo
DEO STI SECRET PLA DEL.40 ml;351359;Secret;0.0400;l;3.99;99.75;;;02.05.2025;3.99;5000174999839;Kozmetika
VINO PO©IP TE®AK 0,75 L BLATO;351392;;0.7500;L;20.59;27.45;;;02.05.2025;20.59;3859888154452;Piæa
KAP.ILLY NESPRESSO CLASS.57 g;351422;Illy;0.0570;kg;6.63;116.32;;;02.05.2025;6.63;8003753158679;Piæa
VINO DEGRASSI T.B.CUVEE 0,75 L;351433;Degrassi;0.7500;l;23.12;30.83;;;02.05.2025;23.12;3859891805464;Piæa
VINO DEGRA.T.B.CUVEE B.0,75 L;351434;Degrassi;0.7500;l;12.39;16.52;;;02.05.2025;12.39;3859891805259;Piæa
GLAZURA PUNÈ SPAR 200 g;351439;SPAR;0.2000;kg;1.49;7.45;;;02.05.2025;1.49;9100000897363;Hrana
SAPUN S-BUDGET TEKUÆI 500 ml;351440;S-Budget;0.5000;L;0.89;1.78;;;02.05.2025;0.89;9100000894553;Kozmetika
©UNKA U OVITKU S BUDGET 200 g;351451;S-Budget;0.2000;kg;2.89;14.45;;;02.05.2025;2.89;3856021219696;Hrana
ORAH NARIB.NATUR PUR BIO 200 g;351452;Natur pur;0.2000;kg;2.99;14.95;;;02.05.2025;2.99;9100000938844;Hrana
©EÆ.SMEÐI MUSCOVAD.LIGHT 500 g;351454;Billington´S;0.5000;kg;3.59;7.18;;;02.05.2025;3.59;5010651001214;Hrana
UMAK SACLA PUTTANESCA 350 g;351455;Sacla;0.3500;kg;4.19;11.97;;;02.05.2025;4.19;8001060008601;Hrana
UMAK SACLA ARRABBIATA 350 g;351457;Sacla;0.3500;kg;4.19;11.97;;;02.05.2025;4.19;8001060008403;Hrana
UMAK SACLA SUHE RAJ.ÈE©.190 g;351458;Sacla;0.1900;kg;3.99;21.00;;;02.05.2025;3.99;8001060003576;Hrana
PESTO SACLA LJUTI 190 g;351460;Sacla;0.1900;kg;3.99;21.00;;;02.05.2025;3.99;8001060017139;Hrana
PESTO SACLA CRVENI 190 g;351461;Sacla;0.1900;kg;3.99;21.00;;;02.05.2025;3.99;8001060001855;Hrana
JELO U ÈA©I JA.CURRY AJIN.90 g;351471;;0.0900;kg;;16.56;1.49;2.19;02.05.2025;2.19;5901384504854;Hrana
UMAK DEVELEY CURRY 250 ml;351472;Develey;0.2500;l;3.19;12.76;;;02.05.2025;3.19;4006824991032;Hrana
SRE.SANYTO.LIMUN ZA PODVE 1 L ;351480;Sanytol;1.0000;L;3.59;3.59;;;02.05.2025;3.59;3045206312226;Sredstva za èi¹æenje
UNIV.SRED.SANYTOL GREJP 500 ml;351481;Sanytol;0.5000;L;3.39;6.78;;;02.05.2025;3.39;3045206312066;Sredstva za èi¹æenje
MIN.VODA SARAJ.KISELJAK 4x1,5L;351483;;6.0000;l;2.61;0.44;;;02.05.2025;2.61;3875000182219;Piæa
SRED.SANYTOL ZA TEKSTIL 500 ml;351486;Sanytol;0.5000;L;3.38;6.76;;;02.05.2025;3.38;3045206331005;Sredstva za èi¹æenje
PUDING VANILIJA PROT.DOLC.35 g;351487;Dolcela;0.0350;kg;0.99;28.29;;;02.05.2025;0.99;3856020249199;Hrana
PUDING ÈOKOLADA PROT.DOLC.35 g;351488;Dolcela;0.0350;kg;0.99;28.29;;;02.05.2025;0.99;3856020249168;Hrana
GREEN DETOX SOK 330 ml;351490;;0.3300;L;3.9;11.82;;;02.05.2025;3.72;3859894312273;Hrana
AMERIÈKE PALAÈ.DOLC.PROT.210 g;351491;Dolcela;0.2100;kg;2.49;11.86;;;02.05.2025;2.49;3856020249137;Hrana
RED FOREST SOK 330 ml;351492;;0.3300;L;3.9;11.82;;;02.05.2025;3.72;3859894312297;Hrana
GARDEN DETOX SOK 330 ml;351493;;0.3300;L;3.9;11.82;;;02.05.2025;3.72;3859894312259;Hrana
VITAMIN BOMB SOK 330 ml;351494;;0.3300;L;3.9;11.82;;;02.05.2025;3.72;3859894312334;Hrana
STRONG BOOSTER SOK 330 ml;351497;;0.3300;L;3.9;11.82;;;02.05.2025;3.72;3859894312310;Hrana
PANCETA KOMADI VP;351511;;1.0000;kg;24.29;24.29;;;02.05.2025;24.29;3859892733131;Hrana
SREDSTVO ZA MRLJE KH7 750 ml;351517;KH 7;0.7500;L;5.45;7.27;;;02.05.2025;5.45;8420822127785;Sredstva za èi¹æenje
KEKS MOTO KAKAO 96 g;351521;Moto;0.0960;kg;1.19;12.40;;;02.05.2025;1.19;3850102522842;Hrana
PAPIRN.RUÈNIK S BUDGET 3SL 6/1;351522;S-Budget;6.0000;KOM;3.19;0.53;;;02.05.2025;3.49;9100000067810;Proizvodi za kuæanstvo
ENERGE.NAPITAK SB KOKOS 0,25 L;351552;S-Budget;0.2500;l;.63;2.52;;;02.05.2025;.63;9100000445953;Piæa
SOK FRUCTAL CLAS.MARELICA 1 L;351554;Fructal;1.0000;l;1.89;1.89;;;02.05.2025;1.89;3838945029261;Piæa
SR.DR.BECKMANN ZA ZAVJESE.80 g;351555;Dr. Beckmann;0.0800;KG;1.69;21.13;;;02.05.2025;1.69;4008455569017;Sredstva za èi¹æenje
LIKER BOROV.S BUDGET 1 L 20%;351557;S-BUDGET;1.0000;L;6.69;6.69;;;02.05.2025;6.66;3856021219320;Piæa
LIKER VI©NJA S BUDGET 1 L 20%;351559;S-BUDGET;1.0000;L;6.69;6.69;;;02.05.2025;6.66;3856021219306;Piæa
GEL TURBO F-23 100 ml;351560;FAVN;0.1000;L;8.62;86.20;;;02.05.2025;8.62;3831013730106;Kozmetika
SOK JABUKA FRUCTAL BISTRI 1 L;351562;Fructal;1.0000;l;2.39;2.39;;;02.05.2025;2.39;3838945007887;Piæa
PIVO GRIF PALE ALE 0,33 L LIM.;351589;;0.3300;L;2.02;6.12;;;02.05.2025;2.02;3859893353468;Piæa
PIVO VUKOVARSKO LIM.0,5 L;351602;;0.5000;L;1.52;3.04;;;02.05.2025;1.42;3859893353406;Piæa
PJENU©AC HENKELL TROCKEN 0,2 L;351609;Henkel;0.2000;L;3.99;19.95;;;02.05.2025;3.99;4003310012363;Piæa
BURRATA S TARTUFIMA PREM.100 g;351624;SPAR PREMIUM;0.1000;kg;2.59;25.90;;;02.05.2025;2.59;9100000037967;Hrana
®VAK.GUMA POOSH.JAGODA 5 g;351631;Teekanne;0.0050;kg;0.18;36.00;;;02.05.2025;0.18;78928008;Hrana
BERMET PHILIPEC 0,75 L;351656;;0.7500;L;23.99;31.99;;;02.05.2025;23.99;3859888951037;Piæa
KAP.STARBUCKS DG M.VANILL.132g;351668;Nestle;0.1320;kg;5.29;40.08;;5.29;02.05.2025;6.49;7613287335234;Piæa
PINÐUR PREMIUM 340 g;351732;SPAR PREMIUM;0.3400;kg;2.99;8.79;;;02.05.2025;2.99;9100000938028;Hrana
TUNA S-BUD.KOMADI PIKANT 185 g;351735;S-Budget;0.1850;kg;1.79;9.68;;;02.05.2025;1.79;9100000975528;Hrana
TUNA S-BUDGET NATUR 195 g;351736;S-Budget;0.1500;kg;2.49;16.60;;;02.05.2025;2.49;9100000972657;Hrana
TUNA S-BUD.KOM.SUNC.ULJE 195 g;351737;S-Budget;0.1400;kg;2.59;18.50;;;02.05.2025;2.59;9100000972671;Hrana
TUNA S-BUDGET MASL.ULJE 195 g;351738;S-Budget;0.1400;kg;2.99;21.36;;;02.05.2025;2.99;9100000972695;Hrana
GRAH S-BUDGET KRUPNI 400 g;351742;S-Budget;0.2560;kg;1.49;5.82;;;02.05.2025;1.45;9100000710969;Hrana
KOMPOT S-BUDGET ANANAS 567 g;351745;S-Budget;0.3400;kg;2.19;6.44;;;02.05.2025;2.19;9100000734330;Hrana
HRANA ZA MAÈKE MOLLY NAT.400 g;351746;Molly;0.4000;kg;1.59;3.98;;;02.05.2025;1.59;9100000939773;Proizvodi za kuæanstvo
HRANA ZA MAÈKE MOLLY NAT.400 g;351747;Molly;0.4000;kg;1.59;3.98;;;02.05.2025;1.59;9100000939759;Proizvodi za kuæanstvo
KIKIR.MASLAC GO ON PROT.350 g;351749;GO ON;0.3500;kg;4.99;14.26;;;02.05.2025;4.99;5900617039798;Hrana
KIKIR.MASLAC GO ON PROT.350 g;351750;GO ON;0.3500;kg;4.99;14.26;;;02.05.2025;4.99;5900617041241;Hrana
NAPITAK CAPTA.KOMBUCHA 400 ml;351752;;0.4000;L;3.09;7.73;;;02.05.2025;3.09;5600787049046;Hrana
NAPITAK CAPTA.KOMBUCHA 400 ml;351753;;0.4000;L;3.09;7.73;;;02.05.2025;3.09;5600787049213;Hrana
NAPITAK CAPTA.KOMBUCHA 400 ml;351754;;0.4000;L;3.09;7.73;;;02.05.2025;3.09;5600787049022;Hrana
OTOPINA LACALUT MIC.SEN.500 ml;351762;Lacalut;0.5000;L;5.59;11.18;;;02.05.2025;5.59;4016369546994;Kozmetika
ÈVARCI DR.PIGLEY DELIK.120 g ;351773;DR.PIGLEY;0.1200;kg;4.29;35.75;;;02.05.2025;4.29;3859892348250;Hrana
ÈVARCI DR.PIGLEY 200 g;351775;DR.PIGLEY;0.2000;kg;4.59;22.95;;;02.05.2025;4.59;3859892348335;Hrana
TUNA PA©TETA ARG.PIKANT 95 g;351806;Argeta;0.0950;kg;;17.79;1.69;1.99;02.05.2025;1.99;3838471042291;Hrana
TRAKE VEET ZA DEP.PURE 20/1;351827;Veet;20.0000;kom;6.99;0.35;;;02.05.2025;6.99;5997321774527;Kozmetika
PATRONE GILLETTE FUSION 8/1;351840;Gillette;8.0000;kom;;3.69;29.49;36.98;02.05.2025;36.98;7702018867059;Kozmetika
PATRONE GILLETTE MACH3 5/1;351841;Gillette;5.0000;kom;17.25;3.45;;;02.05.2025;17.25;7702018552313;Kozmetika
BRIJAÈ VENUS SENITIVE 2UP;351842;Gillette;1.0000;kom;7.99;7.99;;7.99;02.05.2025;7.89;7702018575350;Kozmetika
KEKS S BUD.S MASL.ÈOK.2X125 g;351993;S-Budget;0.2500;kg;2.49;9.96;;;02.05.2025;2.49;9100000003450;Hrana
ZUB.PASTA SENSODYNE HE.F.75 ml;351996;Sensodyne;0.0750;L;5.95;79.33;;;02.05.2025;4.39;5054563105875;Kozmetika
PATRONE GILL.VENUS 4/1;352003;Gillette;4.0000;kom;15.89;3.97;;;02.05.2025;15.89;7702018575381;Kozmetika
FER.PROIZ.BIO BADEM NP 400 g;352022;Natur pur;0.4000;kg;2.19;5.48;;;02.05.2025;2.19;9100000938875;Hrana
KA©ICA FRUTOLINO KRU.MAR.100 g;352043;Lino;0.1000;kg;1.29;12.90;;;02.05.2025;1.29;3856020248123;Hrana
KA©ICA FRUTOL.JAB.KRU.BA.100 g;352045;Lino;0.1000;kg;1.29;12.90;;;02.05.2025;1.29;3856020248093;Hrana
KA©ICA FRUTOL.VOÆE PIR 100 g;352053;Lino;0.1000;kg;1.29;12.90;;;02.05.2025;1.29;3856020248185;Hrana
KA©ICA FRUTOL.VOÆE ZOB 100 g;352055;Lino;0.1000;kg;1.29;12.90;;;02.05.2025;1.29;3856020248154;Hrana
KREMA AKUPRES FAVN 250 ml;352095;FAVN;0.2500;L;15.69;62.76;;;02.05.2025;15.69;3831013730359;Kozmetika
BALZAM ZA NOGE FAVN 100 ml;352105;FAVN;0.1000;L;10.69;106.90;;;02.05.2025;10.69;3831013730533;Kozmetika
MELEM FAVN GAVEZ 75 ml;352115;FAVN;0.0750;L;9.29;123.87;;;02.05.2025;9.29;3831013730199;Kozmetika
GEL FAVN ETERA 100 ml;352121;FAVN;0.1000;L;8.62;86.20;;;02.05.2025;8.62;3831013730304;Kozmetika
KREMA ALPHA CBD RICH 50 ml;352124;ALPHA CBD;0.0500;L;15.69;313.80;;;02.05.2025;15.69;3831013730724;Kozmetika
LIKER JAGERM.MM 0,02 LX 9;352159;;0.1800;L;7.96;44.22;;;02.05.2025;7.96;4067700015860;Piæa
LOSION ALPHA CBD 200 ml;352192;ALPHA CBD;0.2000;L;10.69;53.45;;;02.05.2025;10.69;3831013730731;Kozmetika
KREMA ZA RUKE ALPHA CBD 100 ml;352193;ALPHA CBD;0.1000;L;9.29;92.90;;;02.05.2025;9.29;3831013730847;Kozmetika
GIN SAX VAP S ÈA©OM 0,7 L;352198;SAX;0.7000;l;13.52;19.31;;;02.05.2025;13.52;3850112145000;Piæa
TOR.NOUG.VI©.800 g SEERAW CAKE;352253;;0.8000;kg;19.9;24.88;;;02.05.2025;19.9;8606109344513;Hrana
UM.PREMIUM NORCINA S TAR.180 g;352342;Premium;0.1800;kg;3.29;18.28;;;02.05.2025;3.29;8001300243212;Hrana
UMAK PREMIUM NORMA 180 g;352344;Premium;0.1800;kg;2.59;14.39;;;02.05.2025;2.59;8001300243229;Hrana
UM.PREMIUM CHIANINA180 g;352346;Premium;0.1800;kg;3.99;22.17;;;02.05.2025;3.98;8001300243236;Hrana
UMAK PREMIUM VONGOLE 180 g;352348;Premium;0.1800;kg;3.29;18.28;;;02.05.2025;3.29;8001300243243;Hrana
PEL.GAÆ.NOÆNE PAMPERS S4 25/1;352370;Pampers;25.0000;kom;8.63;0.35;;8.63;02.05.2025;8.63;8006540234709;Toaletne potrep¹tine
PEL.GAÆ.NOÆNE PAMPERS S5 22/1;352384;Pampers;22.0000;kom;8.63;0.39;;8.63;02.05.2025;8.63;8006540234730;Toaletne potrep¹tine
PEL.GAÆ.NOÆNE PAMPERS S6 19/1;352385;Pampers;19.0000;kom;8.63;0.45;;8.63;02.05.2025;8.63;8006540234761;Toaletne potrep¹tine
MINI ÈOKO-DONUT SPAR 180 g;352532;SPAR Qualitätsmarke;0.1800;kg;2.89;16.06;;;02.05.2025;2.85;3858890211702;Hrana
PILEÆA ZADNJA ÈETVRT;352583;Perutnina;1.0000;kg;3.59;3.59;;;02.05.2025;3.59;3850220114851;Hrana
OCAT JABUÈNI PONTI 500 ml;352588;Ponti;0.5000;l;2.69;5.38;;;02.05.2025;2.69;8001010038801;Hrana
FRITULE DOLCELA 250 g;352598;Dolcela;0.2500;kg;2.79;11.16;;;02.05.2025;2.79;3856020246563;Hrana
PIL.KRILA PANIR.S BUDGET 750 g;352603;S-Budget;0.7500;kg;6.49;8.65;;;02.05.2025;6.49;9100000913544;Hrana
PILEÆ.KRILA BBQ S BUDGET 750 g;352607;S-Budget;0.7500;kg;6.49;8.65;;;02.05.2025;6.49;9100000913568;Hrana
PEKMEZ ©LJIVA PODRAVKA 350 g;352609;Podravka;0.3500;kg;2.99;8.54;;;02.05.2025;2.99;3856020252793;Hrana
KETCHUP ZVIJEZDA KIDS 500 g;352631;Zvijezda;0.5000;kg;2.29;4.58;;;02.05.2025;2.29;3856015323200;Hrana
D®EM MARELICA PODRAVKA 360 g;352656;Podravka;0.3600;kg;2.49;6.92;;;02.05.2025;2.49;3856020252441;Hrana
BAGUETTE SA ZAÈIN.BILJEM 160 g;352661;;0.1600;kg;1.49;9.31;;;02.05.2025;1.49;4034900032409;Hrana
D®EM MIJE©ANO VOÆE PODRA.360 g;352663;Podravka;0.3600;kg;2.19;6.08;;;02.05.2025;2.19;3856020252274;Hrana
PEKMEZ ©LJIVA PODRAVKA 660 g;352675;Podravka;0.6600;kg;4.49;6.80;;;02.05.2025;4.49;3856020252847;Hrana
D®EM ©IPAK PODRAVKA 360 g ;352679;Podravka;0.3600;kg;2.49;6.92;;;02.05.2025;2.49;3856020252212;Hrana
D®EM ©IPAK PODRAVKA 670 g ;352683;Podravka;0.6700;kg;2.79;4.16;;;02.05.2025;2.79;3856020252243;Hrana
PRALINE BAJADERA 87 g;352696;Bajadera;0.0870;kg;4.39;50.46;;;02.05.2025;3.29;3850102521883;Hrana
Sir Livanjski Spar;352705;SPAR;1.0000;kg;19.99;19.99;;;02.05.2025;19.99;3856021220128;Hrana
GRANOLA ÈOKO.PROTEIN B.B.300 g;352738;Atlantic Trade;0.3000;kg;4.49;14.97;;;02.05.2025;3.99;3858890478358;Hrana
Lignjun atlantski;352739;;1.0000;kg;8.99;8.99;;;02.05.2025;8.99;93856024302039;Hrana
DET.FAKS SUPERAKTIV 1,17 kg;352771;Faks;1.1700;kg;;4.69;5.49;5.99;02.05.2025;6.99;3850105176677;Sredstva za èi¹æenje
DET.FAKS AQUAMARINE 3,51 kg;352772;Faks;3.5100;kg;16.99;4.84;;;02.05.2025;16.99;3850105176769;Sredstva za èi¹æenje
DET.FAKS SUPERAKTIV 2,34 kg;352774;Faks;2.3400;kg;13.49;5.76;;;02.05.2025;13.49;3850105176554;Sredstva za èi¹æenje
ÈOK.FERRERRO RAFFAELLO 90 g ;352775;Ferrero;0.0900;kg;2.49;27.67;;;02.05.2025;2.49;8000500359556;Hrana
ÈOK.FERRERRO ROCHER MILK 90 g ;352776;Ferrero;0.0900;kg;2.49;27.67;;;02.05.2025;2.49;8000500359488;Hrana
ÈOK.FERRERRO ROCHER DARK 90 g ;352777;Ferrero;0.0900;kg;2.49;27.67;;;02.05.2025;2.49;8000500359815;Hrana
NAMAZ LINO LADA DUO PODR.160 g;352812;Podravka;0.1600;kg;2.09;13.06;;;02.05.2025;2.06;3856020240219;Hrana
NAMAZ LINO LADA GOLD POD.160 g;352813;Podravka;0.1600;kg;2.09;13.06;;;02.05.2025;2.06;3856020240189;Hrana
KUVE.MLIJ.ÈOK.33,6% CAL.400 g ;352816;;0.4000;kg;14.99;37.48;;;02.05.2025;10.99;5410522556209;Hrana
KUVE.BIJELA ÈOK.28% CAL.400 g ;352817;;0.4000;kg;14.99;37.48;;;02.05.2025;10.99;5410522556704;Hrana
KUVE.TAMNA ÈO.54,5% CAL.400 g ;352818;;0.4000;kg;14.99;37.48;;;02.05.2025;10.99;5410522556605;Hrana
KAP.LAVAZZA NES.QUA.ROSSA 57 g;352819;Lavazza;0.0550;kg;5.39;98.00;;;02.05.2025;5.39;8000070053526;Piæa
KA©.BEB.LAKU NOÆ GR.VAN.190 g;352828;Bebivita;0.1900;kg;1.35;7.11;;;02.05.2025;1.35;4018852035855;Hrana
KA©.BEB.LAKU NOÆ GRIZ BA.190 g;352829;Bebivita;0.1900;kg;1.35;7.11;;;02.05.2025;1.35;4018852035671;Hrana
KA©.BEB.LAKU NOÆ GR.KEKS 190 g;352830;Bebivita;0.1900;kg;1.35;7.11;;;02.05.2025;1.35;4018852029359;Hrana
PUDING VANILIJA DR.OETKER 55 g;352840;Dr. Oetker;0.0550;kg;1.79;32.55;;;02.05.2025;1.79;4000521027384;Hrana
PUDING ÈOKOLADA DR.OETKER 58 g;352841;Dr. Oetker;0.0580;kg;1.79;30.86;;;02.05.2025;1.79;4000521027407;Hrana
PUDING GRIZ DR.OETKER 65 g;352842;Dr. Oetker;0.0650;kg;1.79;27.54;;;02.05.2025;1.79;4000521027421;Hrana
ÈE©NJOVKA S BUDGET 250 g;352846;S-Budget;0.2500;kg;3.29;13.16;;2.99;02.05.2025;3.69;3856021220173;Hrana
KOBASICA DOMAÆA S BUDGET 250 g;352847;S-Budget;0.2500;kg;3.99;15.96;;;02.05.2025;3.99;3856021220197;Hrana
ÈAJ PODRAVKA MANGO BRESKV.50 g;352894;Podravka;0.0500;kg;3.23;64.60;;;02.05.2025;3.23;3856020249014;Piæa
ÈAJ PODRAVKA D.JAGOD.ACAI 50 g;352896;Podravka;0.0500;kg;3.23;64.60;;;02.05.2025;3.23;3856020249076;Piæa
PILEÆI ®ELUCI S BUDGET 400 g;352897;S-BUDGET;0.4000;kg;1.39;3.48;;;02.05.2025;1.39;3856021220326;Hrana
TAHINI SANA CLASSIC BIO 310 g;352899;Sana;0.3100;kg;7.99;25.77;;;02.05.2025;7.99;3858892322444;Hrana
CEDEVITA INST.NAP.LIMETA 455 g;352901;Cedevita;0.4550;kg;4.19;9.21;;;02.05.2025;4.19;3850322014929;Piæa
CEDEVITA LIMUN 455 g;352902;Cedevita;0.4550;kg;4.19;9.21;;;02.05.2025;4.19;3850322014905;Piæa
LAK EVELINE GEL LAQUE 89;352903;Eveline;1.0000;KOM;2.8;2.80;;;02.05.2025;2.8;5903416033745;Kozmetika
CEDEVITA NARANÈA 455 g;352906;Cedevita;0.4550;kg;3.95;8.68;;;02.05.2025;3.95;3850322014882;Piæa
CEDEVITA BAZGA LIMUN 455 g;352909;Cedevita;0.4550;kg;4.19;9.21;;;02.05.2025;4.19;3850322014943;Piæa
INSTANT KAVA JACOBS 2U1 140 g;352910;Jacobs;0.1400;kg;4.49;32.07;;;02.05.2025;3.99;8711000516584;Piæa
PIVO CARLSBERG 4X0,5 L;352925;Carlsberg;2.0000;L;5.71;2.86;;;02.05.2025;5.71;3858887583751;Piæa
SJENILO ZA OÈI EVELINE QUAT.02;352936;Eveline;1.0000;kom;5.99;5.99;;;02.05.2025;5.99;5903416004110;Kozmetika
SJENILO ZA OÈI EVELINE QUAT.03;352937;Eveline;1.0000;kom;5.99;5.99;;;02.05.2025;5.99;5903416004127;Kozmetika
SJENILO ZA OÈI EVELINE QUAT.05;352940;Eveline;1.0000;kom;5.99;5.99;;;02.05.2025;5.99;5903416004141;Kozmetika
PODLO®AK 290x230x85;352942;;1.0000;kom;3.31;3.31;;;02.05.2025;3.31;8007402384679;Hrana
LAK EVELINE 6U1 C.C.FRENCH;352950;Eveline;1.0000;kom;3.49;3.49;;;02.05.2025;3.49;5901761907483;Kozmetika
LAK EVELINE 6U1 C.C.NUDE;352951;Eveline;1.0000;kom;3.49;3.49;;;02.05.2025;3.49;5903416027492;Kozmetika
LAK EVELINE 6U1 C.C.ROSE;352952;Eveline;1.0000;kom;3.49;3.49;;;02.05.2025;3.49;5901761907469;Kozmetika
MASKARA ZA OB.EVELINE DARK 02;352954;Eveline;1.0000;KOM;4.40;4.40;;;02.05.2025;4.40;5901761997590;Kozmetika
MASKARA ZA OB.EVELINE LIGHT 01;352957;Eveline;1.0000;KOM;4.40;4.40;;;02.05.2025;4.40;5901761997606;Kozmetika
FIKSATOR GEL ZA OBRVE EVELINE;352959;Eveline;1.0000;KOM;4.50;4.50;;;02.05.2025;4.50;5903416017462;Kozmetika
KOBASICA NARODNA S BUDET 320 g;352961;S-Budget;0.3200;kg;1.79;5.59;;;02.05.2025;1.79;3856021220241;Hrana
VRUÆA ÈOKOLADA DUKAT 0,5 L;352972;Dukat;0.5000;L;1.99;3.98;;;02.05.2025;1.99;3850354016786;Hrana
BOMB.AFTER EIGHT MOJITO 400 g;353026;After Eight ;0.4000;kg;9.99;24.98;;;02.05.2025;9.99;7613287481726;Hrana
KRUH CHIA 400 g;353042;;0.4000;kg;1.79;4.48;;;02.05.2025;1.49;3858889894039;Hrana
PIVO KARLOVAÈKO LIM. 6X0,5 L;353047;Karlovacko;3.0000;L;6.49;2.16;;5.89;02.05.2025;7.67;3850103902360;Piæa
KOLAÈ DUNAVSKI VALOVI 450 g;353059;;0.4500;kg;3.69;8.20;;;02.05.2025;3.69;3830056443004;Hrana
BRUSCHETTE MARETTI 140 g;353062;;0.1400;kg;1.59;11.36;;;02.05.2025;1.59;3800205877929;Hrana
ÈOKOLADA KOLUMBO 100 g;353143;Kra¹;0.1000;kg;2.59;25.90;;;02.05.2025;2.59;3850102521845;Hrana
RI®A NA MLIJ.MÜ.ÈOKOLAD.200 g ;353174;;0.2000;kg;0.92;4.60;;;02.05.2025;0.92;42392149;Hrana
RI®A NA MLIJ.MÜLL.VANILI.200 g;353175;;0.2000;kg;0.92;4.60;;;02.05.2025;0.92;42244035;Hrana
JOGURT MIX ÈOK.LOPTICA 130 g;353177;;0.2000;kg;.92;4.60;;;02.05.2025;.92;42373261;Hrana
JOGURT MIX ÈOKO ZVJEZD.130 g;353178;;0.1300;kg;.92;7.08;;;02.05.2025;.92;42373308;Hrana
ULO©CI LIBRESSE DNEVNI 50/1;353183;Libresse;50.0000;kom;2.60;0.05;;;02.05.2025;1.99;7322541350530;Toaletne potrep¹tine
KRU©NE MRVICE S BUDGET 1 kg;353196;S-BUDGET;1.0000;kg;1.89;1.89;;;02.05.2025;1.89;9100000810515;Hrana
BAGUETTE S-BUDGET 300 g 2/1;353197;S-BUDGET;0.3000;kg;0.99;3.30;;;02.05.2025;0.99;9100000864464;Hrana
BUÐOLA S BUDGET 1/2;353200;S-Budget;1.0000;kg;20.59;20.59;;;02.05.2025;20.59;3856021220340;Hrana
SOK SPAR JABUKA 100% 1 L ST.BO;353202;SPAR;1.0000;l;2.42;2.42;;;02.05.2025;2.42;9100000916668;Piæa
ÈOK.RITTER CIJ.LJE©NJ.100 g;353209;Ritter;0.1000;kg;2.35;23.50;;;02.05.2025;2.35;4000417700001;Hrana
ÈOK.BIJ.RITT.CIJ.LJE©NJ.100 g;353210;Ritter;0.1000;kg;2.35;23.50;;;02.05.2025;2.35;4000417701008;Hrana
Orada 400-600 g;353244;;1.0000;kg;10.99;10.99;;;02.05.2025;9.99;;Hrana
HRANA ZA PSE FRIS.GOV.RIB.3 kg;353245;Friskies;3.0000;kg;11.99;4.00;;;02.05.2025;11.99;7613287901262;Proizvodi za kuæanstvo
HRANA ZA PSE FRIS.GO.JANJ.3 kg;353246;Friskies;3.0000;kg;11.99;4.00;;;02.05.2025;11.99;7613287901200;Proizvodi za kuæanstvo
TABLETE COREGA BIO 108/1;353249;Corega;108.0000;kom;10.49;0.10;;;02.05.2025;10.49;5054563226242;Kozmetika
MED MELBI CVJETNI 700 g;353279;Melbi;0.7000;kg;11.94;17.06;;;02.05.2025;11.94;3859891216109;Hrana
MED MELBI LIPA 700 g;353280;Melbi;0.7000;kg;13.27;18.96;;;02.05.2025;13.27;3859891216321;Hrana
PR©UT S BUDGET NAREZAK 200 g;353289;S-Budget;0.2000;kg;5.79;28.95;;;02.05.2025;5.79;3856021225086;Hrana
ZAÈ.CEJLONSKI CIMET NADA.20 g ;353303;Nadalina;0.0200;kg;1.49;74.50;;;02.05.2025;1.49;3858881580350;Hrana
ZAÈIN KURKUMA NADALINA 35 g;353309;Nadalina;0.0350;kg;0.99;28.29;;;02.05.2025;0.99;3858881580329;Hrana
SUHA ©UNKA S BUDGET 100 g NAR ;353317;S-Budget;0.1000;kg;2.79;27.90;;;02.05.2025;2.79;3856021225048;Hrana
GEL JOHNSONS BABY KIDS 750 ml;353336;Johnson's;0.7500;L;7.39;9.85;;;02.05.2025;5.54;3574669908443;Kozmetika
KREMA MELEM BABY 150 ml;353343;Melem;0.1500;L;9.15;61.00;;;02.05.2025;8.59;3856007906046;Kozmetika
ULJE MELEM BABY 150 ml;353344;Melem;0.1500;L;4.69;31.27;;;02.05.2025;4.39;3856007908125;Kozmetika
KREMA NEUTRO.ZA STOPALA 100 ml;353346;Neutrogena;0.1000;L;6.19;61.90;;;02.05.2025;6.19;3574661116457;Kozmetika
TAMPONI O.B.ORGANIC SUPER 16/1;353352;o.b.;16.0000;kom;3.70;0.23;;;02.05.2025;3.70;3574661618104;Toaletne potrep¹tine
TAMP.O.B.ORGANIC NORMAL 16/1;353353;o.b.;16.0000;kom;3.70;0.23;;;02.05.2025;3.70;3574661629582;Toaletne potrep¹tine
MARAMIC.ASEPSOLETA CLASSIC 5/1;353354;Asepsoleta;5.0000;kom;1.25;0.25;;;02.05.2025;1.09;3856007908323;Toaletne potrep¹tine
MARAM.ASEPSOLETA SENSITIVE 5/1;353355;Asepsoleta;5.0000;kom;1.25;0.25;;;02.05.2025;1.09;3856007908415;Toaletne potrep¹tine
SAPUN LAHOR ANTIBACTERIAL 80 g;353358;Lahor;0.0800;kg;0.89;11.13;;;02.05.2025;0.89;3850105177223;Kozmetika
SAPUN LAHOR BABY 80 g;353359;Lahor;0.0800;kg;0.89;11.13;;;02.05.2025;0.89;3850105177131;Kozmetika
SAPUN LAHOR OLIVE 80 g;353360;Lahor;0.0800;kg;0.89;11.13;;;02.05.2025;0.89;3850105179623;Kozmetika
LOSION MELEM RU®A 200 ml;353362;Melem;0.2000;L;5.49;27.45;;;02.05.2025;5.49;3856007909337;Kozmetika
LOSION MELEM DRAG.ULJA 200 ml;353364;Melem;0.2000;L;5.49;27.45;;;02.05.2025;5.49;3856007909320;Kozmetika
GEL MELEM ZA TU©.RU®A 250 ml;353370;Melem;0.2500;L;2.99;11.96;;;02.05.2025;2.99;3856007909283;Kozmetika
GEL MELEM ZA TU©.D.ULJA 250 ml;353372;Melem;0.2500;L;2.99;11.96;;;02.05.2025;2.99;3856007909276;Kozmetika
PR©UT DALM. S BUDGET 100 g ;353376;S-Budget;0.1000;kg;3.29;32.90;;;02.05.2025;3.29;3856021219979;Hrana
VODA ZA USTA LISTERIN.T.500 ml;353381;Listerine;0.5000;l;7.29;14.58;;;02.05.2025;7.29;3574661266602;Kozmetika
KREMA ZA RUKE 48 ANTIBA.100 ml;353383;48;0.1000;L;3.39;33.90;;;02.05.2025;3.39;3838980813375;Kozmetika
PANCETA DALMAT. S BUDGET 100 g;353434;S-Budget;0.1000;kg;2.25;22.50;;;02.05.2025;2.25;3856021219658;Hrana
©PEK S BUDGET  NAREZAK 100 g;353437;S-Budget;0.1000;kg;2.29;22.90;;;02.05.2025;2.32;3856021225109;Hrana
ÈETK.COLGATE ZIG ZAG  3/1;353438;Colgate;1.0000;kom;5.57;5.57;;;02.05.2025;5.57;8718951305212;Kozmetika
ZUB.P.COLGATE CHARCOAL 100 ml;353443;Colgate;0.1000;l;4.09;40.90;;;02.05.2025;3.85;6920354829413;Kozmetika
PEÈENICA DALM. S BUDG. 100 g  ;353447;S-Budget;0.1000;kg;2.49;24.90;;;02.05.2025;2.49;3856021219672;Hrana
ÈET.COLGATE MAX WHITE ;353449;Colgate;1.0000;kom;3.98;3.98;;;02.05.2025;3.98;8718951382602;Kozmetika
TRAKE VEET ZA LICE  20/1;353454;Veet;20.0000;kom;4.99;0.25;;;02.05.2025;4.99;5997321774497;Kozmetika
KREMA VEET ZA DEPILACI.100 ml;353456;Veet;0.1000;l;5.49;54.90;;;02.05.2025;5.49;5997321774480;Kozmetika
CEDEVITA CRVENA NARANÈA 455 g;353459;Cedevita;0.4550;kg;4.19;9.21;;;02.05.2025;4.19;3850322014967;Piæa
INTIMNI SAPUN AFRODITA 200 ml;353464;Afrodita;0.2000;l;5.49;27.45;;;02.05.2025;5.49;3831070661870;Toaletne potrep¹tine
SIR MEKI KOZ. ILE D.FRNCE150 g;353475;;0.1500;kg;3.19;21.27;;;02.05.2025;3.19;3272770013994;Hrana
MASLINE SPAR ZELENE BK.225 g;353562;SPAR;0.1100;kg;1.69;15.36;;;02.05.2025;1.69;91000262;Hrana
GLJIVE DESPAR 400 g;353563;Despar;0.2100;kg;1.59;7.57;;;02.05.2025;1.59;8001300235149;Hrana
KOMPOT DESPAR BRESKVA 415 g;353565;Despar;0.2400;kg;1.49;6.21;;;02.05.2025;1.49;8001300501732;Hrana
KOMPOT DESPAR ©LJIVA 420 g;353566;Despar;0.2500;kg;2.19;8.76;;;02.05.2025;2.19;8001300501749;Hrana
KOMPOT GIANA BRESKVA 820 g;353567;Giana;0.4700;kg;4.19;8.91;;;02.05.2025;4.11;8594012791640;Hrana
©AMPINJONI GIANA REZANI 800 g;353571;Giana;0.4000;kg;4.19;10.48;;;02.05.2025;4.19;8594012792326;Hrana
SIR GRAND OVAL GOURM.450 g;353586;President;0.4500;kg;6.49;14.42;;;02.05.2025;6.49;3850355006908;Hrana
SIR GRAND OVAL GOUDA 450  g;353590;President;0.4500;kg;6.49;14.42;;;02.05.2025;6.49;3850355006861;Hrana
SIR GRAND OVAL DIMLJENI 450 g;353598;President;0.4500;kg;7.69;17.09;;;02.05.2025;7.69;3850355006823;Hrana
SIR GRAND OVAL DELIKATES 450 g;353599;;0.4500;kg;6.49;14.42;;;02.05.2025;6.49;3850355006847;Hrana
ULJE MASLIN.PREM.ISTRA 500 ml;353619;SPAR PREMIUM;0.5000;L;12.99;25.98;;;02.05.2025;12.99;3856021219610;Hrana
SIR KRAVLJI ©PIN TARTUF. 230 g;353620;Spin;0.2300;kg;12.29;53.43;;;02.05.2025;12.29;3858881196650;Hrana
SIR ©PIN U TERANU 230 g;353621;Spin;0.2300;kg;8.89;38.65;;;02.05.2025;8.89;3858881196599;Hrana
UMAK DESPAR AMATRICIANA 400 g;353658;Despar;0.4000;kg;2.19;5.48;;;02.05.2025;2.25;8001300223238;Hrana
KUS KUS EXPRESS TIPIAK 4X100 g;353661;Tipiak;0.4000;kg;4.99;12.48;;;02.05.2025;5.04;3600900020251;Hrana
KUS KUS INTEGRAL.TIPIAK 500 g;353663;Tipiak;0.5000;kg;4.19;8.38;;;02.05.2025;5.49;3600900005043;Hrana
GEL GLADE BOZUR&TRE©NJA 180 ml;353664;Glade;0.1800;L;4.29;23.83;;;02.05.2025;4.29;5000204184839;Sredstva za èi¹æenje
UMAK MC ILHENNY SRIRACHA 300 g;353665;Mc Ilhenny;0.3000;kg;5.97;19.90;;;02.05.2025;5.97;0011210697003;Hrana
UMAK KIKKOMAN POKE 250 ml ;353666;Kikkoman;0.2500;l;6.79;27.16;;;02.05.2025;6.79;8715035450301;Hrana
©KROB GUSSNEL DOLCELA POD.30 g;353686;Dolcela;0.0300;kg;0.39;13.00;;;02.05.2025;0.39;3856020254018;Hrana
D®EM MIJE©.VOÆE PODRAVKA 690 g;353695;Podravka;0.6900;kg;2.89;4.19;;;02.05.2025;2.89;3856020252304;Hrana
D®EM MARELICA PODRAVKA 670 g;353696;Podravka;0.6700;kg;2.79;4.16;;;02.05.2025;2.79;3856020252502;Hrana
D®EM JAGODA EKSTRA PODRA.320 g;353698;Podravka;0.3200;kg;3.99;12.47;;;02.05.2025;3.99;3856020253073;Hrana
D®EM EKSTRA ©UM.VOÆE POD.320 g;353700;Podravka;0.3200;kg;3.99;12.47;;;02.05.2025;3.99;3856020253134;Hrana
D®EM EKSTRA MALINA PODRA.320 g;353701;Podravka;0.3200;kg;3.99;12.47;;;02.05.2025;3.99;3856020253042;Hrana
D®EM EKSTRA VI©NJA PODRA.320 g;353702;Podravka;0.3200;kg;3.99;12.47;;;02.05.2025;3.99;3856020253103;Hrana
HIG.ULO.VIR CLASSIC COMFO.10/1;353719;Vir;10.0000;kom;1.29;0.13;;;02.05.2025;1.29;3838985893723;Toaletne potrep¹tine
CHICKEN NUGGETS LEDO 300 g;353764;Ledo;0.3000;kg;4.79;15.97;;;02.05.2025;4.79;3850116039077;Hrana
PEKARSKI ZAÈINJENI LEDO 750 g;353769;Ledo;0.7500;kg;4.49;5.99;;;02.05.2025;4.49;3850116006741;Hrana
PAN.RIBLJI ©TAPIÆ.SB XXL 900 g;353770;S-Budget;0.9000;kg;7.99;8.88;;;02.05.2025;7.99;9100000948263;Hrana
BU VREÆICA ZA ZAMRZ. 100x1L;353793;S-BUDGET;100.0000;kom;2.99;0.03;;;02.05.2025;2.99;9100000966717;Proizvodi za kuæanstvo
BU VREÆICA ZA ZAMRZ. 75x3L;353794;S-BUDGET;75.0000;kom;2.99;0.04;;;02.05.2025;2.99;9100000966731;Proizvodi za kuæanstvo
BU VREÆICA ZA ZAMRZ. 41x6L;353795;S-BUDGET;41.0000;kom;2.99;0.07;;;02.05.2025;2.99;9100000966755;Proizvodi za kuæanstvo
SPAR VREÆ. ZA ZAMRZ. ZIP 20x1L;353796;SPAR Qualitätsmarke;20.0000;kom;;0.07;1.44;2.89;02.05.2025;2.89;9100000911144;Proizvodi za kuæanstvo
SPAR VREÆ. ZA ZAMRZ. ZIP 15x3L;353800;SPAR Qualitätsmarke;15.0000;kom;;0.11;1.64;3.29;02.05.2025;3.29;9100000911168;Proizvodi za kuæanstvo
SPAR VREÆ. ZA ZAMRZ. ZIP 10x6L;353801;SPAR Qualitätsmarke;10.0000;kom;2.49;0.25;;;02.05.2025;2.49;9100000911182;Proizvodi za kuæanstvo
SPAR VREÆ. ZA LED KOCKE 12x24 ;353802;SPAR Qualitätsmarke;24.0000;kom;1.69;0.07;;;02.05.2025;1.69;9100000911281;Proizvodi za kuæanstvo
SPAR VR.ZALED  XXL KOCKE12x9  ;353803;SPAR Qualitätsmarke;12.0000;kom;1.69;0.14;;;02.05.2025;1.69;9100000911328;Proizvodi za kuæanstvo
DES.JAFFA MILK ORANGE 27 g;353804;;0.0270;kg;0.75;27.78;;;02.05.2025;0.75;9120097310361;Hrana
SPAR VREÆ. ZA LED SRCE 12x18  ;353805;SPAR Qualitätsmarke;12.0000;kom;1.69;0.14;;;02.05.2025;1.69;9100000911304;Proizvodi za kuæanstvo
DES.MUNCHMALLOW MILK 27 g;353806;;0.0270;kg;0.75;27.78;;;02.05.2025;0.75;9120097310354;Hrana
PEÈENICA DALMAT. PIVAC 100 g;353811;Pivac;0.1000;kg;2.59;25.90;;;02.05.2025;2.59;3858890183467;Hrana
PANIRANI MEDALJONI 320 g;353812;AiA;0.3200;kg;2.99;9.34;;;02.05.2025;2.99;8008110032845;Hrana
JOG.B AKTIV NATUR 3x150 g;353818;;0.4500;kg;1.89;4.20;;;02.05.2025;1.89;3850354008828;Hrana
SOK HAPPY DAY FAMILY RED M.1 L;353820;Happy Day;1.0000;l;2.39;2.39;;;02.05.2025;2.39;9008700181822;Piæa
VINO BELJE CAB.S/MER.VR.0,75 L;353821;Belje;0.7500;L;14.99;19.99;;;02.05.2025;14.99;3850257020279;Piæa
PIVO DESPERADOS 0,5 L;353822;Desperados;0.5000;L;1.58;3.16;;;02.05.2025;1.58;8712000038175;Piæa
SIR PODRAVEC PRESIDENT 250 g;353838;;0.2500;kg;3.59;14.36;;;02.05.2025;3.59;3850355007349;Hrana
SIR GOUDA PRESIDENT 250 g ;353839;;0.2500;kg;3.59;14.36;;;02.05.2025;3.59;3850355007301;Hrana
PROLJET.ROLICE S POVRÆEM 900 g;353851;;0.9000;kg;;5.54;4.99;6.99;02.05.2025;6.99;8717677864249;Hrana
EN.NAP.PROGAME STAMINA C.0,5 L;353853;48;0.5000;l;1.49;2.98;;;02.05.2025;1.49;3858890877830;Piæa
EN.NAP.PROGAME FOCUS .MA.0,5 L;353855;;0.5000;l;1.49;2.98;;;02.05.2025;1.49;3858890877861;Piæa
MLIJ.TRAJNO DUKAT 0,5% 1 L TE;353874;Dukat;1.0000;L;1.65;1.65;;;02.05.2025;1.65;3850354016816;Hrana
MLIJ.TRAJNO DUK.2,8% 0,5 L TE;353877;Dukat;0.5000;L;0.99;1.98;;;02.05.2025;0.99;3850354016878;Hrana
MLIJ.TRAJNO DUKAT 3,8% 1 L TE;353878;Dukat;1.0000;L;1.75;1.75;;;02.05.2025;1.75;3850354016854;Hrana
JOGUR.ÈVRSTI 3,2%DUKAT 3x180 g;353881;Dukat;0.5400;kg;1.32;2.44;;;02.05.2025;1.30;3850354008781;Hrana
NAMAZ MLI.ORIG.DUKATELA 3x70 g;353883;Dukat;0.2100;kg;2.49;11.86;;;02.05.2025;2.49;3850354017004;Hrana
MLIJ.TRAJNO DUK.2,8% 6X1 L TE;353893;Dukat;6.0000;L;5.99;1.00;;;02.05.2025;5.99;3850354016809;Hrana
BURGER BAUCKHOF PIR ORA©.150 g;353908;;0.1500;kg;3.19;21.27;;;02.05.2025;3.19;4015637009407;Hrana
BURGER BAUCKHOF PIR POVR.160 g;353909;;0.1600;kg;3.19;19.94;;;02.05.2025;3.19;4015637004945;Hrana
SIR EMENTAL.RIBANI S-BUD.250 g;353926;S-Budget;0.2500;kg;2.69;10.76;;;02.05.2025;2.69;9100000890579;Hrana
SLATKO VRHNJE S-BUDGET 0,5 L;353927;S-Budget;0.5000;L;2.99;5.98;;;02.05.2025;2.99;9100000894768;Hrana
MOZZARELLA MINI S-BUDGE.125 g ;353928;S-Budget;0.1250;kg;1.49;11.92;;;02.05.2025;1.49;9100000976358;Hrana
SIR NARE.LIGHT 3 VRST.SB 250 g;353929;S-Budget;0.2500;kg;2.99;11.96;;;02.05.2025;2.99;9100000705392;Hrana
KAVA CAPPUCHINO S-BUDGE.250 ml;353932;S-Budget;0.2500;L;1.09;4.36;;;02.05.2025;1.09;9100000760803;Piæa
KAVA MACCH.KARAMELL SB 250 ml;353935;S-Budget;0.2500;kg;1.09;4.36;;;02.05.2025;1.09;9100000746920;Piæa
SIR GOUDA TOAST PRESIDEN.150 g;353960;President;0.1500;kg;1.79;11.93;;;02.05.2025;1.79;3228022210048;Hrana
SPU®VA ZA KUPANJE L´ANGELICA ;353968;L'Angelica;1.0000;kom;1.19;1.19;;;02.05.2025;1.19;8017331079188;Toaletne potrep¹tine
LOS.L´ANGELICA LINFA 300 ml;353970;L´Angelica;0.3000;l;3.49;11.63;;;02.05.2025;3.49;8017331077511;Kozmetika
KRE.OLIVAL NJEGA OKO OÈI 15 ml;353980;Olival;0.0150;L;10.59;706.00;;;02.05.2025;10.59;3858892693780;Kozmetika
ÈETK.ZA ZUBE ELMEX  SUPER SOFT;353987;Elmex;1.0000;KOM;4.91;4.91;;;02.05.2025;4.91;8718951435094;Kozmetika
ZUB.P.CO MAX  CLEAN 75 ml;353988;Colgate;0.0750;l;2.75;36.67;;;02.05.2025;2.75;8718951327085;Kozmetika
Sir Presid.Grand Oval Trapist;354015;President;1.0000;kg;12.49;12.49;;;02.05.2025;12.49;3850355007479;Hrana
SIR DOMAÆI DIMLJ.PRESIDE.300 g;354034;;0.3000;kg;5.49;18.30;;;02.05.2025;5.49;3850355007226;Hrana
SIR DOMAÆI PRESIDENT 300 g;354037;President;0.3000;kg;5.49;18.30;;;02.05.2025;5.49;3850355007202;Hrana
SIR PODRAVEC PRESIDENT 400 g;354047;President;0.4000;kg;5.19;12.98;;;02.05.2025;5.19;3850355007363;Hrana
Sir Tilzit President;354049;President;1.0000;kg;12.99;12.99;;;02.05.2025;12.99;3850355007516;Hrana
SIR TILZIT PRESIDENT 400 g;354053;President;0.4000;kg;5.29;13.23;;;02.05.2025;5.29;3850355007387;Hrana
SIR GOUDA PRESIDENT 400 g;354054;President;0.4000;kg;5.19;12.98;;;02.05.2025;5.19;3850355007325;Hrana
SIR DIMSI PRESIDENT 400 g;354055;President;0.4000;kg;5.19;12.98;;;02.05.2025;5.19;3850355007288;Hrana
MLIJ.TRAJNO DUKAT 2,8% 1L TE;354056;Dukat;1.0000;L;0.94;0.94;;0.94;02.05.2025;1.02;3850354016830;Hrana
Sir Dimsi President blok;354059;President;1.0000;kg;;8.99;8.99;12.99;02.05.2025;12.99;3850355007417;Hrana
JAJA S BUDG.M PODNI UZGOJ 15/1;354091;S-Budget;15.0000;kom;3.99;0.27;;;02.05.2025;3.99;3856021220265;Hrana
SIR SVJE®I SPORT ZDENKA 500 g;354092;Zdenka;0.5000;kg;2.59;5.18;;;02.05.2025;2.59;3858888598679;Hrana
KEKS LA CANTUCCI KOM.ÈOK.200 g;354101;DUPIN;0.2000;kg;2.39;11.95;;;02.05.2025;2.39;8015565030463;Hrana
MICEL.VOD.GARNIER EXPER.100 ml;354104;Garnier;0.1000;l;3.39;33.90;;;02.05.2025;3.39;3600542399258;Kozmetika
SAPUN LAHOR SENSITIVE 80 g;354105;Lahor;0.0800;kg;0.64;8.00;;;02.05.2025;0.64;3850105176950;Kozmetika
SAPUN LAHOR W.ROSE 80 g;354106;Lahor;0.0800;kg;0.89;11.13;;;02.05.2025;0.89;3850105176929;Kozmetika
GEL TU©.BIOBAZA BOT.GAR 400 ml;354108;Biobaza;0.4000;L;4.89;12.23;;;02.05.2025;4.89;3856020908317;Kozmetika
SERUM GARNIER GLOW 30 ml;354121;Garnier;0.0300;l;11.99;399.67;;;02.05.2025;11.99;3600542433327;Kozmetika
SERUM GARNIER H.ALOE 30 ml;354122;Garnier;0.0300;l;11.99;399.67;;;02.05.2025;11.99;3600542432924;Kozmetika
KAVA BARCAFFE PE.NOISETE 140 g;354151;Barcaffe;0.1400;kg;3.98;28.43;;;02.05.2025;3.98;3838471045339;Piæa
©AMPON OLIVAL RICINUS 250 ml;354159;Olival;0.2500;L;5.89;23.56;;;02.05.2025;5.89;3858892693902;Kozmetika
©AMPON OLIVAL KOPRIVA 250 ml;354160;Olival;0.2500;L;5.89;23.56;;;02.05.2025;5.89;3858892693919;Kozmetika
KREMA AFRODITA CERAMID.50 ml;354202;Afrodita;0.0500;l;15.49;309.80;;;02.05.2025;15.49;3831070656746;Kozmetika
KREMA AFRODITA CERAMID.50 ml;354203;Afrodita;0.0500;l;15.49;309.80;;;02.05.2025;15.49;3831070656739;Kozmetika
SERUM AFRODITA COLLAGE. 30 ml;354208;Afrodita;0.0300;l;17.99;599.67;;;02.05.2025;17.99;3831070657767;Kozmetika
MEDENI KOLAÈ SA KAKAOM 100 g;354210;;0.1000;kg;3.09;30.90;;;02.05.2025;3.09;8594071650360;Hrana
MEDENI KOLAÈ SA ORAHOM 100 g;354211;;0.1000;kg;3.09;30.90;;;02.05.2025;3.09;8594071650353;Hrana
MEDENI KOLAÈ BEZ GLUTENA 100 g;354212;;0.1000;kg;3.29;32.90;;;02.05.2025;3.29;8594071651107;Hrana
KREMA AFRODITA COLLAGEN  50 ml;354228;Afrodita;0.0500;l;17.59;351.80;;;02.05.2025;17.59;3831070658450;Kozmetika
KREMA AFRODITA COLA.SUH  50 ml;354229;Afrodita;0.0500;L;17.59;351.80;;;02.05.2025;17.59;3831070658467;Kozmetika
SIR PODRAV.SLICE PRESID.150 g;354238;President;0.1500;kg;3.19;21.27;;;02.05.2025;3.19;3850355007066;Hrana
SIR GOUDA SLIC.PRESIDENT 150 g;354240;President;0.1500;kg;3.19;21.27;;;02.05.2025;3.19;3850355007080;Hrana
SIR GOUDA PRESIDENT SAND.120 g;354242;President;0.1200;kg;2.79;23.25;;;02.05.2025;2.79;3850355007103;Hrana
ZUB.PAS.PLIDENTA SENSITI.75 ml;354254;Plidenta;0.0750;L;;20.67;1.55;2.25;02.05.2025;2.25;3856007908712;Kozmetika
TORTA LEDOLINA LEDO 650 g;354280;Ledo;0.6500;kg;11.49;17.68;;;02.05.2025;11.49;3850116042596;Hrana
SIR RIBANAC PRESIDENT 40 g;354294;President;0.0400;kg;1.49;37.25;;;02.05.2025;1.49;3850355007608;Hrana
SIR RIBANAC PRESIDENT 100 g;354296;President;0.1000;kg;3.25;32.50;;;02.05.2025;3.25;3850355007622;Hrana
CEDEVITA LIMUN 900 g;354327;Cedevita;0.9000;kg;6.39;7.10;;;02.05.2025;5.79;3850322015001;Piæa
CEDEVITA BAZGA LIMUN 900 g;354329;Cedevita;0.9000;kg;6.39;7.10;;;02.05.2025;5.79;3850322015049;Piæa
CEDEVITA NARANÈA 900 g ;354330;Cedevita;0.9000;kg;6.39;7.10;;;02.05.2025;5.79;3850322014981;Piæa
CEDEVITA LIMETA 900 g;354333;Cedevita;0.9000;kg;6.39;7.10;;;02.05.2025;5.79;3850322015025;Piæa
SIRUP BAK.BLAGO ©LJIVA CIM.1 L;354344;Eigenbedarf;1.0000;l;2.99;2.99;;;02.05.2025;2.99;3858893550112;Piæa
SIRUP BAK.BLAGO LIMUN KOPR.1 L;354347;Eigenbedarf;1.0000;l;2.99;2.99;;;02.05.2025;2.99;3858893550129;Piæa
SOJADE BOROVNICA 150 g;354399;;0.1500;kg;1.99;13.27;;;02.05.2025;1.99;3273221093831;Hrana
SOJADE NATURAL 150 g;354400;;0.1500;kg;1.79;11.93;;;02.05.2025;1.79;3273221093787;Hrana
ZUB.PA.ORAL-B FRESH .2x75 ml;354404;Oral B;0.1500;l;6.59;43.93;;;02.05.2025;6.59;8700216482592;Kozmetika
TJ.MARODI CONCHIGLIETTE 400 g;354405;;0.4000;kg;2.99;7.48;;;02.05.2025;2.99;3859888666740;Hrana
ÈIPS OD LEÆE SPAR M.SOL 90 g;354406;SPAR;0.0900;kg;1.99;22.11;;;02.05.2025;1.99;9100000914480;Hrana
ÈIPS OD LEÆE SPAR VRHNJE 90 g;354407;SPAR;0.0900;kg;1.99;22.11;;;02.05.2025;1.99;9100000914503;Hrana
©AMPON OLIVAL ÈIÈAK 250 ml;354408;Olival;0.2500;L;5.89;23.56;;;02.05.2025;5.89;3858892693896;Kozmetika
UMA.TIKKA MASALA PATAK´S 450 g;354409;Pataks;0.4500;kg;;8.87;3.99;5.79;02.05.2025;5.79;5011308303446;Hrana
TJESTEN.MARODI ALFABETO 400 g;354410;;0.4000;kg;2.99;7.48;;;02.05.2025;2.99;3859888666757;Hrana
JEÈAM MJE©AVINA LEDO 400 g;354411;Ledo;0.4000;kg;3.09;7.73;;;02.05.2025;3.09;3850116041445;Hrana
PESTO POLLI SICILIANA 190 g;354412;Polli;0.1900;kg;3.19;16.79;;;02.05.2025;3.19;8001310810800;Hrana
SIR PR.GRAND OVAL TRAPIS.500 g;354447;;0.5000;kg;7.49;14.98;;;02.05.2025;7.49;3850355007165;Hrana
SIR TILZIT PRESID.SLICE 150 g;354449;;0.1500;kg;3.19;21.27;;;02.05.2025;3.19;3850355007141;Hrana
RIBLJA JUHA DESPAR 350 g;354468;Despar;0.3500;kg;5.29;15.11;;;02.05.2025;5.29;9100000907413;Hrana
UMAK OD ©KOLJKI DESPAR 400 g;354469;Despar;0.4000;kg;4.49;11.23;;;02.05.2025;4.49;9100000907390;Hrana
KAPSULE FAKS COL.LAVANDA 14/1;354496;Faks;14.0000;kom;7.95;0.57;;;02.05.2025;7.95;3850105179296;Sredstva za èi¹æenje
ELETR.REFIL GLAD NARANÈA 20 ml;354499;Glade;0.0200;L;7.39;369.50;;;02.05.2025;7.39;5000204334487;Sredstva za èi¹æenje
ELETRI.REFIL GLADE RELAX 20 ml;354500;Glade;0.0200;L;7.39;369.50;;;02.05.2025;7.39;5000204334517;Sredstva za èi¹æenje
Sir Podravec President;354519;President;1.0000;kg;11.49;11.49;;;02.05.2025;11.49;3850355007455;Hrana
SIR RIBANAC PRESIDENT 3x40 g;354540;President;0.1200;kg;3.69;30.75;;;02.05.2025;3.69;3850355006618;Hrana
SIR TOAST CHEDDAR PRESID.150 g;354547;President;0.1500;kg;1.79;11.93;;;02.05.2025;1.79;3228022210055;Hrana
SIR TOAST EMMENT.PRES.150 g;354549;President;0.1500;kg;1.79;11.93;;;02.05.2025;1.79;3228022210062;Hrana
MAJONEZA CHILI ZVIJEZDA 85 g;354563;Zvijezda;0.0850;kg;1.19;14.00;;;02.05.2025;1.19;3856015324689;Hrana
REGENERATOR GLISS 200 ml;354564;Gliss Kur;0.2000;L;4.69;23.45;;;02.05.2025;4.69;9000100662987;Kozmetika
NAPITAK SPAR ZOB BARISTA 1 L;354566;SPAR;1.0000;l;2.39;2.39;;;02.05.2025;2.39;9100000962290;Piæa
TRAKE DESPAR ZA DEPIL.AC. 16/1;354568;Despar;16.0000;kom;1.11;0.07;;;02.05.2025;1.11;8001300935582;Kozmetika
BOMB.RICOLA GINGER ORANGE 40 g;354571;Ricola;0.0400;kg;1.59;39.75;;;02.05.2025;1.59;7610700015513;Hrana
MEDENA TORTA BEZ GLUTENA 800 g;354587;;0.8000;kg;14.99;18.74;;;02.05.2025;14.99;8594071650872;Hrana
PR©UT DALMATINSKI VO©TANE 80 g;354619;Vostane;0.0800;kg;3.29;41.13;;;02.05.2025;3.29;3858889493096;Hrana
PANCETA DALMAT.VO©TANE 80 g;354626;Vostane;0.0800;kg;3.19;39.88;;;02.05.2025;3.19;3858889493218;Hrana
BUÐOLA DALMAT. VO©TANE 80 g;354627;Vostane;0.0800;kg;3.19;39.88;;;02.05.2025;3.19;3858889493256;Hrana
VINO MU©KAT ORMO® OTT. 0,75 L ;354634;;0.7500;L;9.99;13.32;;;02.05.2025;9.99;3830078701748;Piæa
ÈOK.DORINA CIJ.LJE©NJAK 220 g;354675;Dorina;0.2200;kg;4.99;22.68;;;02.05.2025;3.79;3850102520381;Hrana
ÈOK.DORINA SJEC.LJE©NJAK 220 g;354676;Dorina;0.2200;kg;3.49;15.86;;3.49;02.05.2025;4.49;3850102522323;Hrana
KREM.ZORINA MAST ZA LICE 50 ml;354685;ZORINA MAST;0.0500;L;12.49;249.80;;;02.05.2025;12.49;3857500100368;Kozmetika
MED S-BUDGET CVJETNI 900 g;354728;S-Budget;0.9000;kg;6.59;7.32;;;02.05.2025;6.59;3856021220371;Hrana
MED S-BUDGET CVJETNI 1200 g;354730;S-Budget;1.2000;kg;8.59;7.16;;;02.05.2025;8.59;3856021220395;Hrana
KREKER SPAR SLANI 3X75 g;354751;SPAR;0.2250;kg;1.49;6.62;;;02.05.2025;1.49;9100000782591;Hrana
UM.BEN´S ORIG.SL.KISELI 400 g;354773;;0.4000;kg;3.99;9.98;;;02.05.2025;3.99;4002359017322;Hrana
UM.BEN´S ORIG.SL.KIS.ANA.400 g;354774;;0.4000;kg;3.99;9.98;;;02.05.2025;3.99;4002359017209;Hrana
RI®A BEN´S ORIG.DUG.ZR.250 g  ;354776;;0.2500;kg;2.39;9.56;;;02.05.2025;2.39;5410673007452;Hrana
RI®A BEN´S ORIG.DUGO ZR.500 g ;354777;;0.5000;kg;3.99;7.98;;;02.05.2025;3.99;5410673007476;Hrana
RI®A BEN´S ORI.DU.ZR.PAR.500 g;354779;;0.5000;kg;3.69;7.38;;;02.05.2025;3.69;5410673007490;Hrana
RI®A BEN´S INTEGRAL.PARB.500 g;354780;;0.5000;kg;4.19;8.38;;;02.05.2025;4.19;5410673007667;Hrana
RI®A BEN´S ORI.INTEG.PAR.500 g;354783;;0.5000;kg;4.19;8.38;;;02.05.2025;4.19;5410673007407;Hrana
MLIJ.LACTO OIL LACTOVIT 400 ml;354823;Lactovit;0.4000;L;5.79;14.48;;;02.05.2025;5.79;8411135354807;Kozmetika
ÈOK.JAJA MIX LINDT 180 g;354829;Lindt;0.1800;kg;;5.50;0.99;1.99;02.05.2025;1.99;4000539674600;Hrana
ÈOK.JAJA MIX LINDT 200 g;354832;Lindt;0.2000;kg;;4.95;0.99;1.99;02.05.2025;1.99;4000539604409;Hrana
LIZAL.USKR©NJA POP UP 10 g;354834;;0.0100;kg;;19.00;0.19;0.49;02.05.2025;0.49;8714786286382;Hrana
KEKS OREO REMIX KUP./VAN 157 g;354845;Oreo;0.1570;kg;2.19;13.95;;;02.05.2025;2.19;7622201505059;Hrana
HRENOVKE PILEÆE S BUDGET 100 g;354848;S-Budget;0.1000;kg;0.85;8.50;;;02.05.2025;0.85;3856021219832;Hrana
TORTA JAFFA 900 g;354867;Bäckerei SPAR;0.9000;kg;11.99;13.32;;;02.05.2025;11.99;;Hrana
KAVA MLJEVENA S BUDGET 250 g;354882;S-Budget;0.2500;kg;3.89;15.56;;;02.05.2025;3.89;9100100131459;Piæa
KRASTAVCI NATUR PUR DEL.330 g;354900;Spar Natur pur;0.1850;kg;3.59;19.41;;;02.05.2025;3.59;9100000960326;Hrana
SAPUN LAHOR AQUA 80 g;354941;Lahor;0.0800;kg;0.89;11.13;;;02.05.2025;0.89;3850105177193;Kozmetika
SIRUP MARASKA BOROVNICA 1 L;354942;Maraska;1.0000;l;2.99;2.99;;;02.05.2025;2.99;3850158105020;Piæa
SIRUP MARASKA JABUKA BAZGA 1 L;354944;Maraska;1.0000;l;2.99;2.99;;;02.05.2025;2.99;3850158105044;Piæa
SIRUP MARAS.LE.ÈAJ BRESKVA 1 L;354945;Maraska;1.0000;l;2.99;2.99;;;02.05.2025;2.99;3850158105082;Piæa
SIRUP MARASKA LIMUN 1 L;354946;Maraska;1.0000;l;2.99;2.99;;;02.05.2025;2.99;3850158105129;Piæa
SIRUP MARASKA MALINA 1 L;354947;Maraska;1.0000;l;2.99;2.99;;;02.05.2025;2.99;3850158105068;Piæa
SIRUP MARASKA NARANÈA 1 L;354948;Maraska;1.0000;l;2.99;2.99;;;02.05.2025;2.99;3850158105006;Piæa
PIVO BALTAZAR 0,5 L;354952;;0.5000;l;;3.82;1.91;2.29;02.05.2025;2.39;3859893357275;Piæa
FLIPS TIP TOP CUBICS 100 g;354958;Tip Top;0.1000;kg;1.59;15.90;;;02.05.2025;1.59;3856021303302;Hrana
TORTA ÈOKO MALINA 850 g;354982;Bäckerei SPAR;0.9400;kg;13.99;14.88;;;02.05.2025;13.99;;Hrana
NAPIT.BOOM BOX ZOB.BARIS.1 L ;354987;Boom Box;1.0000;l;3.29;3.29;;;02.05.2025;3.29;3858890478778;Piæa
NAPIT.BOOM BOX ZOB.BAD.500 ml;354988;Boom Box;0.5000;l;1.99;3.98;;;02.05.2025;1.99;3858890478792;Piæa
NAPIT.BOOM BOX ZOB.LJE©.500 ml;354989;Boom Box;0.5000;l;1.99;3.98;;;02.05.2025;1.99;3858890478815;Piæa
®ITNA KA©.HIPP ®ITAR.BAN.200 g;355032;Hipp;0.2000;kg;2.78;13.90;;;02.05.2025;2.78;9062300134572;Hrana
VOÆNA ZAB.BEBI.JAB.JAG.KR.90 g;355033;Bebivita;0.0900;kg;1.09;12.11;;;02.05.2025;1.1;4018852017998;Hrana
NAPITAK HIPP VODA JAB.500 ml;355034;Hipp;0.5000;l;1.82;3.64;;;02.05.2025;1.82;4062300395572;Piæa
NAPITAK HIPP JAB.CR.GRO.500 ml;355035;Hipp;0.5000;l;1.82;3.64;;;02.05.2025;1.82;4062300393639;Piæa
ZOB.KA©A LJE©.ÈOKO.BOOM B.60 g;355051;Atlantic Trade;0.0600;kg;0.99;16.50;;;02.05.2025;0.99;3858890478075;Hrana
ZOB.KA©A KOKOS ÈOKOLA.B.B.60 g;355056;Atlantic Trade;0.0600;kg;0.99;16.50;;;02.05.2025;0.99;3858890478112;Hrana
ZOB.KA©A MALINA VANIL.B.B.60 g;355057;Atlantic Trade;0.0600;kg;0.99;16.50;;;02.05.2025;0.99;3858890478136;Hrana
HRANA ZA MAÈKE FEL.PIL.4X85 g;355068;Felix;0.3400;kg;2.79;8.21;;;02.05.2025;2.79;7613287491640;Proizvodi za kuæanstvo
HRANA ZA MAÈ.FEL.GOV.PI.4X85 g;355069;Felix;0.3400;kg;2.79;8.21;;;02.05.2025;2.79;7613287491695;Proizvodi za kuæanstvo
HRANA ZA MAÈKE FEL.LOS.4X85 g;355070;Felix;0.3400;kg;2.79;8.21;;;02.05.2025;2.79;7613287491725;Proizvodi za kuæanstvo
HRANA ZA MAÈKE FEL.RIBA 4X85 g;355071;Felix;0.3400;kg;2.79;8.21;;;02.05.2025;2.79;7613287491770;Proizvodi za kuæanstvo
HRANA ZA MAÈKE FEL.PIL.MR.85 g;355072;Felix;0.0850;kg;0.79;9.29;;;02.05.2025;0.79;7613287490223;Proizvodi za kuæanstvo
HRANA ZA MAÈKE FEL.GOV.RA.85 g;355075;Felix;0.0850;kg;0.79;9.29;;;02.05.2025;0.79;7613287490179;Proizvodi za kuæanstvo
HRANA ZA MAÈKE FELIX ZEC 85 g;355079;Felix;0.0850;kg;0.79;9.29;;;02.05.2025;0.79;7613287487773;Proizvodi za kuæanstvo
HRANA ZA MAÈKE FELIX PILE.85 g;355083;Felix;0.0850;kg;0.79;9.29;;;02.05.2025;0.79;7613287490117;Proizvodi za kuæanstvo
HRANA ZA MAÈKE FELIX GOVE.85 g;355086;Felix;0.0850;kg;0.79;9.29;;;02.05.2025;0.79;7613287489593;Proizvodi za kuæanstvo
HRANA ZA MAÈKE FELIX PILE.85 g;355090;Felix;0.0850;kg;0.79;9.29;;;02.05.2025;0.79;7613287489975;Proizvodi za kuæanstvo
HRANA ZA MAÈKE FELIX LOS.85 g;355091;Felix;0.0850;kg;0.79;9.29;;;02.05.2025;0.79;7613287489999;Proizvodi za kuæanstvo
HRANA ZA MAÈKE FEL.RIB.12X85 g;355094;Felix;1.0200;kg;6.79;6.66;;;02.05.2025;6.79;7613287495419;Proizvodi za kuæanstvo
HRANA ZA MAÈKE FEL.ME.12X85 g;355095;Felix;1.0200;kg;6.79;6.66;;;02.05.2025;6.79;7613287495280;Proizvodi za kuæanstvo
HRANA ZA MAÈKE FEL.MESO 4X85 g;355097;Felix;0.3400;kg;2.79;8.21;;;02.05.2025;2.79;7613287491749;Proizvodi za kuæanstvo
USKR.POKLON PAKET INCO 120 g;355109;;0.1200;kg;1.39;11.58;;1.39;02.05.2025;1.39;5901812690036;Hrana
SPAR ENJOY VI.MALINA LIM.0,5 L;355113;SPAR enjoy;0.5000;l;1.35;2.70;;;02.05.2025;1.32;9100000966595;Piæa
VINO BLATO ROSE R. ZOI  0,75 L;355117;;0.7500;L;9.59;12.79;;;02.05.2025;9.59;3859888154773;Piæa
VINO BLATO MERLOT ZOI  0,75 L;355118;;0.7500;L;7.59;10.12;;;02.05.2025;7.59;3859888154810;Piæa
ÈOK.FIG.HOLLOW USKRS 35 g;355121;Ferrero;0.0350;kg;;5.43;0.19;0.49;02.05.2025;0.49;80848349;Hrana
ZAÈIN NATUR PUR KIM BIO 50 g;355125;Natur pur;0.0500;kg;3.99;79.80;;;02.05.2025;3.99;9100000939063;Hrana
ZAÈ.NATUR PUR ORIGANO BIO 14 g;355127;Natur pur;0.0140;kg;3.99;285.00;;;02.05.2025;3.99;9100000939100;Hrana
ZAÈ.NATUR PUR PER©IN BIO 16 g ;355130;Natur pur;0.0160;kg;3.99;249.38;;;02.05.2025;3.99;9100000939049;Hrana
ZAÈIN MJ.VEGETA PODR.BIO 120 g;355135;Vegeta;0.1200;kg;2.79;23.25;;;02.05.2025;2.79;3856020245337;Hrana
TJE.ZL.POLJE JU©.REZANCI 250 g;355136;Zlato Polje;0.2500;kg;1.99;7.96;;;02.05.2025;1.99;3838700011463;Hrana
TJE.ZL.POLJE VALJANI REZ.400 g;355137;Zlato Polje;0.4000;kg;2.79;6.98;;;02.05.2025;2.79;3838700010480;Hrana
VINO ROSE MATU©KO SELC. 0,75 L;355139;;0.7500;L;12.02;16.03;;;02.05.2025;12.02;3859889396752;Piæa
VINO MATU©KO PO©IP 0,75 L;355140;;0.7500;L;11.92;15.89;;;02.05.2025;11.92;3859889396455;Piæa
OMEK©.SPLEND.SOMMERF.1,5L;355145;Splendid;1.5000;L;2.99;1.99;;;02.05.2025;2.98;9100000156965;Sredstva za èi¹æenje
OMEK©.SPLEN.STERNENHIMMEL 1,5L;355146;Splendid;1.5000;L;2.99;1.99;;;02.05.2025;2.98;9100000156880;Sredstva za èi¹æenje
OMEK©.SPLEND.FRISCH BRISE 1,5L;355147;Splendid;1.5000;L;2.99;1.99;;;02.05.2025;2.98;9100000156941;Sredstva za èi¹æenje
®ITAR.ENCIAN CHOCO BALLS 250 g;355148;Encian;0.2500;kg;2.69;10.76;;;02.05.2025;2.69;3858890104516;Hrana
KREMA TIP MASCARP.VEGAN 250 g;355157;;0.2500;kg;2.39;9.56;;;02.05.2025;2.39;5999884968092;Hrana
PANIR.KLJE©TA RAKA VICI 250 g;355158;Vici;0.2500;kg;2.39;9.56;;;02.05.2025;2.39;4770190036900;Hrana
PRIPRAVAK ZA KUH.HALTA 500 ml;355161;Halta;0.5000;L;1.99;3.98;;;02.05.2025;1.99;8004172000495;Hrana
VINO KG VRANAC 2 L;355165;;2.0000;L;4.59;2.30;;;02.05.2025;4.59;3859891270101;Piæa
SOL FINISH 1,2 kg;355169;Finish;1.2000;kg;2.39;1.99;;;02.05.2025;2.39;4002448046424;Sredstva za èi¹æenje
MUFFIN FREE FROM 60 g;355179;SPAR free from;0.0600;kg;1.59;26.50;;;02.05.2025;1.59;3856021220456;Hrana
MUFFIN FREE FROM KAKAO 60 g;355180;SPAR free from;0.0600;kg;1.59;26.50;;;02.05.2025;1.59;3856021220463;Hrana
JOG.BIO PROBI.BIFIDUS NP 1 kg;355185;Natur pur;1.0000;kg;2.69;2.69;;;02.05.2025;2.59;9100000965635;Hrana
FERIM.BIO PROIZ.ZOB/BOR.400 g;355187;Natur pur;0.4000;kg;2.29;5.73;;;02.05.2025;2.29;9100000964430;Hrana
ULO.LIBRES.DNEV.EXTR.LONG 54/1;355188;Libresse;54.0000;kom;4.49;0.08;;;02.05.2025;2.59;7322541471853;Toaletne potrep¹tine
SPAR VITAM.ZRNCA NARANÈA 200 g;355194;SPAR Qualitätsmarke;0.2000;kg;1.49;7.45;;;02.05.2025;1.46;3856021219474;Piæa
SPAR VITAM.ZRNCA LIMUN 200 g;355195;SPAR Qualitätsmarke;0.2000;kg;1.49;7.45;;;02.05.2025;1.46;3856021219498;Piæa
Osliæ filet;355196;;1.0000;kg;17.49;17.49;;;02.05.2025;16.99;3856024302296;Hrana
D.ROLL-ON NIVEA MEN DEEP 50 ml;355200;Nivea;0.0500;l;4.99;99.80;;;02.05.2025;4.99;9005800353012;Kozmetika
DEO SPR.NIVEA MEN DEEP 150 ml;355201;Nivea;0.1500;l;4.99;33.27;;;02.05.2025;4.99;9005800379517;Kozmetika
PILE.PAN.MINI FILE SB 900 g;355202;S-Budget;0.9000;kg;8.99;9.99;;;02.05.2025;8.99;3856021219511;Hrana
PILE.PANIRANI ODRESCI SB 900 g;355204;S-Budget;0.9000;kg;8.99;9.99;;;02.05.2025;8.99;3856021219535;Hrana
©AMP.ELSEVE HYALURON 250 ml;355207;Elseve;0.2500;l;;13.16;3.29;4.39;02.05.2025;4.39;3600524029500;Kozmetika
PUD.PROTEIN ÈOK.ZOTT 200 g ;355208;Zott;0.2000;kg;;4.45;0.89;1.19;02.05.2025;1.19;4014500519142;Hrana
PUD.PROTEIN VAN. ZOTT 200 g;355210;Zott;0.2000;kg;;4.45;0.89;1.19;02.05.2025;1.19;4014500519180;Hrana
JOG.VOÆ. PROTEIN ZOTT 200 g;355211;Zott;0.2000;kg;1.19;5.95;;;02.05.2025;1.19;4014500519159;Hrana
REG.ELSEV.HYALURON  200 ml;355214;Elseve;0.2000;l;;16.45;3.29;4.39;02.05.2025;4.39;3600524029753;Kozmetika
DATULJA MAZAFATI 600 g;355215;;0.6000;kg;2.76;4.60;;2.74;02.05.2025;2.76;3872084015051;Hrana
MASKA ELSEVE HYALURON 300 ml;355216;Elseve;0.3000;l;6.95;23.17;;;02.05.2025;6.95;3600524033552;Kozmetika
SERUM ELSEVE HYALURON 150 ml;355218;Elseve;0.1500;l;6.99;46.60;;;02.05.2025;6.99;3600524032425;Kozmetika
ÈIPS LAY´S SLANI 200 g;355220;Lays;0.2000;kg;2.69;13.45;;2.69;02.05.2025;2.99;8606017377511;Hrana
ÈIPS LAY´S PIK.PAPRIKA 200 g;355222;Lays;0.2000;kg;2.69;13.45;;2.69;02.05.2025;2.99;8606017377535;Hrana
ÈOK.JAJA +RAJF 100 g;355225;Baron Company;0.1000;kg;;9.90;0.99;1.99;02.05.2025;1.99;5907443605951;Hrana
NAMAZ PREMIUM SU©.RAJÈ.180 g;355228;SPAR PREMIUM;0.1800;kg;2.89;16.06;;;02.05.2025;2.89;8001300243359;Hrana
NAMAZ PREMIUM CRNE MASL.180 g;355230;SPAR PREMIUM;0.1800;kg;2.89;16.06;;;02.05.2025;2.89;8001300243328;Hrana
NAMAZ PREMIUM TUNA 180 g;355231;SPAR PREMIUM;0.1800;kg;4.09;22.72;;;02.05.2025;4.09;8001300243373;Hrana
TJ.BARILLA CELLENTANI IN.500 g;355239;Barilla;0.5000;kg;3.09;6.18;;;02.05.2025;3.09;8076809575485;Hrana
UNIVER.MARAMICE SPLENDID 80/1;355254;Splendid;80.0000;kom;1.98;0.02;;;02.05.2025;1.98;9100000947228;Sredstva za èi¹æenje
MAR.ZA KUPAONICU SPLENDID 50/1;355255;Splendid;50.0000;kom;1.59;0.03;;;02.05.2025;1.59;9100000947259;Sredstva za èi¹æenje
USKR©NJE JAJE VELIKO 160 g;355261;;0.1600;kg;4.99;31.19;;4.99;02.05.2025;4.99;5201709164023;Hrana
BISKV. ROLINO LJE©NJAK  222 g;355268;DESPAR;0.2220;kg;1.69;7.61;;;02.05.2025;1.69;8001300804550;Hrana
©AMP.ELSEVE HYALURON 400 ml;355271;Elseve;0.4000;L;;10.98;4.39;5.89;02.05.2025;5.89;3600524029883;Kozmetika
OSLIÆ FILE CAPE.MSC SPAR 500 g;355282;SPAR;0.5000;kg;4.80;9.60;;;02.05.2025;4.80;3856021219825;Hrana
GEL TU©.BIOBAZA SILK.COM 400ml;355286;Biobaza;0.4000;L;4.89;12.23;;;02.05.2025;4.89;3856020908300;Kozmetika
PIVO GARDEN MILKSHA.IPA 0,33 L;355304;;0.3300;l;2.22;6.73;;;02.05.2025;2.22;3859893153303;Piæa
BIO ©PINAT 400 g;355306;;0.4000;kg;2.89;7.23;;;02.05.2025;2.89;3859893093432;Hrana
BUÐOLA S BUDGET NAREZAK 100 g;355323;S-Budget;0.1000;kg;2.79;27.90;;;02.05.2025;2.79;3856021220098;Hrana
TJEST.MARODI ZVJEZDICE 400 g;355326;;0.4000;kg;2.99;7.48;;;02.05.2025;2.99;3859888666771;Hrana
TJEST.PREMIUM FILINI 250 g;355344;Premium;0.2500;kg;1.59;6.36;;;02.05.2025;1.59;8001300400592;Hrana
TJEST.PREMIUM STELLINE 250 g;355345;Premium;0.2500;kg;1.59;6.36;;;02.05.2025;1.59;8001300400615;Hrana
TJEST.PREMIUM FARFALLINE 250 g;355346;Premium;0.2500;kg;1.59;6.36;;;02.05.2025;1.59;8001300400608;Hrana
BRA©NO PREMIUM TIP 0 1 kg;355349;Premium;1.0000;kg;1.89;1.89;;;02.05.2025;1.85;8001300400851;Hrana
DET.FAKS SUPERAKTIV 3,51 kg;355361;Faks;3.5100;kg;16.99;4.84;;;02.05.2025;16.99;3850105176646;Sredstva za èi¹æenje
©AM.SCHA.GREEN APPLE  400ml;355375;Schauma;0.4000;l;2.99;7.48;;2.79;02.05.2025;2.79;9000101627633;Kozmetika
©AM.SCHA.CHAMOM.EXTR.400 ml;355376;Schauma;0.4000;l;2.99;7.48;;2.79;02.05.2025;2.79;9000101627428;Kozmetika
©AMP.SYOSS DRY DARK 200 ml;355385;Syoss;0.2000;l;6.49;32.45;;;02.05.2025;6.49;9000101658477;Kozmetika
BOJA PALETTE ICC 10-19 SREB.;355401;Palette;1.0000;kom;;3.49;3.49;4.25;02.05.2025;4.25;9000101606942;Kozmetika
BOJA PALETTE ICC 12-21 SREB.;355402;Palette;1.0000;kom;;3.49;3.49;4.25;02.05.2025;4.25;9000101607062;Kozmetika
BOJA PALETTE  PNC 8-16 PEPLJ.;355406;Palette;1.0000;kom;;3.29;3.29;3.89;02.05.2025;3.89;9000101649857;Kozmetika
SPREJ SYOSS ZA©.TOPLINE 200 ml;355410;Syoss;0.2000;kom;;25.95;5.19;5.69;02.05.2025;5.69;9000101049299;Kozmetika
©AMPON SYOSS MEN CLEAN 440 ml;355412;Syoss;0.4400;kom;4.99;11.34;;;02.05.2025;4.49;9000101277197;Kozmetika
BOJA LIVE URBEN METALIC U69;355413;LIVE;1.0000;kom;7.95;7.95;;;02.05.2025;7.95;9000101202779;Kozmetika
ÈOK.USKRS.MIX VREÆICA 126 g;355414;;0.1260;kg;;3.89;0.49;0.99;02.05.2025;0.99;7622201821203;Hrana
USK.ZEC SPEC.MILKA 90 g;355415;Milka;0.0900;kg;;5.44;0.49;0.99;02.05.2025;0.99;7622201821265;Hrana
ENJOY KARAMEL VAFL 80 g;355416;SPAR enjoy;0.0800;kg;1.29;16.13;;;02.05.2025;1.29;9100000786544;Hrana
SOK SPAR NP BIO 100% JABUK.1 L;355421;SPAR Natur*pur;1.0000;l;2.59;2.59;;;02.05.2025;2.59;9100000947440;Piæa
KAPSULE DG NESQIUK 256 g;355425;Nesquik;0.2560;kg;5.29;20.66;;5.29;02.05.2025;6.49;7613033160141;Piæa
KAPSULE DG CA.MACHIATO 146,5 g;355426;;0.1456;kg;5.29;36.33;;5.29;02.05.2025;6.49;7613037788884;Piæa
KAPSULE DG ESPRESSO 88 g;355428;;0.0880;kg;5.29;60.11;;5.29;02.05.2025;6.49;7613037931136;Piæa
NJOKI OD KRUMP.PREMIU 2X 250 g;355434;SPAR PREMIUM;0.5000;kg;2.49;4.98;;;02.05.2025;2.49;8001300610632;Hrana
SIR GORGO.DOLCE DOP PREM.200 g;355437;DESPAR Premium;0.2000;kg;3.29;16.45;;;02.05.2025;3.29;8001300651574;Hrana
TJESTEN.MARODI FILINI 400 g ;355452;;0.4000;kg;2.99;7.48;;;02.05.2025;2.99;3859888666764;Hrana
JOG.FANTASIA ÈOKO.ZVJEZD.102 g;355453;Danone;0.1020;kg;0.99;9.71;;;02.05.2025;0.99;5900643047361;Hrana
JOGURT FANTASIA VI©NJA 118 g;355454;Danone;0.1180;kg;0.99;8.39;;;02.05.2025;0.99;5900643047347;Hrana
SLAD.KING DARK VELVET 220 ml;355460;Ledo;0.2200;L;2.89;13.14;;;02.05.2025;2.89;3850116039558;Hrana
PANIRANI CORDON BLEU XXL 980 g;355469;AiA;0.9800;kg;4.59;4.68;;4.59;02.05.2025;5.99;8008110006686;Hrana
LOSOS ODREZAK S BUDGET;355477;S-BUDGET;1.0000;kg;13.49;13.49;;;02.05.2025;16.29;3856021221255;Hrana
LOSOS FILE S BUDGET;355478;S-BUDGET;1.0000;kg;15.99;15.99;;;02.05.2025;18.99;3856021221149;Hrana
VINO BABICH SAUVIGNON 0,75 L;355503;;0.7500;L;10.65;14.20;;;02.05.2025;10.65;9414603101100;Piæa
VINO KUPINOVO ÈOKA 0,75 L;355504;;0.7500;L;6;8.00;;;02.05.2025;6;8606106842012;Piæa
VINO LA CELIA CABER.FRA.0,75 L;355505;;0.7500;L;9.98;13.31;;;02.05.2025;9.98;7798081661335;Piæa
ÈOK.KANDI DARK NUT BD© 80 g;355508;Kandit;0.0800;kg;;37.38;2.99;3.49;02.05.2025;3.49;3856024803694;Hrana
SRED.ZA KAMENAC DURGOL 750 ml;355511;Durgol;0.7500;L;5.37;7.16;;;02.05.2025;5.37;7610243009710;Sredstva za èi¹æenje
TORTA SLAVLJENICA LEDO 650 g;355565;Ledo;0.6500;kg;9.99;15.37;;;02.05.2025;9.99;3850116042626;Hrana
SALVETE 33x33 cm;355570;;1.0000;kom;2.12;2.12;;;02.05.2025;2.12;9001632903685;Proizvodi za kuæanstvo
SRED.FROSCH ZA MRLJE 75 ml;355575;Frosch;0.0750;L;2.12;28.27;;;02.05.2025;2.12;4001499923746;Sredstva za èi¹æenje
SRED.ZA PEÆNICU SIDOL 250 ml;355577;Sidol;0.2500;L;2.49;9.96;;;02.05.2025;2.49;9003200419857;Sredstva za èi¹æenje
BOMB.MARSH.BBQ SPAR 300 g;355578;SPAR;0.3000;kg;2.49;8.30;;;02.05.2025;2.49;9100000827544;Hrana
LIGNJA FROZY NEOÈ.PATAG.500 g;355587;Frozy;0.5000;kg;7.25;14.50;;;02.05.2025;7.25;3858891045191;Hrana
JADRANS.KOZICE OÈI©ÆENE 250 g;355588;Frozy;0.2500;kg;6.99;27.96;;;02.05.2025;6.99;3858891045214;Hrana
LIG.PATA.KOLUT.I.KRAKOVI 400 g;355589;Frozy;0.4000;kg;6.99;17.48;;;02.05.2025;6.99;3858891045016;Hrana
KREMA AFRODITA BB LIGHT 30 ml;355650;Afrodita;0.0300;l;10.79;359.67;;;02.05.2025;10.79;3831070656180;Kozmetika
LOSION NIVEA ALOE 400 ml;355654;Nivea;0.4000;l;6.99;17.48;;;02.05.2025;6.99;9005800286761;Kozmetika
DET.ORNEL GOLDEN DREAM 2,34 kg;355658;Ornel;2.3400;kg;10.59;4.53;;;02.05.2025;10.59;3850105180124;Sredstva za èi¹æenje
©AM.SCHAUMA KIDS RASP 400 ml;355660;Schauma;1.0000;kom;3.99;3.99;;3.79;02.05.2025;3.79;9000101657593;Kozmetika
©AM.SCHAUMA KIDS BLUE 400 ml;355661;Schauma;1.0000;kom;3.99;3.99;;3.79;02.05.2025;3.79;9000101657715;Kozmetika
ÈOKO.NESTLE ZA KUH. LAIT 170 g;355668;Nestle;0.1700;kg;5.49;32.29;;;02.05.2025;4.49;7613035587793;Hrana
NEKTAR  HAPPY DAY BRESKVA 1 L;355670;Happy Day;1.0000;l;2.39;2.39;;;02.05.2025;2.39;9008700181747;Piæa
NEKTAR  HAPPY DAY ANANAS 1 L;355672;Happy Day;1.0000;l;2.39;2.39;;;02.05.2025;2.39;9008700181808;Piæa
NEKTAR HAPPY DAY VI©NJA 1 L;355673;Happy Day;1.0000;l;2.39;2.39;;;02.05.2025;2.39;9008700181846;Piæa
PIVO ZMAJSKA PIVOV.PILS 0,5 L;355677;;0.5000;l;2.42;4.84;;;02.05.2025;2.42;3859893414404;Piæa
PIVO ZMAJSKO THERAPY 0,5 L;355680;;0.5000;l;2.62;5.24;;;02.05.2025;2.62;3858895210168;Piæa
PIVO ZMAJSKO PALE ALE 0,5 L;355681;;0.5000;l;2.48;4.96;;;02.05.2025;2.48;3859893414534;Piæa
VIT.VODA OSHEE MAGNESI.0,555 L;355685;;0.5550;l;;2.43;1.35;1.42;02.05.2025;1.69;5908260257712;Piæa
VIT.VODA OSHEE VITAM.C 0,555 L;355687;;0.5550;l;;2.43;1.35;1.42;02.05.2025;1.69;5908260250027;Piæa
VIT.VODA OSHEE MINERAL.0,555 L;355689;;0.5550;l;;2.43;1.35;1.42;02.05.2025;1.69;5908260250522;Piæa
OSHEE VIT.ENERGY VIT.+M 0,25 L;355690;;0.2500;l;1.29;5.16;;;02.05.2025;1.29;5908260257262;Piæa
OSHEE VIT.ENERGY RECOVE.0,25 L;355691;;0.2500;l;1.29;5.16;;;02.05.2025;1.29;5908260255855;Piæa
OSHEE VIT.ENERG.VIT.D+K.0,25 L;355692;;0.2500;l;1.29;5.16;;;02.05.2025;1.29;5908260257286;Piæa
OSHEE IZOTONIC ORANGE 0,75 L;355693;;0.7500;l;;1.80;1.35;1.42;02.05.2025;1.69;5908260257651;Piæa
OSHEE IZOTONIC  LEMON  0,75 L;355694;;0.7500;l;;1.80;1.35;1.42;02.05.2025;1.69;5908260251550;Piæa
OSHEE IZOTON.MULTIFRUIT 0,75 L;355695;;0.7500;l;;1.80;1.35;1.42;02.05.2025;1.69;5908260257637;Piæa
VINO PLAVAC BIB 3 L BARRIQUE;355721;;3.0000;L;10.99;3.66;;;02.05.2025;10.99;3859893940026;Piæa
KEKS JAFFA KOLAÈ CH.BROW.75 g;355759;Jaffa;0.0750;kg;0.99;13.20;;;02.05.2025;0.99;8600114009160;Hrana
SIR DIMSI SLIC.PRESIDENT 150 g;355768;President;0.1500;kg;3.19;21.27;;;02.05.2025;3.19;3850355007127;Hrana
SPAR VR. ZA ZAMR.400ml D. LOCK;355869;SPAR Qualitätsmarke;40.0000;kom;1.59;0.04;;;02.05.2025;1.59;9100000911205;Proizvodi za kuæanstvo
SPAR VREÆI.ZA ZAMRZ.1L D. LOCK;355870;SPAR Qualitätsmarke;20.0000;kom;1.69;0.08;;;02.05.2025;1.69;9100000911229;Proizvodi za kuæanstvo
SPAR VREÆI.ZA ZAMRZ.3L D. LOCK;355872;SPAR Qualitätsmarke;15.0000;kom;1.99;0.13;;;02.05.2025;1.99;9100000911243;Proizvodi za kuæanstvo
SPAR VREÆI.ZA ZAMRZ.6L D. LOCK;355873;SPAR Qualitätsmarke;10.0000;kom;1.99;0.20;;;02.05.2025;1.99;9100000911267;Proizvodi za kuæanstvo
VINO HERCEGO BLATINA 0,75 L;355921;;0.7500;L;4.69;6.25;;;02.05.2025;4.69;3870083000566;Piæa
NAPOLITANKE GULL.VANIL.B©.60 g;355932;Gullon;0.0600;kg;1.19;19.83;;;02.05.2025;1.19;8410376058819;Hrana
NAPOLITANKE GULLON ÈOK.B©.60 g;355934;Gullon;0.0600;kg;1.19;19.83;;;02.05.2025;1.19;8410376058826;Hrana
TABLETE CENTRUM A-Z 30/1;355988;;30.0000;kom;12.99;0.43;;;02.05.2025;12.99;5054563164940;Hrana
TABLETE CENTRUM SILV.50+ 30/1;355989;;30.0000;kom;12.99;0.43;;;02.05.2025;12.99;5054563164964;Hrana
TABLETE CENTRUM WOMEN 30/1;355990;;30.0000;kom;17.99;0.60;;;02.05.2025;17.99;5054563164926;Hrana
NAPIT.ALPRO NOT MILK 3,5% 1 L;355993;Alpro;1.0000;L;;2.59;2.59;3.99;02.05.2025;3.99;5411188134985;Piæa
KUKURUZ ©EÆERAC 400 g +;355994;;0.4000;kg;2.19;5.48;;;02.05.2025;2.19;3859891493371;Hrana
CIKLA VAKUMIRANA 500 g;355996;;0.5000;kg;1.59;3.18;;;02.05.2025;1.59;3859891496723;Hrana
ÈAJ EKO ÐUMBIR LIM.TRAVOM 40 g;355998;Darvitalis;0.0400;kg;3.99;99.75;;;02.05.2025;3.99;3858890834000;Piæa
ÈAJ CANNONA  KONOPLJA 25 g ;356010;;0.0250;kg;4.64;185.60;;;02.05.2025;4.64;3859893683060;Piæa
ÈAJ KONOPLJ.MENTA  25 g;356013;;0.0250;kg;3.98;159.20;;;02.05.2025;3.98;3859893683145;Piæa
ZUB.PASTA AQUAFRESH NATU.75 ml;356052;Aquafresh;0.0750;l;3.89;51.87;;;02.05.2025;3.89;5054563121448;Kozmetika
ULJE PANETE KERATIN 100 ml;356055;Pantene;0.1000;l;7.99;79.90;;;02.05.2025;7.99;8006540124758;Kozmetika
GRA©AK DESPAR 400 g;356073;Despar;0.2700;kg;1.59;5.89;;;02.05.2025;1.59;8001300243571;Hrana
POSL.PEDIG.JUMBONE MAXI 180 g;356080;Pedigree;0.1800;kg;2.19;12.17;;;02.05.2025;2.19;5998749140017;Proizvodi za kuæanstvo
ÈOKOLADNI  MIX  KOLAÈA 500 g;356084;;0.5000;kg;5.29;10.58;;;02.05.2025;5.29;3870622000026;Hrana
 MIX KUGLICE  500 g;356085;;0.5000;kg;4.63;9.26;;;02.05.2025;4.63;3870622000361;Hrana
BOBI STIX PIZZA 35 g;356124;Bobi;0.0350;kg;0.54;15.43;;;02.05.2025;0.54;3858891590844;Hrana
FLIPS BOBI HASTAG LIKE 70 g;356126;Bobi;0.0700;kg;0.95;13.57;;;02.05.2025;0.95;3858891590141;Hrana
PRAL.MILKA GOOD LUCK MOU.110 g;356129;Milka;0.1100;kg;4.79;43.55;;;02.05.2025;3.69;7622210598707;Hrana
TAB.ZA ÈI©ÆENJE DURGOL 10 KOM;356147;Durgol;10.0000;kom;5.49;0.55;;;02.05.2025;5.49;7640170983135;Sredstva za èi¹æenje
MILK SHAKE RAZ.OKUSI SB 230 ml;356170;S-Budget;0.2300;L;0.89;3.87;;;02.05.2025;0.92;9100000939735;Piæa
HREN LUDBRE©KI S JABUKOM 200 g;356171;;0.2000;kg;2.99;14.95;;;02.05.2025;2.99;3859893697067;Hrana
PIVO HEINEKEN 0,5 L 6PACK LIM.;356206;Heineken;3.0000;l;8.77;2.92;;;02.05.2025;8.17;3830001716016;Piæa
GRIZ BELRISO ÈOK/CIMET 130 g;356226;Zott;0.1300;kg;0.89;6.85;;;02.05.2025;0.89;4014500519456;Hrana
GRIZ BELRISO JAG/©UM.VOÆ.130 g;356228;Zott;0.1300;kg;0.89;6.85;;;02.05.2025;0.89;4014500519463;Hrana
©UNKA PILEÆA LINO 60 g;356230;Lino;0.0600;kg;1.69;28.17;;;02.05.2025;1.69;3856020257064;Hrana
©UNKA PUREÆA LINO 60 g;356231;Lino;0.0600;kg;1.69;28.17;;;02.05.2025;1.69;3856020257033;Hrana
NAMAZ PHILADELP.PROTEIN 175 g;356232;Philadelphia;0.1750;kg;3.39;19.37;;;02.05.2025;3.39;7622201637071;Hrana
JOGURT ACTIVIA MIX ®ITAR.168 g;356233;Danone;0.1680;kg;1.49;8.87;;;02.05.2025;1.49;5941209010115;Hrana
REG.SCHAUMA 7HERBS 250 ml;356259;Schauma;0.2500;L;2.99;11.96;;2.79;02.05.2025;2.79;9000101658088;Kozmetika
REG.SCHAUMA REPAIR&C 250 ml;356262;Schauma;0.2500;L;2.99;11.96;;2.79;02.05.2025;2.79;9000101658163;Kozmetika
KAKAO PRAH S-BUDGET 250 g;356273;S-Budget;0.2500;kg;5.99;23.96;;;02.05.2025;5.99;9100000963976;Hrana
SIR PEC.ROMAN.DOP DESPAR 200 g;356293;Despar;0.2000;kg;5.99;29.95;;;02.05.2025;5.99;8001300653035;Hrana
KREKER VIC SLANI 150 g;356301;Vic;0.1500;kg;1.29;8.60;;;02.05.2025;1.29;3850102522040;Hrana
PJENA NIVEA ROSE ÈI©.LI.150 ml;356310;Nivea;0.1500;L;9.59;63.93;;;02.05.2025;9.59;9005800356464;Kozmetika
ÈETK.CURAPROX  CS3960 SUPERSOF;356311;Curaprox;1.0000;kom;5.25;5.25;;;02.05.2025;5.25;7612412396003;Kozmetika
PERECI SLANI ENJOY 100 g;356312;SPAR enjoy;0.1000;kg;1.09;10.90;;;02.05.2025;1.15;3856021220418;Hrana
PUTNI SET CURAPROX;356313;Curaprox;1.0000;KOM;11.99;11.99;;;02.05.2025;11.99;7612412428889;Kozmetika
KAVA MLJEVENA ANAMARIA 1000 g;356338;Anamarija;1.0000;kg;13.99;13.99;;;02.05.2025;13.99;3858881775701;Piæa
TONIK  AFRODITA COLLAGE.100 ml;356358;Afrodita;0.1000;l;11.49;114.90;;;02.05.2025;11.49;3831070659136;Kozmetika
STUDENTSKI MIKS S BUDGET 200 g;356365;S-Budget;0.2000;kg;2.39;11.95;;;02.05.2025;1.99;9100000780009;Hrana
ZUB.PAS.KALODONT ZEOLIT 75 ml;356386;Kalodont;0.0750;l;1.79;23.87;;;02.05.2025;1.79;3850105178558;Kozmetika
RI®A SCOTTI VENERE 500 g;356387;Scotti;0.5000;kg;3.49;6.98;;;02.05.2025;4.59;8001860187735;Hrana
RI®A SCOTTI VENERE 230 g;356388;Scotti;0.2300;kg;2.49;10.83;;;02.05.2025;3.45;8001860187711;Hrana
RI®A SCOTTI VENERE POKE 230 g;356389;Scotti;0.2300;kg;2.49;10.83;;;02.05.2025;3.45;8001860187704;Hrana
USKR©NJE PISANIC.¨PRUGICE¨ 6/1;356407;Exclusive bei SPAR;6.0000;kom;2.99;0.50;;;02.05.2025;2.99;9001408070016;Hrana
SOL KUHINJ.TUZLA KAMENA 500 g;356412;Tuzlanska Sol;0.5000;kg;0.49;0.98;;;02.05.2025;0.46;3870009000038;Hrana
CRNI BAKALAR FILET LEDO 400 g;356429;Ledo;0.4000;kg;9.99;24.98;;;02.05.2025;9.99;3850116048710;Hrana
GAZI.PIÆE COCKTA BLONDIE 1,5 L;356430;Cockta;1.5000;l;1.78;1.19;;;02.05.2025;1.45;3838471047326;Piæa
GAZI.PIÆE COCKTA BLONDIE 0,5 L;356432;Cockta;0.5000;l;1.22;2.44;;;02.05.2025;1.22;3838471047302;Piæa
KREMA VEET ZA DEP.SENSI.200 ml;356434;Veet;0.2000;L;7.99;39.95;;;02.05.2025;7.99;5997321774695;Kozmetika
VL.MARAM.BIBO KAMILICA 4X80 ;356456;Bibo;320.0000;kom;4.49;0.01;;;02.05.2025;4.49;3859890063520;Toaletne potrep¹tine
KOZICE S BUDGET 300 g;356464;S-BUDGET;0.3000;kg;3.79;12.63;;;02.05.2025;3.79;3856021220074;Hrana
VINO CHARDONNAY BORTOLI 0,75 L;356496;;0.7500;L;4.27;5.69;;;02.05.2025;4.27;9300752305707;Piæa
VINO MU©KAT GC FM 0,75 L;356497;;0.7500;L;6.27;8.36;;;02.05.2025;6.27;8004305093073;Piæa
VINO PINOT GRIGIO 0,75 L FM;356498;;0.7500;L;6.27;8.36;;;02.05.2025;6.27;8004305093028;Piæa
LIKER MALIBU 1 L;356499;;1.0000;L;21.82;21.82;;;02.05.2025;21.82;5010284100025;Piæa
PJEN.VINO FRAN.STELLA 0,75 L;356500;;0.7500;L;13.52;18.03;;;02.05.2025;13.52;3857500010384;Piæa
VINO ANTUN.PINOT NOIR 0,75 L;356501;;0.7500;L;9.62;12.83;;;02.05.2025;9.62;3859892364021;Piæa
VINO ROSSO PLAVAC 5 L BIB;356502;;5.0000;L;17.19;3.44;;;02.05.2025;17.19;3859893940019;Piæa
SLAD.MAJESTIC KING LEDO 100 ml;356503;Ledo;0.1000;L;2.79;27.90;;;02.05.2025;2.79;3850116039527;Hrana
LEDEN.ÈAJ S-BUDGET LIMUN 1,5 L;356513;S-Budget;1.5000;l;1.08;0.72;;;02.05.2025;1.08;9100000114583;Piæa
LED.ÈAJ S-BUDGET BRESKVA 1,5 L;356514;S-Budget;1.5000;l;1.08;0.72;;;02.05.2025;1.08;9100000114606;Piæa
©UNKA PUREÆA PEÈENA 100 g;356543;Pik;0.1000;kg;2.59;25.90;;;02.05.2025;2.59;3850139522150;Hrana
ÈOK.KINDER BUENO MULTI.107,5 g;356547;Kinder;0.1075;kg;2.49;23.16;;;02.05.2025;2.49;8000500383056;Hrana
PINCA SA ÈOKO KOMAD.PAK. 100 g;356551;;0.1000;kg;1.29;12.90;;;02.05.2025;1.29;3850151241596;Hrana
SR.DR.BECKMANN ZA PEÆNI.375 ml;356555;Dr. Beckmann;0.3750;l;3.99;10.64;;;02.05.2025;3.99;4008455602615;Sredstva za èi¹æenje
SPR.NIVE.SUN KIDS SPF50+270 ml;356557;Nivea;0.2700;l;23.99;88.85;;;02.05.2025;23.99;9005800352190;Kozmetika
SLAD.SILK MILK LEDO 6x65 ml;356563;Ledo;0.3900;L;5.99;15.36;;;02.05.2025;5.99;3850116048543;Hrana
SLAD.KING MAJEST.LEDO 3x100 ml;356565;King;0.3000;L;6.99;23.30;;;02.05.2025;6.99;3850116039640;Hrana
LASAGNE BOLOGNESE LEDO 450 g ;356576;Ledo;0.4500;kg;3.99;8.87;;;02.05.2025;3.99;3850116990163;Hrana
DET. JAR RED FRUITS 905 ml;356603;Jar;0.9050;l;5.49;6.07;;;02.05.2025;5.49;8006540355503;Sredstva za èi¹æenje
PAS.CURAPROX KIDS JAGODA 60 ml;356604;Curaprox;0.0600;L;7.49;124.83;;;02.05.2025;7.49;7612412429657;Kozmetika
PAS.CURAPROX KIDS MENTA 60 ml;356606;Curaprox;0.0600;L;7.49;124.83;;;02.05.2025;7.49;7612412429633;Kozmetika
ÈETKICA CURAPROX BABY 1/1;356608;Curaprox;1.0000;KOM;5.25;5.25;;;02.05.2025;5.25;7612412428100;Toaletne potrep¹tine
DET. JAR CITRUS 905 ml;356609;Jar;0.9050;l;5.49;6.07;;;02.05.2025;5.49;8006540355428;Sredstva za èi¹æenje
DET. JAR RED FRUIT 650 ml;356610;Jar;0.6500;l;2.99;4.60;;2.89;02.05.2025;2.89;8006540355466;Sredstva za èi¹æenje
DET. JAR CITRUS 650 ml;356612;Jar;0.6500;l;3.99;6.14;;;02.05.2025;3.99;8006540355381;Sredstva za èi¹æenje
VL.TP BIBO SENSITIVE 60/1 ;356614;Bibo;60.0000;kom;1.59;0.03;;;02.05.2025;1.59;3859890063742;Toaletne potrep¹tine
VL.MAR.BIBO S MASLINOM 60/1;356617;Bibo;60.0000;kom;1.25;0.02;;;02.05.2025;1.25;3859890063339;Toaletne potrep¹tine
ULO©CI ALWAYS ULTRA NIGHT 24/1;356625;Always;24.0000;kom;4.45;0.19;;;02.05.2025;4.45;8006540093764;Toaletne potrep¹tine
ULO©CI ALWAYS ULTRA MAXI 6/1;356629;Always;6.0000;kom;1.50;0.25;;;02.05.2025;1.50;8006540538258;Toaletne potrep¹tine
SIRUP S-BUDGET MULTIVITAMI.1 L;356632;S-Budget;1.0000;l;2.42;2.42;;;02.05.2025;2.42;3856021221101;Piæa
SAPUN LAHOR NATURAL 80 g;356634;Lahor;0.0800;kg;0.89;11.13;;;02.05.2025;0.89;3850105177049;Kozmetika
SAPUN LAHOR AROMATHERAPY 80 g;356635;Lahor;0.0800;kg;0.89;11.13;;;02.05.2025;0.89;3850105177162;Kozmetika
SIRUP S-BUDGET BAZGA 1 L;356637;S-Budget;1.0000;l;2.49;2.49;;;02.05.2025;2.42;3856021220968;Piæa
SIRUP S-BUDGET VI©NJA 1 L;356638;S-Budget;1.0000;l;2.49;2.49;;;02.05.2025;2.42;3856021220944;Piæa
SIRUP S-BUDGET BRUSNICA 1 L;356639;S-Budget;1.0000;l;2.49;2.49;;;02.05.2025;2.42;3856021220784;Piæa
SIRUP S-BUDGET JABUKA/BAZG.1 L;356640;S-Budget;1.0000;l;2.49;2.49;;;02.05.2025;2.42;3856021220821;Piæa
SIRUP S-BUDGET L.ÈAJ BRESK.1 L;356641;S-Budget;1.0000;l;2.49;2.49;;;02.05.2025;2.42;3856021220845;Piæa
SIRUP S-BUDGET LIMUN/LIMET.1 L;356642;S-Budget;1.0000;l;2.49;2.49;;;02.05.2025;2.42;3856021220869;Piæa
SIRUP S-BUDGET BOROVNICA 1 L;356643;S-Budget;1.0000;l;2.49;2.49;;;02.05.2025;2.42;3856021220760;Piæa
SIRUP S-BUDGET JABUKA 1 L;356644;S-Budget;1.0000;l;2.49;2.49;;;02.05.2025;2.42;3856021220807;Piæa
SIRUP S-BUDGET MARELICA 1 L;356646;S-Budget;1.0000;l;2.49;2.49;;;02.05.2025;2.42;3856021220906;Piæa
SIRUP S-BUDGET NARANÈA 1 L;356647;S-Budget;1.0000;l;2.49;2.49;;;02.05.2025;2.42;3856021220920;Piæa
SIRUP S-BUDGET MALINA 1 L;356648;S-Budget;1.0000;l;2.49;2.49;;;02.05.2025;2.42;3856021220883;Piæa
SIRUP S-BUDGET NARANÈA 3 L;356649;S-Budget;3.0000;l;6.29;2.10;;;02.05.2025;6.27;3856021221064;Piæa
SIRUP S-BUDGET MARELICA 3 L;356650;S-Budget;3.0000;l;6.29;2.10;;;02.05.2025;6.27;3856021221040;Piæa
SIRUP S-BUDGET LIMUN/LIMET.3 L;356651;S-Budget;3.0000;l;6.29;2.10;;;02.05.2025;6.27;3856021221026;Piæa
SIRUP S-BUDGET BOROVNICA 3 L;356652;S-Budget;3.0000;l;6.29;2.10;;;02.05.2025;6.27;3856021220982;Piæa
SIRUP S-BUDGET L.ÈAJ BRESK.3 L;356653;S-Budget;3.0000;l;6.29;2.10;;;02.05.2025;6.27;3856021221002;Piæa
NEK.HAPPY DAY JAGODA 35% 1 L;356663;Happy Day;1.0000;l;2.39;2.39;;;02.05.2025;2.39;9008700181785;Piæa
LED.ÈAJ YIPPY ©UMS.VOÆE 0,33 L;356666;;0.3300;l;1.39;4.21;;;02.05.2025;1.39;9008700201032;Piæa
LEDEN.ÈAJ YIPPY BRESKVA 0,33 L;356667;;0.3300;l;1.39;4.21;;;02.05.2025;1.39;9008700200998;Piæa
KRUH TAMNI SA SJEMENKAMA 500 g;356668;;0.5000;kg;4.59;9.18;;;02.05.2025;4.59;3859893454189;Hrana
KRUH  POLUBIJELI  500 g;356669;;0.5000;kg;4.79;9.58;;;02.05.2025;4.79;3859893454172;Hrana
PIÆE GRIN MALINA 0,5 L LIMENKA;356682;;0.5000;L;2.02;4.04;;;02.05.2025;2.02;3858895210205;Piæa
PIÆE GRIN LIMETA 0,5 L LIM;356684;;0.5000;L;2.02;4.04;;;02.05.2025;2.02;3858895210229;Piæa
KAVA MLJEVENA S BUDGET 500 g;356693;S-Budget;0.5000;kg;6.79;13.58;;;02.05.2025;6.79;9100100155004;Piæa
KAP.S-BUDGET BEZ KOFEINA 156 g;356695;S-BUDGET;0.1560;kg;8.49;54.42;;;02.05.2025;8.49;9100000963914;Piæa
ZAÈ.PARIKA DIMLJENA KOT.100 g ;356696;Kotanyi;0.1000;kg;3.39;33.90;;;02.05.2025;3.05;9001414204948;Hrana
ZAÈ.PAPAR CRNI ZRNO KOTA.100 g;356697;Kotanyi;0.1000;kg;4.49;44.90;;;02.05.2025;3.98;9001414006948;Hrana
ZAÈ.PAPAR CRNI MLJ.KOTA.120 g ;356698;Kotanyi;0.1200;kg;5.19;43.25;;;02.05.2025;4.64;9001414007174;Hrana
OSLIÆ BEZ GLAVE LEDO 400 g;356699;Ledo;0.4000;kg;3.90;9.75;;;02.05.2025;3.90;3850116048659;Hrana
VEGG.SPAR KAISERKRAINER 175 g;356700;SPAR;0.1750;kg;3.49;19.94;;;02.05.2025;3.49;9100000949604;Hrana
ZAÈ.PAP.©ARENI ZRNO KOTA.100 g;356701;Kotanyi;0.1000;kg;5.19;51.90;;;02.05.2025;4.64;9001414208526;Hrana
VEGETER.NAREZAK ©UNKA VE 80 g;356702;SPAR;0.0800;kg;1.89;23.63;;;02.05.2025;1.89;9100000966694;Hrana
ZAÈ.PAPAR ©ARENI ZRNO VEG.14 g;356714;Podravka;0.0140;kg;;63.57;0.89;1.49;02.05.2025;1.49;3856020202644;Hrana
ZAÈ.KURKUMA VEGETA PODR.110 g;356715;Podravka;0.1100;kg;;15.18;1.67;2.79;02.05.2025;2.79;3856020256326;Hrana
ZAÈ.SOL MORSKA VEG.MAES.100 g;356718;Podravka;0.1000;kg;2.79;27.90;;;02.05.2025;2.79;3856020222314;Hrana
ZAÈ.PER©IN LIST VEGETA MA.30 g;356719;Podravka;0.0300;kg;;55.67;1.67;2.79;02.05.2025;2.79;3856020256265;Hrana
ZA.VEG.NAT.GRILL CLASSIC 100 g;356720;Podravka;0.1000;kg;2.19;21.90;;;02.05.2025;2.19;3856020251611;Hrana
ZAÈ.VEG.NATUR PILETINA 100 g;356721;Podravka;0.1000;kg;2.19;21.90;;;02.05.2025;2.19;3856020251581;Hrana
ZAÈ.VEG.NAT.AZIJSKA JELA 30 g;356722;Podravka;0.0300;kg;1.19;39.67;;;02.05.2025;1.19;3856020237608;Hrana
ZAÈ.CIMET VEGETA MAESTRO 70 g;356724;Podravka;0.0700;kg;;24.71;1.73;2.89;02.05.2025;2.89;3856020203092;Hrana
ZAÈ.PAPAR CRNI VEG.MAEST.50 g;356726;Podravka;0.0500;kg;;28.60;1.43;2.39;02.05.2025;2.39;3850104294822;Hrana
ZAÈ.ÈE©NJAK VEG.MAESTRO 55 g;356728;Podravka;0.0550;kg;;28.18;1.55;2.59;02.05.2025;2.59;3856020233143;Hrana
KREMA AFRODITA SPF 30 50 ml;356729;Afrodita;0.0500;l;10.99;219.80;;;02.05.2025;10.99;3831070659198;Kozmetika
KREMA AFRODITA SPF 50 50 ml;356730;Afrodita;0.0500;l;15.99;319.80;;;02.05.2025;15.99;3831070658955;Kozmetika
MARMELADA SUN AFRODITA 200 ml;356732;Afrodita;0.2000;l;16.99;84.95;;;02.05.2025;16.99;3831070658931;Kozmetika
MARMEL.AFRODITA ULJE F6 150 ml;356733;Afrodita;0.1500;l;15.49;103.27;;;02.05.2025;15.49;3831070659013;Kozmetika
©TAPIÆI ULKER  CLIP SIR 100 g;356735;Ulker;0.1000;kg;1.09;10.90;;;02.05.2025;1.09;5941664000416;Hrana
MLIJEKO  MEDIHELP LF50+ 200 ml;356736;MediHelp;0.2000;L;6.99;34.95;;;02.05.2025;6.99;9100000960258;Kozmetika
MLI.MEDIHELP KIDS LF50+ 200 ml;356738;MediHelp;0.2000;L;6.99;34.95;;;02.05.2025;6.99;9100000960265;Kozmetika
LOSION MEDIHEL POS.SUNÈ. 200ml;356739;MediHelp;0.2000;L;2.99;14.95;;;02.05.2025;2.99;9100000960289;Kozmetika
©AM.H&S SUPREME ITCHY.400 m;356752;Head&Shoulders;0.3000;l;;16.63;4.99;6.19;02.05.2025;6.19;8006540596289;Kozmetika
©AM.H&S DEEP CLEAN 300 ml;356753;Head&Shoulders;0.3000;l;;16.63;4.99;5.79;02.05.2025;5.79;8006540524640;Kozmetika
ZUB.PAS.BIOREPAIR WHITE 75 ml;356760;BIOREPAIR;0.0750;l;4.49;59.87;;;02.05.2025;4.49;8017331073773;Kozmetika
ZUB.PAS.BIOREPAIR ZA©.75 ml;356761;BIOREPAIR;0.0750;l;4.49;59.87;;;02.05.2025;4.49;8017331076651;Kozmetika
©UM.TABL.MULTIVITA VIT.C 80 g;356794;Multivita;0.0800;kg;1.99;24.88;;;02.05.2025;1.99;8606013060547;Hrana
KAPSULE MULT.MAG.375 CITR.20/1;356795;Multivita;20.0000;kom;4.99;0.25;;;02.05.2025;4.99;3858881248908;Hrana
TABL.MULTIVITA VIT.C 500 20/1;356797;Multivita;20.0000;kom;4.99;0.25;;;02.05.2025;4.99;3858881249028;Hrana
KAPSULE MULTIVITA K2D3 15/1;356798;Multivita;15.0000;kom;4.99;0.33;;;02.05.2025;4.99;3858881248960;Hrana
TEK.SAP.L´ANGELICA REFIL 1 L;356807;L'Angelica;1.0000;l;2.45;2.45;;;02.05.2025;2.45;8017331077016;Kozmetika
AJVAR PODRAV.PEÈ.PAPR.BL.290 g;356810;Podravka;0.2900;kg;4.49;15.48;;;02.05.2025;4.49;3856020253714;Hrana
OMEK.DESPAR MEDITERRANEI 750ml;356814;Despar;0.7500;L;1.59;2.12;;;02.05.2025;1.59;8001300891031;Sredstva za èi¹æenje
AGAR VEGGIE 2,5 g;356815;SPAR Veggie;0.0020;kg;2.39;1195.00;;;02.05.2025;2.39;9100000913902;Hrana
DENTASTIX PED.CHE.CH.MAXI 68 g;356816;Pedigree;0.0680;kg;1.79;26.32;;;02.05.2025;1.43;4008429136405;Proizvodi za kuæanstvo
DENTASTIX PED.CHE.CH.MINI 68 g;356817;Pedigree;0.0680;kg;1.79;26.32;;;02.05.2025;1.43;4008429136382;Proizvodi za kuæanstvo
MAÈJA METVICA DREAMIES 60 g;356819;Dreamies;0.0600;kg;1.79;29.83;;;02.05.2025;1.79;5998749142875;Proizvodi za kuæanstvo
©AMPON SYOSS MEN  440 ml;356820;Syoss;0.4400;l;4.59;10.43;;4.49;02.05.2025;4.49;9000101277395;Kozmetika
ROLL ON L´ANGELICA LINFA 50 ml;356826;L'Angelica;0.0500;l;2.45;49.00;;;02.05.2025;2.45;8017331077344;Kozmetika
ROLL ON L´ANGELICA PURE  50 ml;356828;L´Angelica;0.0500;l;2.45;49.00;;;02.05.2025;2.45;8017331076958;Kozmetika
ROLL ON L´ANGELICA PURE  50 ml;356829;L'Angelica;0.0500;l;2.45;49.00;;;02.05.2025;2.45;8017331076910;Kozmetika
OMEK.DESPAR VANILIJA 750 ml;356832;Despar;0.7500;L;1.59;2.12;;;02.05.2025;1.59;8001300891246;Sredstva za èi¹æenje
OMEK.DESPAR ORHIDEJA 750 ml;356834;Despar;0.7500;L;1.59;2.12;;;02.05.2025;1.59;8001300891239;Sredstva za èi¹æenje
IND.ORAH SIROVI S BUDGET 400 g;356836;S-Budget;0.4000;kg;;9.98;3.99;4.49;02.05.2025;4.49;3856021221620;Hrana
DEO SPRAY ALEX SPORT 150 ml;356840;Alex;0.1500;L;2.39;15.93;;;02.05.2025;2.39;5997001715352;Kozmetika
DEO SPREJ  MADLENE  75 ml;356843;MADLENE;0.0750;L;1.89;25.20;;;02.05.2025;1.89;5997001715116;Kozmetika
DEO SPREJ  MADLENE MYST. 75 ml;356845;MADLENE;0.0750;L;1.89;25.20;;;02.05.2025;1.89;5997001715123;Kozmetika
DEO SPREJ  MADLENE ROYA. 75 ml;356846;MADLENE;0.0750;L;1.79;23.87;;;02.05.2025;1.79;5997001715147;Kozmetika
DEO SPREJ  MADLENE WHITE 75 ml;356847;MADLENE;0.0750;L;2.09;27.87;;;02.05.2025;2.09;5997001715178;Kozmetika
DEO SPREJ  MADLENE WOND. 75 ml;356848;MADLENE;0.0750;L;1.89;25.20;;;02.05.2025;1.89;5997001715130;Kozmetika
KVASAC DOLCELA SUHI INST.100 g;356849;Podravka;0.1000;kg;1.29;12.90;;;02.05.2025;1.29;3850104266034;Hrana
BUGATTI SIGNATURE BLACK 100 ml;356851;Bugatti;0.1000;l;;179.90;17.99;23.19;02.05.2025;23.19;4051395402180;Kozmetika
PAP.RUÈ.DESPAR 2SL 2/1;356857;Despar;2.0000;kom;2.55;1.28;;;02.05.2025;2.55;8001300812142;Proizvodi za kuæanstvo
BOJA EXCELLENCE NUDES BLACK 1U;356869;LOREAL;1.0000;kom;9.25;9.25;;;02.05.2025;9.25;3600523998135;Kozmetika
BOJA EXCELLENCE NUDES BROWN 4U;356870;LOREAL;1.0000;kom;9.25;9.25;;;02.05.2025;9.25;3600523998166;Kozmetika
BOJA EXCELLENCE NUDES SVJ.S 5U;356871;LOREAL;1.0000;kom;9.25;9.25;;;02.05.2025;9.25;3600523998173;Kozmetika
BOJA EXCELLENCE NUDES D.BLO 6U;356872;LOREAL;1.0000;kom;9.25;9.25;;;02.05.2025;9.25;3600523998180;Kozmetika
BOJA EXCELLENCE NUDES BLOND.7U;356873;LOREAL;1.0000;kom;9.25;9.25;;;02.05.2025;9.25;3600523998203;Kozmetika
BOJA EXCELLENCE NUDES S.PLA.8U;356874;LOREAL;1.0000;kom;9.25;9.25;;;02.05.2025;9.25;3600523998210;Kozmetika
BOJA EXCELLENCE NUDES V.BLO 9U;356875;LOREAL;1.0000;kom;9.25;9.25;;;02.05.2025;9.25;3600523998227;Kozmetika
BOJA EXCELLENCE NUDES BLON.10U;356876;LOREAL;1.0000;kom;9.25;9.25;;;02.05.2025;9.25;3600523998234;Kozmetika
PEL.VIOLETA FEELING MIDI 64/1;356883;Violeta;64.0000;KOM;17.99;0.28;;;02.05.2025;17.99;3870128031586;Toaletne potrep¹tine
PEL.VIOLETA FEELING MAXI 58/1;356884;Violeta;58.0000;KOM;17.59;0.30;;;02.05.2025;17.59;3870128031616;Toaletne potrep¹tine
JOGURT DUKATOS KAVA 150 g ;356889;Dukat;0.1500;kg;1.09;7.27;;;02.05.2025;1.09;3850354016960;Hrana
SALAMA OBLO®ENA PARMEZ. 50 g;356890;Krainer;0.0500;kg;1.69;33.80;;;02.05.2025;1.69;9004286433775;Hrana
JOG. DUKATOS KOKOS 150 g ;356891;Dukat;0.1500;kg;1.09;7.27;;;02.05.2025;1.09;3850354016946;Hrana
JOGURT DUKATOS VANILIJA 150 g;356893;Dukat;0.1500;kg;1.09;7.27;;;02.05.2025;1.09;3850354016984;Hrana
BRIT.WILKIN.EXTRA 3 ESSE.3/1;356964;Wilkinson;3.0000;kom;3.09;1.03;;;02.05.2025;3.09;4027800320202;Kozmetika
BRIT.WILKIN.EXTRA 3 ESSE.3/1;356965;Wilkinson;3.0000;kom;2.19;0.73;;2.15;02.05.2025;3.09;4027800105502;Kozmetika
SLAD.PLAZMA MULTIP.LEDO 678 ml;356992;Ledo;0.6780;L;7.99;11.78;;;02.05.2025;7.99;3850116059204;Hrana
TEK. SAPUN DALAN OLIVE  300 ml;357000;Dalan;0.3000;L;2.09;6.97;;;02.05.2025;2.09;8690529002238;Kozmetika
©EÆER CIMET DOLCELA 3X10 g;357011;Podravka;0.0300;kg;0.99;33.00;;;02.05.2025;0.99;3850104275685;Hrana
PRELJ.ZA TORTE CRVENI 3x13 g;357013;Podravka;0.0390;kg;2.25;57.69;;;02.05.2025;2.25;3850104275692;Hrana
DOLCELA MJE©.COOKIE 40 g;357017;Podravka;0.0400;kg;0.99;24.75;;;02.05.2025;0.99;3856020249281;Hrana
DOL.MJE©.CHEESE MALINA 40 g;357021;Podravka;0.0400;kg;0.99;24.75;;;02.05.2025;0.99;3856020249250;Hrana
DOLCELA MJE©.BROWNIE 40 g;357023;Podravka;0.0400;kg;0.99;24.75;;;02.05.2025;0.99;3856020249229;Hrana
ZUB.PASTA AQUAFRESH NATU.75 ml;357037;Aquafresh;0.0750;l;3.89;51.87;;;02.05.2025;3.89;5054563121424;Kozmetika
GEL TU©.BIOBAZA FLOW.ROM 400ml;357038;Biobaza;0.4000;L;4.89;12.23;;;02.05.2025;4.89;3856020908324;Kozmetika
TOST OLZ OD P©ENI.BRA©NA 500 g;357039;;0.5000;kg;3.49;6.98;;;02.05.2025;3.49;9005300011535;Hrana
TOST OLZ HOTEL 750 g;357040;;0.7500;kg;4.59;6.12;;;02.05.2025;4.59;9005300800368;Hrana
MLIJEÈNI KRU©ÈIÆ S ÈOKOL 210 g;357041;;0.2100;kg;4.39;20.90;;;02.05.2025;4.39;9005300010934;Hrana
MESNI U©TIPCI SA SIROM 300 g;357048;;0.3000;kg;2.59;8.63;;2.55;02.05.2025;3.19;3850139250589;Hrana
JUMBO ROLA S-BUDGET 2SL 1/1;357051;S-Budget;1.0000;kom;3.49;3.49;;;02.05.2025;2.79;3856021221804;Proizvodi za kuæanstvo
TOAL.PAP.S BUDGET 3 SLOJA 10/1;357052;S-Budget;10.0000;kom;2.59;0.26;;;02.05.2025;2.59;3856021221828;Toaletne potrep¹tine
ROLL ON BIOBAZA FEATHER  50 ml;357067;Biobaza;0.0500;L;3.85;77.00;;;02.05.2025;3.85;3856020908980;Kozmetika
LOSION BODY BIOBAZA SIL.250 ml;357068;Biobaza;0.2500;L;3.49;13.96;;;02.05.2025;3.49;3856020905675;Kozmetika
SLADOLED SNICKERS 6x45,6 g;357094;Snickers;273.6000;g;4.99;0.02;;;02.05.2025;4.99;5000159541336;Hrana
SLADOLED MARS 6x40 g;357095;Mars;0.2400;kg;4.99;20.79;;;02.05.2025;4.99;5000159541459;Hrana
OSLIÆ FILET LEDO 400 g;357097;Ledo;0.4000;kg;5.29;13.23;;;02.05.2025;5.29;3850116048598;Hrana
PIL.PRSA U OV.SLIM&FIT 400 g;357100;Perutnina;0.4000;kg;3.15;7.88;;;02.05.2025;3.15;3850220154055;Hrana
©unka seljaèka S Budget;357102;S-Budget;1.0000;kg;14.99;14.99;;14.99;02.05.2025;16.99;3856021221538;Hrana
VODA CETINA  PRIR.IZVORSKA 1 L;357109;Cetina;1.0000;l;.8;0.80;;;02.05.2025;.8;3859890129875;Piæa
RAJÈICA KUMATO 380 g;357113;;0.3800;kg;2.79;7.34;;;02.05.2025;2.79;3859890369189;Hrana
ENJOY SENDVIÈ TRAM.PR©UT 170 g;357115;SPAR enjoy;0.1700;kg;2.59;15.24;;;02.05.2025;2.59;3856021221682;Hrana
ENJOY SENDVI.TRAMEZ.TUNA 150 g;357116;SPAR enjoy;0.1500;kg;1.99;13.27;;;02.05.2025;1.99;3856021221705;Hrana
ENJOY SENDV.TRAMEZ.KULEN 160 g;357117;SPAR enjoy;0.1600;kg;1.99;12.44;;;02.05.2025;1.99;3856021221729;Hrana
ENERG.NAPITAK HELL ZERO 0,25 L;357123;;0.2500;l;1.09;4.36;;;02.05.2025;1.09;5999884034445;Piæa
TEK.SAP.PALMOLIVE ALMON.500 ml;357135;Palmolive;0.5000;l;2.99;5.98;;;02.05.2025;2.99;8003520029133;Kozmetika
KREMA DIV.CVIT PREMIUM  50 ml;357136;DIVLJI CVIT;0.0500;L;10.69;213.80;;;02.05.2025;10.69;3859893393969;Kozmetika
SERUM DIVLJI PREMIUM HIJ 30 ml;357137;DIVLJI CVIT;0.0300;L;14.30;476.67;;;02.05.2025;14.30;3859893393976;Kozmetika
PIL.DIVLJI CVIT PREMIUM 50 ml ;357140;DIVLJI CVIT;0.0500;KG;14.99;299.80;;;02.05.2025;14.99;3859893393952;Kozmetika
GRAN.DOUBLE ÈOKO.BOOM BO.300 g;357142;Atlantic Trade;0.3000;kg;3.99;13.30;;;02.05.2025;3.59;3858890478372;Hrana
©AM.FRU.HAIR FOOD KA.M 350 ml;357143;Garnier;0.3500;L;5.19;14.83;;;02.05.2025;5.19;3600542432696;Kozmetika
GRAN.DOUBLE ÈOKO.BOOM BOX 60 g;357144;Atlantic Trade;0.0600;kg;0.99;16.50;;;02.05.2025;0.99;3858890478396;Hrana
GRAN.KOK.BADEM BI.ÈOK.VAN.60 g;357146;Atlantic Trade;0.0600;kg;0.99;16.50;;;02.05.2025;0.99;3858890478334;Hrana
ORADA SVJE®A OÈI©ÆENA 600 g;357147;;0.6000;kg;9.39;15.65;;;02.05.2025;9.39;3858893582519;Hrana
ROLL ON GARNIER  HYALURO 50 ml;357148;Garnier;0.0500;L;4.59;91.80;;;02.05.2025;4.59;3600542399326;Kozmetika
DEO SPRAY GARNIER HYALU.150 ml;357150;Garnier;0.1500;L;4.59;30.60;;;02.05.2025;4.59;3600542399302;Kozmetika
S-BUDGET ÈUPAVCI 350 g;357153;S-BUDGET;0.3500;kg;3.69;10.54;;;02.05.2025;3.69;3856021221231;Hrana
ÈUPAVCI SPAR 480 g;357155;SPAR Qualitätsmarke;0.4800;kg;4.59;9.56;;3.99;02.05.2025;5.79;3856021219443;Hrana
ZAÈIN KOTANYI GUACAMOLE 25 g;357174;Kotanyi;0.0250;kg;1.79;71.60;;;02.05.2025;1.69;9001414037157;Hrana
ZAÈIN KOTANYI TZATZIKI 25 g;357175;Kotanyi;0.0250;kg;1.79;71.60;;;02.05.2025;1.69;9001414037133;Hrana
ZAÈIN KOTANYI HARISSA 20 g;357178;Kotanyi;0.0200;kg;1.79;89.50;;;02.05.2025;1.69;9001414035511;Hrana
ZAÈIN KOTANYI KEBAB 25 g;357179;Kotanyi;0.0250;kg;1.79;71.60;;;02.05.2025;1.69;9001414034958;Hrana
FLIPS CHIO CHEESE TUBES 70 g;357190;Chio;0.0700;kg;1.69;24.14;;;02.05.2025;1.69;5996253000711;Hrana
TJ.N.PUR PENNE SLANUTAK 250 g ;357194;Spar Natur pur;0.2500;kg;2.19;8.76;;;02.05.2025;2.19;9100000948058;Hrana
TJ.NA.PUR FUSILLI GRA©AK 250 g;357195;SPAR Natur*pur;0.2500;kg;2.19;8.76;;;02.05.2025;2.19;9100000948072;Hrana
TJ.N.P.SPAGH.CRVENA LEÆA 250 g;357196;SPAR Natur*pur;0.2500;kg;2.19;8.76;;;02.05.2025;2.19;9100000948034;Hrana
PILEÆA PRSA POLI KIDS 220 g;357216;Poli;0.2200;kg;1.99;9.05;;;02.05.2025;1.99;3838977042627;Hrana
TJ.REZ.USKI NARANÈ.BATAT 200 g;357223;;0.2000;kg;2.89;14.45;;;02.05.2025;2.89;3858893350088;Hrana
TJ.REZ.USKI BATAT INT.BR.200 g;357224;;0.2000;kg;2.89;14.45;;;02.05.2025;2.89;3858893350118;Hrana
TJ.RE.US.BAT.I SJEM.BUND.200 g;357226;;0.2000;kg;2.89;14.45;;;02.05.2025;2.89;3858893350101;Hrana
TJ.REZ.US.LJUBIÈA.BATAT 200 g;357227;;0.2000;kg;2.89;14.45;;;02.05.2025;2.89;3858893350095;Hrana
TJ.REZA.USKI PIR BATAT 200 g ;357228;;0.2000;kg;2.89;14.45;;;02.05.2025;2.89;3858893350125;Hrana
MLINCI S BUÈOM  400 g;357234;;0.4000;kg;3.69;9.23;;;02.05.2025;3.69;3857500076274;Hrana
PLOÈICA NUTTY BARICA 50 g;357237;;0.0500;kg;2.14;42.80;;;02.05.2025;2.14;3857500109675;Hrana
SPREJ RAID LET. INSEK. 400 ml;357250;Raid;0.4000;L;5.89;14.73;;;02.05.2025;6.59;5000204252033;Proizvodi za kuæanstvo
RAID SPREJ OSE/STR©LJAN 400 ml;357251;Raid;0.4000;L;4.39;10.98;;;02.05.2025;4.39;5000204252583;Proizvodi za kuæanstvo
SPR.RAID GMIZ.INSEK. 400 ml;357253;Raid;0.4000;L;6.79;16.98;;;02.05.2025;6.79;5000204252002;Proizvodi za kuæanstvo
SPREJ RAID INSEKT. 400ml;357255;Raid;0.4000;L;7.49;18.73;;;02.05.2025;7.49;5000204203066;Proizvodi za kuæanstvo
ELEK.APARAT RAID LAVANDA;357256;Raid;1.0000;kom;12.49;12.49;;;02.05.2025;12.49;5000204243635;Proizvodi za kuæanstvo
OSLIÆ FILET LEDO 800 g;357264;Ledo;0.8000;kg;10.49;13.11;;;02.05.2025;10.49;3850116048628;Hrana
Mortadela sa pistacijom Despar;357265;Despar;1.0000;kg;10.89;10.89;;;02.05.2025;10.89;0800130604785;Hrana
Kuhana ¹unka Despar;357267;Despar;1.0000;kg;10.89;10.89;;;02.05.2025;10.89;0080013034605;Hrana
MELEM SUN POSLJ.SUNÈANJ.250 ml;357269;Melem;0.2500;l;9.89;39.56;;;02.05.2025;9.89;3856007910128;Kozmetika
OS.PIÆE TOCO NARANÈ.MRKVA1,5 L;357272;;1.5000;l;1.69;1.13;;;02.05.2025;1.69;3858890878790;Piæa
KROAS.KAKAO KRE.S-BUDGET 800 g;357273;S-BUDGET;0.8000;kg;2.69;3.36;;;02.05.2025;2.69;3856021220715;Hrana
OS.PIÆE TOCO NAR.AVOKADO 1,5 L;357275;;1.5000;l;1.69;1.13;;;02.05.2025;1.69;3858890878974;Piæa
KEKS MOTO KAKAO-MLIJEKO 192 g;357276;Moto;0.1920;kg;1.49;7.76;;1.49;02.05.2025;1.99;3850102522705;Hrana
OS.PIÆE TOCO MULTIVITAMI.1,5 L;357277;;1.5000;l;1.69;1.13;;;02.05.2025;1.69;3858890878615;Piæa
ÈIPS OD LEÆE CHIO VRHNJE 65 g;357280;Chio;0.0650;kg;;27.54;1.79;1.99;02.05.2025;1.99;3856021305290;Hrana
ÈIPS OD LEÆE CHIO PAPRIKA 65 g;357282;Chio;0.0650;kg;;27.54;1.79;1.99;02.05.2025;1.99;3856021305276;Hrana
MJE©.GRICK.CHIO MINI 100 g ;357283;Chio;0.1000;kg;1.34;13.40;;;02.05.2025;1.34;4000522060915;Hrana
KUK.MIK.PEÆ.CHIO SIR 80 g;357284;Chio;0.0800;kg;1.09;13.63;;;02.05.2025;1.09;3856021305191;Hrana
PERECI CHIO 80 g;357285;Chio;0.0800;kg;1.29;16.13;;;02.05.2025;1.29;4000522060311;Hrana
VINO ORAHO.PINOT NOIR  0,75 L;357290;;0.7500;L;5.52;7.36;;;02.05.2025;5.52;3858889833182;Piæa
VINO KG CAB.SAUVIGNON 2 L;357291;;2.0000;L;4.45;2.23;;;02.05.2025;4.45;3858891543000;Piæa
Sir Leæevaèki tvrdi;357292;;1.0000;kg;21.99;21.99;;;02.05.2025;21.99;21414080000004;Hrana
RUM DIPLOMATICO RESE.12Y 0,7 L;357299;;0.7000;L;44.49;63.56;;;02.05.2025;44.49;7594003620059;Piæa
OS.PIÆE TOCO NARANÈ.MRKVA0,5 L;357309;;0.5000;l;1.05;2.10;;;02.05.2025;1.05;3858890878820;Piæa
OS.PIÆE TOCO NAR.AVOKADO 0,5 L;357310;;0.5000;l;1.05;2.10;;;02.05.2025;1.05;3858890879001;Piæa
BLAZINICE LOLA ALOE VERA 40/1;357315;Lola;40.0000;kom;3.89;0.10;;;02.05.2025;3.89;3858881109315;Toaletne potrep¹tine
DES.KINDER MILCHSCH.10/1 280 g;357316;Ferrero;0.2800;kg;4.99;17.82;;;02.05.2025;4.99;4008400191423;Hrana
BLAZINICE LOLA ARGAN 40/1;357317;Lola;40.0000;kom;3.89;0.10;;;02.05.2025;3.89;3858881109308;Toaletne potrep¹tine
SLAD.TOBLERONE ©TAPIÆ 90 ml;357318;Toblerone;0.0900;L;2.35;26.11;;;02.05.2025;2.35;8436575297279;Hrana
OS.PIÆE TOCO MULTIVITAMI.0,5 L;357319;;0.5000;l;1.05;2.10;;;02.05.2025;1.05;3858890878646;Piæa
PEL.GAÆ.VIOLETA 12-17kg 48/1;357327;Violeta;48.0000;kom;15.92;0.33;;;02.05.2025;15.92;3870128031807;Toaletne potrep¹tine
SLAD.BOUNTY PRUTIÆ 51,6 g;357328;Mars;0.0516;kg;1.89;36.63;;;02.05.2025;1.89;5000159483049;Hrana
SLAD.MONTE KORNET120 ml;357330;Zott;0.1200;L;2.29;19.08;;;02.05.2025;2.29;4014500519357;Hrana
SLAD.MONTE ©TAPIÆ ZOTT 110 ml;357331;Zott;0.1100;L;2.29;20.82;;;02.05.2025;2.29;4014500519302;Hrana
SOMERSBY MANGO LIME 0,33 L;357337;Somersby;0.3300;l;1.68;5.09;;;02.05.2025;1.58;3858887583683;Piæa
SOMERSBY MANGO LIME 0,5 L;357342;Somersby;0.5000;l;1.78;3.56;;;02.05.2025;1.78;3858887584185;Piæa
SOMERSBY KRU©KA.0,5 L LIM.;357349;Somersby;0.5000;l;1.78;3.56;;;02.05.2025;1.78;3858887583850;Piæa
MLIJ.LAGAN.JUTRO DUKA.3,8%1 L ;357356;Dukat;1.0000;L;1.99;1.99;;;02.05.2025;1.99;3850354017042;Hrana
ZOBENA KA©A NATUR PUR 500 g;357374;Natur pur;0.5000;kg;2.09;4.18;;;02.05.2025;2.09;9100000969121;Hrana
Salama sandwich chilli Jeli;357380;Jeli;1.0000;kg;14.69;14.69;;;02.05.2025;14.69;3858892724262;Hrana
TAPIOKA BRA©NO 500 g;357395;;0.5000;kg;3.99;7.98;;;02.05.2025;3.99;3858887101214;Hrana
RI®INO BRA©NO BEZ GLUT.500 g;357396;;0.5000;kg;2.65;5.30;;;02.05.2025;2.65;3858887101221;Hrana
PIVO HENDRIX 0,5 L MEDVEDGRAD;357397;;0.5000;l;2.19;4.38;;;02.05.2025;2.19;3859893357282;Piæa
PREMIUM MIX BEZ GLUTENA 1 kg;357398;;1.0000;kg;3.99;3.99;;;02.05.2025;3.99;3858887101238;Hrana
EL.APAR.DESPAR S TEKUÆ. 33 ml;357403;Despar;1.0000;kom;4.49;4.49;;;02.05.2025;4.49;8001300911654;Proizvodi za kuæanstvo
LAK TAFT ZA KOSU UL.STR.250 ml;357418;Taft;0.2500;L;3.55;14.20;;;02.05.2025;2.99;4012800706002;Kozmetika
LAK TAFT ZA KOSU ULTIMA.250 ml;357419;Taft;0.2500;L;3.55;14.20;;;02.05.2025;2.99;9000100923071;Kozmetika
LAK TAFT ZA KOSU POW.CA.250 ml;357422;Taft;0.2500;L;3.55;14.20;;;02.05.2025;2.99;9000100477505;Kozmetika
LAK TAFT ZA KOSU GLANZ 250 ml;357423;Taft;0.2500;L;3.55;14.20;;;02.05.2025;2.99;4012800702844;Kozmetika
SOK FRUCTAL JAGODA  1 L;357425;Fructal;1.0000;l;1.89;1.89;;;02.05.2025;1.89;3838945040327;Piæa
SOK FRUCTAL JABUKA MALINA 1 L;357427;Fructal;1.0000;l;1.89;1.89;;;02.05.2025;1.89;3838945040204;Piæa
NEKTAR JUICY MULTIVITAMIN  2 L;357435;Juicy;2.0000;l;3.39;1.70;;;02.05.2025;3.29;3858890979817;Piæa
NEKTAR JUICY JABUKA 2 L;357437;Juicy;2.0000;l;3.39;1.70;;;02.05.2025;3.29;3858890979787;Piæa
PERECI KVIKI MAXI SLANI 200 g;357438;Kviki;0.2000;kg;;7.15;1.43;1.79;02.05.2025;1.79;3856020254889;Hrana
MASKA  ZA LICE MIZON JAGODA;357440;Mizon;1.0000;KOM;1.99;1.99;;;02.05.2025;1.99;8809663752330;Kozmetika
MASKA  ZA LICE MIZON AC.BOBICE;357444;Mizon;1.0000;KOM;1.99;1.99;;;02.05.2025;1.99;8809663752408;Kozmetika
BOMBONI GUM.HERBA EUKALIP.90 g;357445;Sumi;0.0900;kg;1.19;13.22;;;02.05.2025;1.19;3838700040678;Hrana
KAVA BCF NC KAPSULE COL.55 g;357447;;0.0550;kg;4.69;85.27;;;02.05.2025;4.69;3838471047067;Piæa
MASKA  ZA LICE MIZON VITAMIN;357448;Mizon;1.0000;KOM;1.99;1.99;;;02.05.2025;1.99;8809663752354;Kozmetika
KAVA HAUSBRANDT Q ORO 250 g;357449;Hausbrandt;0.2500;kg;7.49;29.96;;;02.05.2025;7.49;8006980161450;Piæa
MASKA BEAUSTA NOÆNA 20 ml;357450;Beausta;0.0200;L;3.99;199.50;;;02.05.2025;3.99;8809577460796;Kozmetika
MASKA BEAUSTA UGLJEN 20 ml;357451;Beausta;0.0200;L;3.99;199.50;;;02.05.2025;3.99;8809577461229;Kozmetika
MASKA BEAUSTA ZLATNA 20 ml;357454;Beausta;0.0200;L;3.99;199.50;;;02.05.2025;3.99;8809577461212;Kozmetika
VRH ZA KUH.DUKAT LIG.10% 500 g;357455;Dukat;0.5000;kg;3.39;6.78;;;02.05.2025;3.39;3850354017172;Hrana
MASKA BEAUSTA T-ZONA 15 ml;357456;Beausta;0.0150;L;3.99;266.00;;;02.05.2025;3.99;8809577461243;Kozmetika
VRHNJE ZA KUH.DUK.20%MM 500 g;357457;Dukat;0.5000;kg;3.39;6.78;;;02.05.2025;3.39;3850354017158;Hrana
KREMA BB BEAUSTA N.BEIGE 15 ml;357461;Beausta;0.0150;L;3.99;266.00;;;02.05.2025;3.99;8809577460857;Kozmetika
PJENA BEAUSTA ZA LICE 20 ml;357462;Beausta;0.0200;L;2.99;149.50;;;02.05.2025;2.99;8809577461236;Kozmetika
KAVA HAUSBRANDT Q.ROSSA 500 g;357463;Hausbrandt;0.5000;kg;15.49;30.98;;;02.05.2025;11.99;8006980153356;Piæa
ÈAJNA NAREZAK S BUDGET 100 g;357464;S-Budget;0.1000;kg;1.59;15.90;;;02.05.2025;1.59;3856021219856;Hrana
©AMPINJONI 1 kg;357466;;1.0000;kg;3.29;3.29;;;02.05.2025;3.29;3859890284239;Hrana
MASKA  ZA LICE MIZON EKST.PU®A;357484;Mizon;1.0000;KOM;1.99;1.99;;;02.05.2025;1.99;8809663752378;Kozmetika
PILING GEL MIZON ZA LIC.120 ml;357486;Mizon;0.1200;L;18.99;158.25;;;02.05.2025;18.99;8809663752576;Kozmetika
KREMA MIZON ORGA-REAL 100 ml;357487;Mizon;0.1000;L;26.99;269.90;;;02.05.2025;26.99;8809663751968;Kozmetika
KREMA MIZON HIDRATANTNA 45 ml;357488;Mizon;0.0450;L;13.49;299.78;;;02.05.2025;13.49;8809579273783;Kozmetika
FLASTERI MIZON ZA PRI©.44 kom;357492;Mizon;44.0000;KOM;6.79;0.15;;;02.05.2025;6.79;8809663753146;Kozmetika
SERUM SH HYALURON 30 ml;357494;THE SKIN HOUSE;0.0300;L;18.99;633.00;;;02.05.2025;18.99;8809080823415;Kozmetika
SERUM SH COLLAGEN EGF 30 ml;357496;THE SKIN HOUSE;0.0300;L;17.99;599.67;;;02.05.2025;17.99;8809080823408;Kozmetika
SERUM SH PU®EV HRANJIV 30 ml;357497;THE SKIN HOUSE;0.0300;L;17.99;599.67;;;02.05.2025;17.99;8809080823392;Kozmetika
SERUM SH ANTI AGE 50 ml;357499;THE SKIN HOUSE;0.0500;L;26.99;539.80;;;02.05.2025;26.99;8809080822845;Kozmetika
KREMA SH ANTI AGE SUPRE.50 ml;357500;THE SKIN HOUSE;0.0500;L;26.99;539.80;;;02.05.2025;26.99;8809080822852;Kozmetika
RAJ.PASIRANA NATUR PUR 500 g;357502;Natur pur;0.5000;kg;1.39;2.78;;;02.05.2025;1.39;9100000969701;Hrana
KREMA SH MARINE 24H 50 ml;357503;THE SKIN HOUSE;0.0500;L;23.99;479.80;;;02.05.2025;23.99;8809080822739;Kozmetika
KREMA SH EKSTRAKT PU®A 50 ml;357504;THE SKIN HOUSE;0.0500;L;17.99;359.80;;;02.05.2025;17.99;8809080821503;Kozmetika
TONIK SH ZA PRI©TIÆE 30 ml;357507;THE SKIN HOUSE;0.0300;L;19.99;666.33;;;02.05.2025;19.99;8809080821251;Kozmetika
MASKICE SH HIDROGEL 60 kom;357510;THE SKIN HOUSE;60.0000;KOM;22.99;0.38;;;02.05.2025;22.99;8809080823347;Kozmetika
TONIK XYCOS PU®EV EKSTR.150 ml;357511;XYCOS;0.1500;L;18.99;126.60;;;02.05.2025;18.99;8809080821510;Kozmetika
TONIK XYCOS CICA GREEN 120 ml;357515;XYCOS;0.1200;L;18.99;158.25;;;02.05.2025;18.99;8809080826560;Kozmetika
GEL XYCOS CICA ÈI©.LICA 120 ml;357516;XYCOS;0.1200;L;15.99;133.25;;;02.05.2025;15.99;8809080826591;Kozmetika
KREMA XYCOS PINK COLLAG.50 ml;357517;XYCOS;0.0500;L;21.99;439.80;;;02.05.2025;21.99;8809080826522;Kozmetika
KREMA XYCOS CICA GREEN 50 ml;357518;XYCOS;0.0500;L;21.99;439.80;;;02.05.2025;21.99;8809080826584;Kozmetika
KREMA XYCOS VITA PROPO.50 ml;357519;XYCOS;0.0500;L;21.99;439.80;;;02.05.2025;21.99;8809080826553;Kozmetika
SERUM XYCOS CICA GREEN 50 ml;357520;XYCOS;0.0500;L;21.99;439.80;;;02.05.2025;21.99;8809080826577;Kozmetika
SERUM XYCOS VITA PROPOL.50 ml;357521;XYCOS;0.0500;L;21.99;439.80;;;02.05.2025;21.99;8809080826546;Kozmetika
SERUM XYCOS PINK COLLAG.50 ml;357522;XYCOS;0.0500;L;21.99;439.80;;;02.05.2025;21.99;8809080826515;Kozmetika
JUHA MAMINA PODRAVKA 60 g;357525;Podravka;0.0600;kg;1.49;24.83;;;02.05.2025;1.49;3856020255800;Hrana
JU.KREM GRA©AK I METVICA 72 g;357526;Podravka;0.0720;kg;1.59;22.08;;;02.05.2025;1.59;3856020255862;Hrana
JUHA KREM PILEÆA PODRAVKA 64 g;357528;Podravka;0.0640;kg;1.39;21.72;;;02.05.2025;1.39;3856020255831;Hrana
KREMA AFRODITA COLLAGEN  15 ml;357533;Afrodita;0.0150;l;17.59;1172.67;;;02.05.2025;17.59;3831070658474;Kozmetika
KREMA AFRODITA CERAMIDE.15 ml;357534;Afrodita;0.0150;l;15.49;1032.67;;;02.05.2025;15.49;3831070658108;Kozmetika
LOSION AFRODITA DE STRE.200 ml;357535;Afrodita;0.2000;l;8.69;43.45;;;02.05.2025;8.69;3831070653004;Kozmetika
PILING AFRODITA DE STRE.200 g ;357536;Afrodita;0.2000;kg;8.69;43.45;;;02.05.2025;8.69;3831070652991;Kozmetika
ULJE AFRODITA CHER.BLOO 150 ml;357538;Afrodita;0.1500;l;6.49;43.27;;;02.05.2025;6.49;3831070659150;Kozmetika
LOSION AFRODITA CHE.BL.200 ml ;357541;Afrodita;0.2000;l;8.69;43.45;;;02.05.2025;8.69;3831070659143;Kozmetika
PILING AFRODITA CHERRY 175 g ;357542;Afrodita;0.1750;kg;8.69;49.66;;;02.05.2025;8.69;3831070659167;Kozmetika
ENE.PIÆE RB MAREL.JAGOD.0,25 L;357555;Red Bull;0.2500;l;1.69;6.76;;;02.05.2025;1.69;90448836;Piæa
SOK ORANGINA 1,25 L;357557;Orangina;1.2500;l;2.59;2.07;;;02.05.2025;2.59;3877000209613;Piæa
MASLAC AFRODITA 100% SPA 200ml;357564;Afrodita;0.2000;L;8.69;43.45;;;02.05.2025;8.69;3831070650362;Kozmetika
PEELING AFRODITA 100% SPA 175g;357567;Afrodita;0.1750;kg;8.69;49.66;;;02.05.2025;8.69;3831070650355;Kozmetika
ULJE AFRODITA 150 ml;357568;Afrodita;0.1500;L;6.99;46.60;;;02.05.2025;6.99;3831070650331;Kozmetika
MAJONEZA THOMY DELI.TUBA 280 g;357577;Thomy;0.2800;kg;;9.25;2.59;3.29;02.05.2025;3.29;7613287084491;Hrana
OSLIÆ LEDO BEZ GLAVE 800 g;357584;Ledo;0.8000;kg;7.79;9.74;;;02.05.2025;7.79;3850116048680;Hrana
SLAD.RUMENKO LEDO KIDS 105 ml;357590;Ledo;0.1050;L;1.49;14.19;;;02.05.2025;1.49;3850116042565;Hrana
VINO CHATEAU GRA.DESIR 0,75 L ;357593;;0.7500;L;5.72;7.63;;;02.05.2025;5.72;3500610100512;Piæa
INS.KAV.JACOBS CRON.GOLD 300 g;357611;;0.3000;kg;15.99;53.30;;;02.05.2025;15.99;8711000680995;Piæa
KAVA NP BIO LATTE MACC.235 ml;357656;Natur pur;0.2350;L;1.19;5.06;;;02.05.2025;1.19;9100000442891;Piæa
ÆEVAPI JUNEÆI I OVÈIJI 900 g;357664;;0.9000;kg;9.99;11.10;;;02.05.2025;8.29;3859893068492;Hrana
VL.MAR.ASEPSOLETA FRESH 20/1 ;357666;Asepsoleta;20.0000;KOM;1.99;0.10;;;02.05.2025;1.79;3856007908439;Toaletne potrep¹tine
SALAMA S PARMEZANOM 75 g;357681;Sorger;0.0750;kg;2.39;31.87;;;02.05.2025;2.69;9002055002269;Hrana
BUÐOLA ISTARSKA NAREZAK 230 g;357683;Pisinium;0.2300;kg;7.99;34.74;;7.35;02.05.2025;9.19;3858894290345;Hrana
PANCETA DIMLJENA NAREZAK 230 g;357684;Pisinium;0.2300;kg;;26.04;5.99;6.29;02.05.2025;7.89;3858894290321;Hrana
PANCETA ISTARSKA  NAREZ. 230 g;357687;Pisinium;0.2300;kg;6.49;28.22;;6.36;02.05.2025;7.99;3858894290307;Hrana
©UNKA SUHA ISTARSKA NAR.230 g;357688;Pisinium;0.2300;kg;;31.26;7.19;7.21;02.05.2025;9.09;3858894290406;Hrana
MAST SVINJSKA DR. PIGLEY 1 kg;357693;DR.PIGLEY;1.0000;kg;2.20;2.20;;;02.05.2025;2.20;3859892348441;Hrana
FLIPS POM BAR ORIGINAL 100 g;357706;Pom Bär;0.1000;kg;1.79;17.90;;;02.05.2025;1.79;3856021305238;Hrana
MLINCI S BIJELIM BATATOM 200 g;357736;;0.2000;kg;2.39;11.95;;;02.05.2025;2.39;3858893350019;Hrana
MLINCI S NARANÈ. BATATOM 200 g;357737;;0.2000;kg;2.39;11.95;;;02.05.2025;2.39;3858893350026;Hrana
MLINCI S LJUBIÈ. BATATOM 200 g;357738;;0.2000;kg;2.59;12.95;;;02.05.2025;2.59;3858893350033;Hrana
MLINCI S BAT. i SJE.BUN. 200 g;357740;;0.2000;kg;2.79;13.95;;;02.05.2025;2.79;3858893350040;Hrana
PILEÆA PRSA JELI 350 g;357745;Jeli;0.3500;kg;3.75;10.71;;;02.05.2025;3.75;3858892724392;Hrana
PUREÆA PRSA DELIKATES 350 g;357746;Jeli;0.3500;kg;4.09;11.69;;;02.05.2025;4.09;3858892724378;Hrana
SALVETE 33x33 cm;357748;;1.0000;kom;2.12;2.12;;;02.05.2025;2.12;9001632564855;Proizvodi za kuæanstvo
VINO ZINFANDEL 770 MI.0,75 L;357751;;0.7500;L;4.99;6.65;;;02.05.2025;4.99;3263280102391;Piæa
BOLOGNESE UMAK PODRAVKA 300 g;357762;Podravka;0.3000;kg;3.39;11.30;;;02.05.2025;3.39;3856020257392;Hrana
TUNA PA©TETA EVA KAPARI 95 g;357765;Eva;0.0950;kg;1.89;19.89;;;02.05.2025;1.89;3856020256234;Hrana
TUNA PA©T.SU©.RAJÈICA EVA 95 g;357766;Eva;0.0950;kg;1.79;18.84;;;02.05.2025;1.79;3856020256203;Hrana
MJ.POV.GULA© I PAPRIKA© 120 g;357792;;0.1200;kg;2.25;18.75;;;02.05.2025;2.25;3859893838095;Hrana
MJ.POVR.ZA JUHE I VARIVA 120 g;357794;;0.1200;kg;2.25;18.75;;;02.05.2025;2.25;3859893838118;Hrana
SLAD.MACHO MULTIP.LEDO 6x75 ml;357795;Ledo;0.4500;L;7.99;17.76;;;02.05.2025;7.99;3850116042350;Hrana
GLJIVE SU©ENE VRGANJ 20 g;357796;;0.0200;kg;3.98;199.00;;;02.05.2025;3.98;3859893838057;Hrana
RI®OTO GLJIVE MIX VG FRY.200 g;357797;;0.2000;kg;2.78;13.90;;;02.05.2025;2.78;3859893838019;Hrana
CELER 500 g;357800;;0.5000;kg;2.49;4.98;;;02.05.2025;2.49;8024392004233;Hrana
RI®.MEDITERAN MIX VG FRY 200 g;357801;;0.2000;kg;2.12;10.60;;;02.05.2025;2.12;3859893838002;Hrana
RI®OTO DOMAÆI MIX VG FRY.200 g;357802;;0.2000;kg;2.12;10.60;;;02.05.2025;2.12;3859893838026;Hrana
MLINCI OD INT.BRA.S BATA.200 g;357819;;0.2000;kg;2.79;13.95;;;02.05.2025;2.79;3858893350057;Hrana
MLINCI OD PIRA S BATATOM 200 g;357822;;0.2000;kg;2.99;14.95;;;02.05.2025;2.99;3858893350064;Hrana
MLINCI OD HELJDE S BATA. 200 g;357823;;0.2000;kg;3.29;16.45;;;02.05.2025;3.29;3858893350071;Hrana
Pileæa prsa Jeli;357834;Jeli;1.0000;kg;9.99;9.99;;9.99;02.05.2025;9.99;3858892724316;Hrana
PUNJENA PLJESKAVICA 465 g;357836;;0.4650;kg;4.19;9.01;;;02.05.2025;4.19;3858890183429;Hrana
SLADOLED NUII NY COOK.3x90 ml;357839;;0.2700;L;4.79;17.74;;;02.05.2025;4.79;5900130036397;Hrana
BANJALUÈKI ÆEVAPÈIÆI 500 g;357841;Vajda;0.5000;kg;3.99;7.98;;3.79;02.05.2025;3.79;3858890801316;Hrana
SAPUN TEKUÆI DESPAR XME 500 ml;357842;Despar;0.5000;L;1.69;3.38;;;02.05.2025;1.39;8001300902386;Kozmetika
SLA.GRO®ÐE SPAR PREMIUM 480 ml;357877;SPAR PREMIUM;0.4800;L;5.99;12.48;;;02.05.2025;5.99;9100000960432;Hrana
PUREÆA PRSA DELIKATES 800 g;357880;Gavrilovic;0.8000;kg;7.99;9.99;;7.99;02.05.2025;9.19;3858892724330;Hrana
DEBRECINKA S BUDGET 400 g;357900;S-Budget;0.4000;kg;3.99;9.98;;;02.05.2025;3.99;3856021222139;Hrana
RO©TILJ KOBASICA S BUDG. 360 g;357924;S-Budget;0.3600;kg;3.99;11.08;;;02.05.2025;3.99;3856021222153;Hrana
SLA.SPAR EISS.KOKOS/BAD.480 ml;357958;SPAR;0.4800;L;4.99;10.40;;;02.05.2025;4.99;9100000716336;Hrana
SL.SPAR EISSALON LJE©NJ.480 ml;357960;SPAR;0.4800;L;4.99;10.40;;;02.05.2025;4.99;9100000962900;Hrana
DEBRECINKA PUREÆA TANN 240 g;357969;TANN;0.2400;kg;3.49;14.54;;;02.05.2025;3.49;9100200102984;Hrana
PUREÆA RO©TILJ.KOB. TANN 240 g;357970;TANN;0.2400;kg;3.49;14.54;;;02.05.2025;3.49;9100200100331;Hrana
HRENOVKE PUREÆE TANN 240 g;357972;TANN;0.2400;kg;3.49;14.54;;;02.05.2025;3.49;9100200100300;Hrana
AVOKADO 500 g;357973;;0.5000;kom;2.29;4.58;;;02.05.2025;2.29;8713807005650;Hrana
SPIRALA DESPAR PR.KOM.10/1;357975;Despar;10.0000;kom;1.19;0.12;;;02.05.2025;1.19;8001300911746;Proizvodi za kuæanstvo
VL.MAR.BAB.VIOLETA WATER 3x56;357976;Violeta;168.0000;kom;5.99;0.04;;;02.05.2025;5.99;3870128018198;Toaletne potrep¹tine
SRED.FINISH ÈIST.CITRUS 250 ml;357992;Finish;0.2500;L;3.99;15.96;;;02.05.2025;3.99;4002448066248;Sredstva za èi¹æenje
ULO.VIR ZA LAKU INKON.S.M.10/1;357998;Vir;10.0000;KOM;5.19;0.52;;;02.05.2025;5.19;3838985871172;Toaletne potrep¹tine
ULO®AK VIR INKO NORMAL 10/1;358001;Vir;10.0000;KOM;2.99;0.30;;;02.05.2025;2.99;3838985871134;Toaletne potrep¹tine
ULO®AK VIR INKO EXTRA 10/1;358002;Vir;10.0000;KOM;4.19;0.42;;;02.05.2025;4.19;3838985871158;Toaletne potrep¹tine
UMAK BURGER THOMY TUBA 170 g ;358007;Thomy;0.1700;kg;;11.71;1.99;2.49;02.05.2025;2.49;8445290255532;Hrana
POKLON PAKIRAN. 2 BUT.2X0,75 L;358012;;1.5000;L;8.55;5.70;;;02.05.2025;8.55;3859889132107;Piæa
PJEN.VINO ZIGANTE BRUT 0,75 L;358014;;0.7500;L;19.39;25.85;;;02.05.2025;19.39;3858891983554;Piæa
VINO KUPINOVO INCANTO 0,75 L;358022;;0.7500;L;12.88;17.17;;;02.05.2025;12.88;3858891170282;Piæa
VINO LA CACCIAT.BAROLO 0,75 L;358027;;0.7500;L;34.52;46.03;;;02.05.2025;34.52;8004300032718;Piæa
VINO LA CA.CHIANTI DOCG 0,75 L;358029;;0.7500;L;7.42;9.89;;;02.05.2025;7.42;8004300128541;Piæa
PJ.VINO BOTE.POETI ROSE.0,75 L;358030;;0.7500;L;13.49;17.99;;;02.05.2025;13.49;8005829986230;Piæa
MJE©.ZEL.POVRÆA ZA JUHU 400 g;358031;Bonduelle;0.4000;kg;1.99;4.98;;;02.05.2025;1.99;3083681068818;Hrana
MJE©.POVR.S BUNDEVOM 400 g;358032;Bonduelle;0.4000;kg;1.99;4.98;;;02.05.2025;1.99;3083681068801;Hrana
CEREALI SA ZEL.MAH.I JEÈ.400 g;358034;Bonduelle;0.4000;kg;2.79;6.98;;;02.05.2025;2.79;3083681138603;Hrana
BEE BALM BIOBAZA 4,5 g;358039;Biobaza;1.0000;kom;2.19;2.19;;;02.05.2025;2.19;3856020900120;Kozmetika
BOMBONI EUKA TVRDI 150 g;358044;Euka;0.1500;kg;1.19;7.93;;;02.05.2025;1.19;5900353500798;Hrana
BOM.HARIBO GUM.MIAMI FIZZ 85 g;358048;Haribo;0.0850;kg;1.59;18.71;;;02.05.2025;1.59;8426617359850;Hrana
NAPOLITANKE JAFFA CREME 360 g;358049;Jaffa;0.3600;kg;2.79;7.75;;;02.05.2025;2.79;8600114010609;Hrana
NAPOL.JAFFA ©LAG/ÈOKOL. 360 g;358050;Jaffa;0.3600;kg;2.79;7.75;;;02.05.2025;2.79;8600114010586;Hrana
VODKA TITO S 0,7 L;358051;;0.7000;L;24.99;35.70;;;02.05.2025;24.99;0619947000112;Piæa
JABUKA PINK LADY 800 g;358052;;0.8000;kg;2.99;3.74;;;02.05.2025;2.99;8007886008542;Hrana
LIKER PELINKOVAC 1 L DALMACI.;358053;;1.0000;L;14.02;14.02;;;02.05.2025;14.02;3858892460061;Piæa
LIKER PELINKOVAC ANTIQUE 0,1 L;358054;;0.1000;L;2.75;27.50;;;02.05.2025;2.75;3850112111814;Piæa
RAKIJA BADEL WILLIAMS 0,7 L;358056;;0.7000;L;21.08;30.11;;;02.05.2025;21.08;3850112123091;Piæa
RAKIJA VINOPLOD LOZA 1 L;358057;;1.0000;L;14.02;14.02;;;02.05.2025;14.02;3858892460405;Piæa
RAKIJA DALM.©LJIVOVICA 0,5 L;358058;;0.5000;L;8.18;16.36;;;02.05.2025;8.18;3858892460610;Piæa
LIKER DALM.ORAHOVAC 1 L;358059;;1.0000;L;13.02;13.02;;;02.05.2025;13.02;3858892460115;Piæa
Kruh beskvasni bijeli 400 g;358081;Bäckerei SPAR;0.4000;kg;1.29;3.23;;;02.05.2025;1.29;1441;Hrana
Donut Enjoy sa ¹are.mrvic.57 g;358085;SPAR enjoy;0.0570;kg;0.62;10.88;;;02.05.2025;0.62;1009;Hrana
VRHNJE ZA KUH.FREE FROM 200 ml;358114;SPAR free from;0.2000;L;1.39;6.95;;;02.05.2025;1.39;8001300632658;Hrana
PEL.VIOLETA COTT.JUNIOR 5 48/1;358120;Violeta;48.0000;kom;17.99;0.37;;;02.05.2025;17.99;3870128031944;Toaletne potrep¹tine
GEL LAK LAQUE 88 8 ml;358137;Eveline;1.0000;KOM;2.8;2.80;;;02.05.2025;2.8;5903416033738;Kozmetika
GEL LAK LAQUE 90 8 ml;358139;Eveline;1.0000;KOM;2.8;2.80;;;02.05.2025;2.8;5903416033752;Kozmetika
VODA JANA LIME.MENTA ZERO1,5 L;358153;Jana;1.5000;l;1.59;1.06;;;02.05.2025;1.59;3858890879230;Piæa
GEL LAK LAQUE 91 8 ml;358158;Eveline;1.0000;KOM;2.8;2.80;;;02.05.2025;2.8;5903416033769;Kozmetika
GEL LAK LAQUE 92 8 ml;358163;Eveline;1.0000;KOM;2.8;2.80;;;02.05.2025;2.8;5903416033776;Kozmetika
GEL LAK LAQUE 96 8 ml;358174;Eveline;1.0000;KOM;2.8;2.80;;;02.05.2025;2.8;5903416033813;Kozmetika
NAMAZ OD LJE©NJ.CRONAMAZ 314 g;358175;;0.3140;kg;6.69;21.31;;;02.05.2025;6.63;3857500118806;Hrana
KRUH FINI DOMAÆI PAK.REZ.700 g;358176;;0.7000;kg;2.24;3.20;;;02.05.2025;2.24;3856016906549;Hrana
LAK ZA NOKTE NAIL THERAPY;358189;Eveline;1.0000;KOM;3.49;3.49;;;02.05.2025;3.49;5903416027508;Kozmetika
KRUH RUSTIKA KLARA 500 g;358191;;0.5000;kg;2.09;4.18;;;02.05.2025;2.09;3856016906556;Hrana
LAK ZA NOKTE NAIL THERAPY;358195;Eveline;1.0000;KOM;3.89;3.89;;;02.05.2025;3.89;5901761991512;Kozmetika
MASKARA EVELINE VIVA ;358202;Eveline;1.0000;KOM;5.39;5.39;;;02.05.2025;5.39;5903416017691;Kozmetika
VODOOTPORNA MASKARA EVELINE;358233;Eveline;1.0000;KOM;5.39;5.39;;;02.05.2025;5.39;5901761965995;Kozmetika
NAPITAK ALPRO BADEM 4X1 L;358301;Alpro;4.0000;l;10.99;2.75;;;02.05.2025;10.99;5411188125945;Piæa
TEKUÆI MAT RU® + OLOVKA;358308;Eveline;1.0000;kom;7.59;7.59;;;02.05.2025;7.59;5903416016779;Kozmetika
TEKUÆI MAT RU® + OLOVKA;358310;Eveline;1.0000;kom;7.59;7.59;;;02.05.2025;7.59;5903416016793;Kozmetika
PIVO ERDINGER BRAU.LAGER 0,5 L;358323;Erdinger;0.5000;l;2.09;4.18;;;02.05.2025;2.09;4005873210255;Piæa
VOÆNI PIRE NP.JAB.BAN.PIR 90 g;358325;Spar Natur pur;0.0900;kg;.89;9.89;;;02.05.2025;.89;9100000892696;Hrana
TONIC TH.HENRY WILD BER.0,75 L;358327;;0.7500;l;5.02;6.69;;;02.05.2025;5.02;4251760801796;Piæa
VOÆNI PIRE NP.JAB.JAG.BAN.90 g;358329;Spar Natur pur;0.0900;kg;.89;9.89;;;02.05.2025;.89;9100000892733;Hrana
NAPITAK SPAR SOJA BARIS.B©.1 L;358332;SPAR;1.0000;l;1.69;1.69;;;02.05.2025;1.69;9100000968216;Piæa
JUHA KOKO©JA PODRAVKA 3x62 g;358333;Podravka;0.1860;kg;2.49;13.39;;;02.05.2025;2.49;3856020220839;Hrana
GAZ.P. XIXO TUTTI FRUIT.0,25 L;358337;;0.2500;l;.79;3.16;;;02.05.2025;.79;5999571050598;Piæa
KETCHUP PODRA.JALAPENO 500 g;358339;Podravka;0.5000;kg;1.99;3.98;;;02.05.2025;1.99;3856020255961;Hrana
ENER.PIÆE HELL LUBENICA 0,25 L;358343;;0.2500;l;1.09;4.36;;;02.05.2025;1.09;5999571050673;Piæa
VOÆNI ©EÆER FRUKTOZA 500 g;358367;;0.5000;kg;2.79;5.58;;;02.05.2025;2.79;3858891760674;Hrana
POVR.NAMAZ NATUR.RAJ.ORIG.75 g;358376;Naturel;0.0750;kg;1.89;25.20;;;02.05.2025;1.89;3858889365560;Hrana
POVR.NAMAZ NATUREL TARTAR 75 g;358377;Naturel;0.0750;kg;1.89;25.20;;;02.05.2025;1.89;3858889365546;Hrana
SLAD.SPAR VEGGIE KAVA 480 ml;358379;SPAR Veggie;0.4800;L;5.49;11.44;;;02.05.2025;4.99;9100000962474;Hrana
SLAD.SPAR VEGGIE NOUG.480 ml;358381;SPAR Veggie;0.4800;L;5.49;11.44;;;02.05.2025;4.99;9100000962436;Hrana
SLAD.S-BUDGET MINI BAR 8x50 ml;358382;S-Budget;0.4000;L;3.29;8.23;;;02.05.2025;2.99;9100000839349;Hrana
HRANA ZA MALE PSE PILET.800 g ;358390;;0.8000;kg;6.39;7.99;;;02.05.2025;6.39;8009470060004;Proizvodi za kuæanstvo
HRANA ZA MALE PSE JANJE.800 g ;358391;;0.8000;kg;6.39;7.99;;;02.05.2025;6.39;8009470059886;Proizvodi za kuæanstvo
HRANA ZA MALE PSE PILE.1,5 kg ;358392;;1.5000;kg;9.99;6.66;;;02.05.2025;9.99;8009470060011;Proizvodi za kuæanstvo
HRANA ZA MALE PSE ZEÈET.100 g;358393;;0.1000;kg;1.09;10.90;;;02.05.2025;1.09;8009470060561;Proizvodi za kuæanstvo
HRANA ZA MALE PSE TUNA 100 g;358394;;0.1000;kg;1.09;10.90;;;02.05.2025;1.09;8009470060585;Proizvodi za kuæanstvo
HRANA ZA MALE PSE JANJE.100 g;358395;;0.1000;kg;1.09;10.90;;;02.05.2025;1.09;8009470060554;Proizvodi za kuæanstvo
HRANA ZA PSE JANJETINA 150 g;358396;;0.1500;kg;1.39;9.27;;;02.05.2025;1.39;8009470008648;Proizvodi za kuæanstvo
HRANA ZA PSE PILETINA 150 g;358398;;0.1500;kg;1.39;9.27;;;02.05.2025;1.39;8009470008662;Proizvodi za kuæanstvo
HRANA ZA PSE PURETINA 150 g;358399;;0.1500;kg;1.39;9.27;;;02.05.2025;1.39;8009470008655;Proizvodi za kuæanstvo
HRANA ZA MALE PSE TUNA 150 g;358400;;0.1500;kg;1.39;9.27;;;02.05.2025;1.39;8009470008679;Proizvodi za kuæanstvo
POSLASTICA ZA PSE WANPY 100 g ;358402;;0.1000;kg;3.99;39.90;;;02.05.2025;3.99;6927749810353;Proizvodi za kuæanstvo
POSLASTICA ZA PSE WANPY 100 g ;358403;;0.1000;kg;3.59;35.90;;;02.05.2025;3.59;6927749810636;Proizvodi za kuæanstvo
POSLASTICA ZA PSE WANPY 100 g ;358404;;0.1000;kg;3.99;39.90;;;02.05.2025;3.99;6927749820048;Proizvodi za kuæanstvo
POSLASTICA ZA PSE WANPY 100 g ;358405;;0.1000;kg;3.59;35.90;;;02.05.2025;3.59;6927749810919;Proizvodi za kuæanstvo
HRANA ZA STERI.MAÈKE PIL.400 g;358407;;0.4000;kg;3.39;8.48;;;02.05.2025;3.39;8009470060097;Proizvodi za kuæanstvo
HRANA ZA MLADE MAÈKE PIL.400 g;358409;;0.4000;kg;3.59;8.98;;;02.05.2025;3.59;8009470060103;Proizvodi za kuæanstvo
HRANA ZA ODRAS.MAÈKE PIL.400 g;358411;;0.4000;kg;3.59;8.98;;;02.05.2025;3.59;8009470060110;Proizvodi za kuæanstvo
HRANA ZA ODRAS.MAÈKE LOS.100 g;358413;;0.1000;kg;.89;8.90;;;02.05.2025;.89;8009470061759;Proizvodi za kuæanstvo
HRANA ZA ODRAS.MAÈKE GOV.100 g;358414;;0.1000;kg;.89;8.90;;;02.05.2025;.89;8009470061780;Proizvodi za kuæanstvo
HRANA ZA MLA.MAÈKE TUNA 100 g;358415;;0.1000;kg;.89;8.90;;;02.05.2025;.89;8009470061797;Proizvodi za kuæanstvo
HRANA ZA STERI.MAÈKE ZEÈ.100 g;358416;;0.1000;kg;.89;8.90;;;02.05.2025;.89;8009470061773;Proizvodi za kuæanstvo
SIR KOZJI I OVÈJI 100 g;358417;;0.1000;kg;;19.90;1.99;2.99;02.05.2025;2.99;5902431275192;Hrana
KRUH RA®ENI MIJE©A.SPAR 500 g;358422;SPAR Qualitätsmarke;0.5000;kg;1.89;3.78;;;02.05.2025;1.79;9100000948911;Hrana
TARALLI CLASSIC  PREMIUM 400 g;358423;SPAR Premium;0.4000;kg;2.79;6.98;;;02.05.2025;2.79;8001300502296;Hrana
SIR OVÈJI REZANI 100 g;358427;;0.1000;kg;3.49;34.90;;;02.05.2025;3.49;5902431270975;Hrana
KOB.S TARTUF.ISTAR.SPAR 135 g;358430;SPAR REMIUM;0.1350;kg;6.59;48.81;;;02.05.2025;6.29;3856021216572;Hrana
ISTARSKI MIX NAREZ.SPAR 150 g;358431;SPAR REMIUM;0.1500;kg;7.50;50.00;;;02.05.2025;7.09;3856021216596;Hrana
Tikvice okrugle rfs;358446;;1.0000;kg;2.99;2.99;;;02.05.2025;2.99;72;Hrana
KOBASICA SVJE®A CHILI 290 g;358455;;0.2900;kg;4.39;15.14;;;02.05.2025;4.39;3858894290642;Hrana
KOBASICA PANCETA I LUK 290 g;358456;;0.2900;kg;4.39;15.14;;;02.05.2025;4.39;3858894290666;Hrana
KOBASICA SOL I PAPAR 290 g;358457;;0.2900;kg;3.99;13.76;;;02.05.2025;3.99;3858894290680;Hrana
CVIJET TIKVE 100 g;358458;;0.1000;kg;2.49;24.90;;;02.05.2025;2.49;8052879779909;Hrana
GEL LAK LAQUE 48 8 ml;358462;Eveline;1.0000;KOM;2.69;2.69;;;02.05.2025;2.69;5903416010241;Kozmetika
GEL LAK LAQUE 47 8 ml;358463;Eveline;1.0000;KOM;2.69;2.69;;;02.05.2025;2.69;5903416010234;Kozmetika
HRANA ZA STER.MAÈKE PIL.1,5 kg;358464;;1.5000;kg;10.39;6.93;;;02.05.2025;10.39;8009470059817;Proizvodi za kuæanstvo
HRANA ZA SRE.VEL.PSE PIL.3 kg ;358465;;3.0000;kg;15.99;5.33;;;02.05.2025;15.99;8009470060028;Proizvodi za kuæanstvo
KAVA LAVAZZA QU.ROS.1 kg;358466;Lavazza;1.0000;kg;24.99;24.99;;;02.05.2025;24.99;8000070035904;Piæa
KAVA LAVAZZA CREMA E GU. 1 kg;358468;Lavazza;1.0000;kg;24.99;24.99;;;02.05.2025;24.99;8000070051003;Piæa
MAÐARICA S BUDGET 400 g;358470;S-BUDGET;0.4000;kg;4.39;10.98;;;02.05.2025;4.39;3856021221217;Hrana
TUNA SALATA RIO MARE KVI.160 g;358472;Rio Mare;0.1600;kg;4.68;29.25;;;02.05.2025;4.68;8004030835023;Hrana
HRENOVKE GAVR.U SL.VODI 570 g;358478;Gavrilovic;0.3000;kg;5.59;18.63;;;02.05.2025;5.59;3858890207576;Hrana
KA©ICA FRUT.JAB.©LJI.KRU.100 g;358480;Fructal;0.1000;kg;1.39;13.90;;;02.05.2025;1.39;3838945439619;Hrana
KEKSIÆI KEKSOLINO KAKAO 140 g;358488;Lino;0.1400;kg;1.79;12.79;;;02.05.2025;1.79;3856020254827;Hrana
KEKSIÆI KEKSOLINO MULTIG.140 g;358490;Lino;0.1400;kg;1.79;12.79;;;02.05.2025;1.79;3856020254858;Hrana
AJVAR PODR.PEÈ.PAP.LJUTI 290 g;358492;Podravka;0.2900;kg;4.49;15.48;;;02.05.2025;4.49;3856020253745;Hrana
MINI KOBASICA S BUDGET 200 g;358493;S-Budget;0.2000;kg;4.59;22.95;;;02.05.2025;4.64;9100000973623;Hrana
ULJE MASL.EX.DJ.MEDITER 0,75 L;358494;;0.7500;L;9.99;13.32;;;02.05.2025;9.99;3859891230587;Hrana
©EÆER MLJEVENI AGRAGOLD 500 g;358495;Agragold;0.5000;kg;1.59;3.18;;;02.05.2025;1.59;9007829025055;Hrana
PA©TETA ARGETA KOKO.JETR.45 g;358501;Argeta;0.0450;kg;.89;19.78;;;02.05.2025;.89;38380518;Hrana
NAP.JAFFA CREME GOLD 215 g;358525;Jaffa;0.2150;kg;1.99;9.26;;;02.05.2025;1.99;8600114010432;Hrana
NAP.JAFFA STIX LIMUN 160 g;358526;Jaffa;0.1600;kg;1.69;10.56;;;02.05.2025;1.69;8600114010692;Hrana
BURGER JUNETINA 150 g;358540;;0.1500;kg;2.99;19.93;;2.70;02.05.2025;3.59;3858894290505;Hrana
BURGER ANGUS 150 g;358541;;0.1500;kg;3.19;21.27;;2.94;02.05.2025;3.69;3858894290567;Hrana
SALVETE GRADILI©TE 20/1;358566;;20.0000;kom;2.65;0.13;;;02.05.2025;2.65;3858887182923;Proizvodi za kuæanstvo
SALVETE SRETAN ROÐENDAN 20/1;358571;;20.0000;kom;2.65;0.13;;;02.05.2025;2.65;3858887180875;Proizvodi za kuæanstvo
PREZERV.YOU&ME 12/1 SENSITIVE ;358604;;12.0000;kom;5.99;0.50;;;02.05.2025;5.99;8594068382588;Toaletne potrep¹tine
POMM.FRITES REBRAST.S-BUD.1 kg;358605;S-Budget;1.0000;kg;2.89;2.89;;;02.05.2025;2.89;9100000969381;Hrana
GEL TU.L´ANGELICA 500 ml ;358607;L'Angelica;0.5000;l;2.99;5.98;;;02.05.2025;2.99;8017331082133;Kozmetika
NEKTAR MARASKA JABUKA  C  1 L;358611;Maraska;1.0000;l;1.79;1.79;;;02.05.2025;1.65;3850158605056;Piæa
NEKTAR MARASKA NARANÈA 1 L;358612;Maraska;1.0000;L;2.85;2.85;;;02.05.2025;1.95;3850158605001;Piæa
®IT.ENCIAN CHOCO MEDVJED.250 g;358623;Encian;0.2500;kg;2.69;10.76;;;02.05.2025;2.69;3858890104554;Hrana
JAJA OMEGA 3 SPAR VITAL M 10/1;358624;SPAR Vital;10.0000;kom;2.99;0.30;;;02.05.2025;2.99;3856021221583;Hrana
ZUB.PASTA BIOREPAIR 75 ml;358684;BIOREPAIR;0.0750;l;4.49;59.87;;;02.05.2025;4.49;8017331097182;Kozmetika
ÈOK.LION MINI VREÆICA 198 g;358700;Lion;0.1980;kg;4.49;22.68;;;02.05.2025;4.49;7613034675842;Hrana
ABRAZIV.SRED.ARF CREAM 400 ml;358706;Arf;0.4000;L;1.89;4.73;;;02.05.2025;1.89;3850105181626;Sredstva za èi¹æenje
ABR.SRED.ARF CIT.CREAM 400 ml;358707;Arf;0.4000;L;1.89;4.73;;;02.05.2025;1.89;3850105181596;Sredstva za èi¹æenje
SREDSTVO ARF STAKLO 650 ml ;358708;Arf;0.6500;l;1.75;2.69;;;02.05.2025;1.75;3850105181015;Sredstva za èi¹æenje
SRE.ARF STAKLO ANTISTAT.650 ml;358709;Arf;0.6500;l;1.75;2.69;;;02.05.2025;1.75;3850105181107;Sredstva za èi¹æenje
SRED.ARF STAKLO CITRUS 650 ml;358710;Arf;0.6500;l;1.75;2.69;;;02.05.2025;1.75;3850105181077;Sredstva za èi¹æenje
SRED.ZA ÈI©Æ.ARF DEOBAD 650 ml;358712;Arf;0.6500;l;2.55;3.92;;;02.05.2025;2.55;3850105181190;Sredstva za èi¹æenje
SRED.ARF ZA KUPAONICU 600 ml;358713;Arf;0.6000;l;;3.82;2.29;2.79;02.05.2025;2.79;3850105181374;Sredstva za èi¹æenje
SREDSTVO ARF BLIC 650 ml;358714;Arf;0.6500;l;3.29;5.06;;;02.05.2025;3.29;3850105181251;Sredstva za èi¹æenje
SREDSTVO ARF DEOBAD 650 ml;358716;Arf;0.6500;l;2.55;3.92;;;02.05.2025;2.55;3850105181046;Sredstva za èi¹æenje
SIR GRIKIOS KOCKA 270 g ;358730;;0.2700;kg;2.49;9.22;;;02.05.2025;2.49;5902431277004;Hrana
VL.MAR.SPAR SENSIT.60/1;358757;SPAR;60.0000;kom;1.29;0.02;;;02.05.2025;1.29;8710671202710;Toaletne potrep¹tine
SRED.BECK.ZA ÈI©.TEPIHA 650 ml;358762;Dr. Beckmann;0.6630;l;5.39;8.13;;;02.05.2025;5.39;4008455572017;Sredstva za èi¹æenje
BOOM BURGER 300 g;358792;;0.3000;kg;4.79;15.97;;;02.05.2025;4.59;3850139280623;Hrana
INST.JUHA POD.GOVEÐI OKUS 75 g;358809;Podravka;0.0750;kg;0.69;9.20;;;02.05.2025;0.69;3856020258054;Hrana
ÈOK.KNOPPERS NUTBAR KOKOS 40 g;358810;Knoppers;0.0400;kg;0.79;19.75;;;02.05.2025;0.79;40144474;Hrana
ÈOK.KNOPP.NUTBAR KIKIRIKI 40 g;358811;Knoppers;0.0400;kg;0.79;19.75;;;02.05.2025;0.79;40144467;Hrana
INS.JUHA POD.KOKO©JI OKUS 75 g;358812;Podravka;0.0750;kg;0.69;9.20;;;02.05.2025;0.69;3856020257996;Hrana
INS.JUHA POD.POVRTNI OKUS 75 g;358813;Podravka;0.0750;kg;0.69;9.20;;;02.05.2025;0.69;3856020258115;Hrana
INS.JUHA POD.GOVEÐI OKUS 375 g;358814;Podravka;0.3750;kg;2.69;7.17;;;02.05.2025;2.69;3856020258399;Hrana
IN.JUHA POD.KOKO©JI OKUS 375 g;358815;Podravka;0.3750;kg;2.69;7.17;;;02.05.2025;2.69;3856020258337;Hrana
IN.JUHA POD.POVRTNI OKUS 375 g;358817;Podravka;0.3750;kg;2.69;7.17;;;02.05.2025;2.69;3856020258368;Hrana
GEL ZA KOSU WET LOOK 225 ml;358818;Professional style;0.2250;L;1.89;8.40;;;02.05.2025;1.89;5908241729474;Kozmetika
GEL ZA KOSU EXTRA STR. 225 ml;358820;Professional style;0.2250;L;1.89;8.40;;;02.05.2025;1.89;5908241795707;Kozmetika
OSVJE®.PIÆE FRUC NARANÈA 1,5 L;358826;;1.5000;l;1.72;1.15;;;02.05.2025;1.72;3838945031554;Piæa
OSVJE®A.PIÆE FRUC VI©NJA 1,5 L;358830;;1.5000;l;1.72;1.15;;;02.05.2025;1.72;3838945016209;Piæa
ZUB.PASTA PARODONTAX 75 ml;358852;Parodontax;0.0750;kg;;74.53;5.59;6.99;02.05.2025;6.99;5054563120496;Kozmetika
RAMA NAMAZ BUTTERY 400 g;358853;Rama;0.4000;kg;1.99;4.98;;;02.05.2025;1.99;8719200265127;Hrana
ZUB.PASTA PARODONTAX 75 ml;358854;Parodontax;0.0750;kg;;74.53;5.59;6.99;02.05.2025;6.99;5054563120113;Kozmetika
©AM.BIOBAZA KIDS 250 ml;358855;Biobaza;0.2500;L;3.99;15.96;;;02.05.2025;3.99;3856020904142;Kozmetika
©AM.BIOBAZA KIDS 250 ml;358856;Biobaza;0.2500;L;3.99;15.96;;;02.05.2025;3.99;3856020904166;Kozmetika
©AM.BIOBAZA KIDS 250 m;358857;Biobaza;0.2500;L;3.99;15.96;;;02.05.2025;3.99;3856020909949;Kozmetika
ROLL ON BOROTALCO SOFT 50 ml;358858;Borotalco;0.0500;L;3.50;70.00;;;02.05.2025;3.50;80816614;Kozmetika
DEO SPR.BOROTALCO SOFT 150 ml;358860;Borotalco;0.1500;L;3.50;23.33;;;02.05.2025;3.50;8002410045079;Kozmetika
Kuhana ¹unka u ovitku;358863;Medven;1.0000;kg;11.99;11.99;;;02.05.2025;11.99;3859893850707;Hrana
RI.RIOPAK DUGO ZR.PARBOIL.1 kg;358871;Rio Pak;1.0000;kg;2.25;2.25;;;02.05.2025;2.25;3859888279582;Hrana
VINO VRH.CAB.SAUVIGNON 0,75 L;358876;;0.7500;L;9.22;12.29;;;02.05.2025;9.22;3858889832253;Piæa
BOMB.U BOÈICI PAW PATROL 10 g;358879;Ajax;0.0100;kg;3.59;359.00;;;02.05.2025;3.59;5200701006782;Hrana
PJ.VINO 20 RIGHE 0,75 L EX.DRY;358884;Exclusive bei SPAR;0.7500;L;3.79;5.05;;;02.05.2025;3.74;8006870013296;Piæa
PJ.VINO 20 RIGHE 0,75 L ROSE;358886;Exclusive bei SPAR;0.7500;L;3.74;4.99;;;02.05.2025;3.74;8006870013302;Piæa
VINO MALVAZIJA ISTARSKA  1 L;358888;;0.7500;L;3.62;4.83;;;02.05.2025;3.62;3858891544700;Piæa
VINO MIMI KISS 0,75 L;358889;;0.7500;L;7.42;9.89;;;02.05.2025;7.42;8057190500317;Piæa
JOGURT B AKT. NATUR 2x1 kg;358893;Dukat;2.0000;kg;3.99;2.00;;;02.05.2025;4.01;3850354016755;Hrana
VINO MIMI KISS ROSE 0,75 L;358894;;0.7500;L;7.42;9.89;;;02.05.2025;7.42;8057190500331;Piæa
SIR MLADI KOLUT SV.DUJE 300 g;358895;;0.3000;kg;4.49;14.97;;;02.05.2025;4.49;3859893220623;Hrana
PESTO STAR GENOVESE 190 g;358897;;0.1900;kg;2.99;15.74;;;02.05.2025;2.99;80037019;Hrana
PESTO STAR RICOT,TARTUF 185 g;358898;;0.1850;kg;2.99;16.16;;;02.05.2025;2.99;8000050025611;Hrana
UM.PESTO TIGULLIO RAJÈ.190 g;358899;;0.1900;kg;2.99;15.74;;;02.05.2025;2.99;8000050024645;Hrana
GIN HAWK 0,5 L;358902;;0.5000;L;17.92;35.84;;;02.05.2025;17.92;3859890672821;Piæa
LIKER SPRITZ ROLL APER.0,75 L;358903;;0.7500;L;7.99;10.65;;;02.05.2025;7.99;8007531114536;Piæa
LIKER INCANTO MED 0,5 L 18%;358904;;0.5000;L;13.22;26.44;;;02.05.2025;13.22;3858891172484;Piæa
LIKER INCANTO VI©NJA 0,5 L 18%;358905;;0.5000;L;13.22;26.44;;;02.05.2025;13.22;3858891172422;Piæa
JE.U ÈA©I SAIKEBON PILET.93 g;358907;;0.0930;kg;1.99;21.40;;;02.05.2025;1.99;8000050021651;Hrana
LIKER INCANTO BOROV.0,5 L 18%;358908;;0.5000;L;13.22;26.44;;;02.05.2025;13.22;3858891172507;Piæa
LIKER INC.TERANINO 0,5 L 18%;358909;;0.5000;L;14.48;28.96;;;02.05.2025;14.48;3858891172743;Piæa
LIKER MAR.ORAH.ÈOK.0,7 L;358910;;0.7000;L;12.02;17.17;;;02.05.2025;12.02;3850158406141;Piæa
VINO S BUDGET BIJELO 1,5 L;358911;S-BUDGET;1.5000;L;2.59;1.73;;;02.05.2025;2.59;9100000789088;Piæa
JE.U ÈA©I SAIKEBON POVRÆE 93 g;358919;;0.0930;kg;1.99;21.40;;;02.05.2025;1.99;8000050022955;Hrana
JE.U ÈA©I SAIKEBON GOVED.93 g;358920;;0.0930;kg;1.99;21.40;;;02.05.2025;1.99;8000050021644;Hrana
JEL.U ÈA©I SAIKEBON GOVED.60 g;358921;;0.0600;kg;1.39;23.17;;;02.05.2025;1.39;8000050019436;Hrana
JEL.U ÈA©I SAIKEBON PILET.60 g;358922;;0.0600;kg;1.39;23.17;;;02.05.2025;1.39;8000050019429;Hrana
JE.U ÈA©I SAIKEBON POVRÆE 60 g;358924;;0.0600;kg;1.39;23.17;;;02.05.2025;1.39;8000050019443;Hrana
KAJMAK S BUDGET 250 g;358931;S-BUDGET;0.2500;kg;2.79;11.16;;;02.05.2025;2.79;3831115329192;Hrana
OME.ORNEL GOLDEN DREAM 1,6 L;358956;Ornel;1.6000;L;3.99;2.49;;;02.05.2025;3.99;3850105182104;Sredstva za èi¹æenje
NAMAZ LINO LADA DUO PODR.700 g;358991;Podravka;0.7000;kg;6.59;9.41;;;02.05.2025;6.59;3856020259884;Hrana
NAMAZ LINO LADA MILK POD.700 g;358992;Podravka;0.7000;kg;6.59;9.41;;;02.05.2025;6.59;3856020259945;Hrana
NAMAZ LINO LADA GOLD POD.650 g;358994;Podravka;0.6500;kg;6.59;10.14;;;02.05.2025;6.59;3856020259914;Hrana
OSVJE®.PIÆE FRUC NARANÈA 0,5 L;359009;Fructal;0.5000;l;1.02;2.04;;;02.05.2025;1.02;3838945031547;Piæa
OSVJE®A.PIÆE FRUC VI©NJA 0,5 L;359016;Fructal;0.5000;l;1.02;2.04;;;02.05.2025;1.02;3838945016216;Piæa
INSEKTICI.BIOKILL EXTRA 375 ml;359017;Biokill;0.3750;L;5.95;15.87;;;02.05.2025;5.95;3838980105333;Proizvodi za kuæanstvo
SOK HAPPY DAY MULTIVITAMIN 1 L;359023;Happy Day;1.0000;l;2.09;2.09;;;02.05.2025;2.09;9008700215312;Piæa
KRANJSKA IVANEÈKA PREM. 400 g;359058;IMISIMO;0.4000;kg;4.79;11.98;;;02.05.2025;4.79;3859893866029;Hrana
HREN.FRANK.IVANEÈKI 275 g;359059;IMISIMO;0.2750;kg;3.29;11.96;;;02.05.2025;3.29;3859893866036;Hrana
INSTAN.KAVA NES.CRE.LAT.150 g;359061;Nescafe;0.1500;kg;2.99;19.93;;;02.05.2025;2.99;8445290099785;Piæa
SOK HAPPY DAY NARAN.MRK.LI.1 L;359122;Happy Day;1.0000;l;2.09;2.09;;;02.05.2025;2.09;9008700218221;Piæa
SOK HAPPY DAY BOROVNICA  1 L;359123;Happy Day;1.0000;l;2.39;2.39;;;02.05.2025;2.39;9008700215299;Piæa
JOG.ACTIVIA MIX JAGODA 168 g;359124;Danone;0.1680;kg;1.49;8.87;;;02.05.2025;1.49;5941209010139;Hrana
SOK HAPPY DAY JAGODA  0,2 L;359125;Happy Day;0.2000;l;0.79;3.95;;;02.05.2025;0.79;9008700215787;Piæa
SOK HAPPY DAY NARANÈA  0,2 L;359126;Happy Day;0.2000;l;0.75;3.75;;;02.05.2025;0.75;9008700215848;Piæa
SOK HAPPY FAMILY JABUKA 0,2 L;359128;Happy Day;0.2000;l;0.75;3.75;;;02.05.2025;0.75;9008700218207;Piæa
Dalmatinska buðola del.Pivac;359151;Pivac;1.0000;kg;22.89;22.89;;;02.05.2025;22.89;3858881618046;Hrana
MASLAC FIRS.CHOI.60% m.m 200 g;359302;;0.2000;kg;2.19;10.95;;;02.05.2025;2.19;5411476001623;Hrana
PECIVO BIJELO BEZ GLUTE. 120 g;359315;;0.1200;kg;2.79;23.25;;;02.05.2025;2.79;3859893064210;Hrana
ROLADA LJE©NJAK 250 g;359367;;0.2500;kg;1.69;6.76;;;02.05.2025;1.69;8001585002115;Hrana
PA©TETA LINO PILEÆA CREAM 50 g;359371;Lino;0.0500;kg;0.89;17.80;;;02.05.2025;0.89;3856020259426;Hrana
TUNA PA©TETA LINO CREAM 50 g;359372;Lino;0.0500;kg;1.19;23.80;;;02.05.2025;1.20;3856020259396;Hrana
ÈOKOL.VEGGIE MALINA 75 g;359403;SPAR Veggie;0.0750;kg;2.39;31.87;;;02.05.2025;2.39;9100000971841;Hrana
ÈOKOL.VEGGIE ÈOKO.KOKOS 75 g;359404;SPAR Veggie;0.0750;kg;2.39;31.87;;;02.05.2025;2.39;9100000971865;Hrana
®VAKE ORBIT WHITE RASPBER.14 g;359459;Orbit;0.0140;kg;0.99;70.71;;;02.05.2025;0.99;50173747;Hrana
ORBIT REFRESHERS TROPIC.15,6 g;359461;Orbit;0.0156;kg;0.99;63.46;;;02.05.2025;0.99;4009900540520;Hrana
PECIV.ELEPHANT TWIST LUK 160 g;359464;Elephant;0.1600;kg;1.89;11.81;;1.59;02.05.2025;1.59;5949040203505;Hrana
PECIV.ELEP.TWIST SOL-MED 160 g;359466;Elephant;0.1600;kg;1.89;11.81;;1.59;02.05.2025;1.59;5949040203482;Hrana
PECIV.ELEP.TWIST RAJÈ.-K.160 g;359467;Elephant;0.1600;kg;1.89;11.81;;1.59;02.05.2025;1.59;5949040203673;Hrana
MUESLI S-BUDGET ÈOKOLADA 500 g;359470;S-Budget;0.5000;kg;2.99;5.98;;;02.05.2025;2.99;9100000692920;Hrana
POWER MOZZA SANA 200 g;359498;Sana;0.2000;kg;2.65;13.25;;;02.05.2025;2.65;3858892321966;Hrana
POWER GREEK SANA 200 g;359501;Sana;0.2000;kg;2.99;14.95;;;02.05.2025;2.99;3858892322031;Hrana
POWER TRAPI SANA 200 g;359505;Sana;0.2000;kg;2.69;13.45;;;02.05.2025;2.91;3858892322017;Hrana
KEKS SOLEN OZMO BURGER 40 g;359518;Solen;0.0400;kg;0.89;22.25;;;02.05.2025;0.89;8691707057149;Hrana
KEKS SOLEN OZMO KORNET 25 g;359519;Solen;0.0250;kg;0.59;23.60;;;02.05.2025;0.59;8691707090122;Hrana
Kranjska kobasica PPK;359530;Ppk;1.0000;kg;7.99;7.99;;;02.05.2025;7.99;3858890187724;Hrana
BURGER IBERICO 150 g;359575;;0.1500;kg;2.39;15.93;;2.19;02.05.2025;2.69;3858894290581;Hrana
KAVA HELL ENERG.CARAMEL 250 ml;359590;;0.2500;L;1.69;6.76;;;02.05.2025;1.39;5999571050611;Piæa
©UNKA SCHWARZWALD S BUDG.300 g;359598;S-Budget;0.3000;kg;4.99;16.63;;4.99;02.05.2025;5.19;3856021221767;Hrana
©UNKA SELJAÈKA  S BUDGET 300 g;359600;S-Budget;0.3000;kg;5.19;17.30;;;02.05.2025;5.19;3856021221781;Hrana
VL.MAR.PRETTY BABY CLASS. 80/1;359613;Pretty Baby;80.0000;kom;1.49;0.02;;;02.05.2025;1.49;9100000947174;Toaletne potrep¹tine
VL.MAR.PRETTY BABY VODA  80/1;359614;Pretty Baby;80.0000;kom;1.99;0.02;;;02.05.2025;1.99;9100000854830;Toaletne potrep¹tine
TP ZEWA JUST 5 SLOJA 6/1;359615;Zewa;6.0000;KOM;3.99;0.67;;;02.05.2025;3.99;7322541189314;Toaletne potrep¹tine
VLA®NI TP.ZEWA SENSITIVE 80/1;359617;Zewa;80.0000;kom;3.29;0.04;;;02.05.2025;3.29;7322541395050;Toaletne potrep¹tine
D.ROLL ON NIVEA PEARL&BE.50 ml;359620;Nivea;0.0500;l;4.99;99.80;;;02.05.2025;4.99;9005800356440;Kozmetika
TJ.BAR.INTEG.SPAGHETTINI 500 g;359621;Barilla;0.5000;kg;3.09;6.18;;;02.05.2025;3.09;8076809583275;Hrana
DEO S.NIVEA PEARL&BEAU. 150 ml;359625;Nivea;0.1500;l;4.99;33.27;;;02.05.2025;4.99;9005800356112;Kozmetika
NIVEA GEL ZA TU© CRE. 250 ml;359626;Nivea;0.2500;l;2.99;11.96;;;02.05.2025;2.99;9005800355719;Kozmetika
LIZALICA MALOW JELLY COMP.10 g;359648;Fizzy;0.0100;kg;0.80;80.00;;;02.05.2025;0.80;3395503171546;Hrana
©TAP.SALTAS SPICY PEANUT 40 g;359665;Koestlin;0.0400;kg;0.75;18.75;;;02.05.2025;0.75;3856014103094;Hrana
VAFLI KOESTLIN MIGNON 26 g;359684;Koestlin;0.0260;kg;0.39;15.00;;0.39;02.05.2025;0.49;3856014103858;Hrana
VAFLI KOESTLIN RUM 26 g;359686;Koestlin;0.0260;kg;0.39;15.00;;0.39;02.05.2025;0.49;3856014103810;Hrana
VAFLI KOESTLIN KARAT 26 g;359687;Koestlin;0.0260;kg;0.39;15.00;;0.39;02.05.2025;0.49;3856014103773;Hrana
ULJE OMEGOL ZVIJEZDA 490 ml ;359689;Zvijezda;0.4900;L;1.29;2.63;;;02.05.2025;1.29;3856015326386;Hrana
ULJE MEDITERAN ZVIJEZDA 490 ml;359692;Zvijezda;0.4900;L;2.09;4.27;;;02.05.2025;2.09;3856015326355;Hrana
PJE.AFRODITA YOU.&PURE 150 ml ;359696;Afrodita;0.1500;l;8.49;56.60;;;02.05.2025;8.49;3831070658825;Kozmetika
MICELAR. VODICA GARNIER 400 ml;359734;Garnier;0.4000;L;7.59;18.98;;;02.05.2025;7.59;3600542467650;Kozmetika
GAZ.PIÆE SPAR JAGODA PA.0,75 L;359735;SPAR;0.7500;l;1.32;1.76;;;02.05.2025;1.32;9100000971919;Piæa
GEL ZA LICE GARNIER  200 ml;359736;Garnier;0.2000;l;7.99;39.95;;;02.05.2025;7.99;3600542586108;Kozmetika
GAZ.PIÆE SPAR LIMUN 0,75 L;359737;SPAR;0.7500;l;1.32;1.76;;;02.05.2025;1.32;9100000971933;Piæa
KREM.GARNIER  50 ml;359738;Garnier;0.0500;l;8.99;179.80;;;02.05.2025;8.99;3600542471039;Kozmetika
GAZ.PIÆE SPAR  MANGO 0,75 L;359741;SPAR;0.7500;l;1.32;1.76;;;02.05.2025;1.32;9100000971957;Piæa
ELMEX ZP SENS PLUS COM PR 75ML;359743;Elmex;0.0750;l;5.39;71.87;;;02.05.2025;5.39;8718951501904;Kozmetika
VINO MILIÈIÆ PO©IP 0,75L;359749;;0.7500;L;9.02;12.03;;;02.05.2025;9.02;3859888400214;Piæa
GRAN.SANTE BROWN.TRE©NJA 300 g;359768;Sante;0.3000;kg;3.99;13.30;;;02.05.2025;3.99;5900617042255;Hrana
GRAN.SANTE ORA©.PLOD.MED 300 g;359770;Sante;0.3000;kg;3.99;13.30;;;02.05.2025;3.99;5900617037152;Hrana
ENER.PIÆE SB CLASSIC XXL 0,5 L;359791;S-Budget;0.5000;l;1.09;2.18;;;02.05.2025;1.09;9100000971520;Piæa
SIR FETA S BUDGET 200 g;359802;S-Budget;0.2000;kg;3.49;17.45;;;02.05.2025;3.49;9100000003665;Hrana
GEL TU.L´ANGELICA HYDR.250 ml ;359803;L'Angelica;0.2500;l;2.49;9.96;;;02.05.2025;2.49;8017331083086;Kozmetika
GEL TU.L´ANGELICA NOUR.250 ml ;359804;L'Angelica;0.2500;l;2.49;9.96;;;02.05.2025;2.49;8017331083109;Kozmetika
ULJE MAS.EX.DJ.FARC100% 250 ml;359855;;0.2500;L;4.99;19.96;;;02.05.2025;4.99;8007153007223;Hrana
MAR. SPLENDID ZA DEZINF. 40/1;359869;Splendid;40.0000;kom;1.49;0.04;;;02.05.2025;1.49;9100000018010;Sredstva za èi¹æenje
HIG.MARAMICE MEDIHELP 10/1;359948;MediHelp;10.0000;kom;0.89;0.09;;;02.05.2025;0.89;9100000965000;Toaletne potrep¹tine
CO.OPO SPRITZ LIMUN/ÐUM.0,33 L;359959;;0.3300;L;2.28;6.91;;;02.05.2025;2.28;5600168028844;Piæa
ÈOK.ÈOKSA SALTED PEANUT 67 g;359982;Èoksa;0.0670;kg;1.49;22.24;;;02.05.2025;1.49;3850102522637;Hrana
ÈOK.ÈOKSA BANANA & KEKS 68 g;359984;Èoksa;0.0680;kg;1.49;21.91;;;02.05.2025;1.49;3850102001606;Hrana
ÈOK.ÈOKSA CREAMY MILK 68 g;359989;Èoksa;0.0680;kg;1.49;21.91;;;02.05.2025;1.49;3850102001613;Hrana
OMEK©.ORNEL CALMING 1,6 L;359993;Ornel;1.6000;l;3.99;2.49;;;02.05.2025;3.99;3850105182074;Sredstva za èi¹æenje
VINO PETRAÈ GRA©EVINA 0,75 L;359994;;0.7500;L;10.62;14.16;;;02.05.2025;10.62;3859890234012;Piæa
OME.ORNEL VIOLET 1,6 L;359996;Ornel;1.6000;l;3.99;2.49;;;02.05.2025;3.99;3850105182197;Sredstva za èi¹æenje
OMEK.ORNEL JASMIN&COTTON 1,6 L;359997;Ornel;1.6000;l;3.99;2.49;;;02.05.2025;3.99;3850105182135;Sredstva za èi¹æenje
OMEK.ORNEL GOLDEN DREAM 800 ml;359998;Ornel;0.8000;l;2.19;2.74;;1.99;02.05.2025;2.60;3850105181893;Sredstva za èi¹æenje
VINO PINOT GRIGIO FRIU.0,75 L;359999;;0.7500;L;5.34;7.12;;;02.05.2025;5.34;8006870011209;Piæa
OME.ORNEL BABY&SENSITIV.800 ml;360000;Ornel;0.8000;l;2.19;2.74;;1.99;02.05.2025;2.60;3850105181770;Sredstva za èi¹æenje
VI.CAB.SUV.TERRE SICIL.0,75 L;360001;;0.7500;L;5.34;7.12;;;02.05.2025;5.34;8006870011162;Piæa
OMEK.ORNEL CALMING 800 ml;360002;Ornel;0.8000;l;2.19;2.74;;1.99;02.05.2025;2.60;3850105181862;Sredstva za èi¹æenje
NAPITAK OATLY ZOB BARISTA 1 L ;360030;Oatly;1.0000;l;3.09;3.09;;;02.05.2025;3.09;7394376616501;Piæa
NAPITAK OATLY ZOB VANIL.1 L ;360034;Oatly;1.0000;l;2.69;2.69;;;02.05.2025;2.69;7394376619267;Piæa
NAPITAK OATLY ZOB BARIS.500 ml;360038;Oatly;0.5000;l;1.99;3.98;;;02.05.2025;1.99;7394376617904;Piæa
NAPITAK OATLY ZOB ORI.BIO 1 L ;360039;Oatly;1.0000;l;2.69;2.69;;;02.05.2025;2.69;7394376615894;Piæa
BILJ.KRE.KUH.OATLY BIO 250 ml;360040;Oatly;0.2500;l;1.69;6.76;;;02.05.2025;1.69;7394376615931;Piæa
SRE.SPLENDID ULTRAPOWER 750 ml;360042;Splendid;0.7500;L;1.89;2.52;;;02.05.2025;1.89;3856021222085;Sredstva za èi¹æenje
VL.MAR.PRETTY BABY SENS. 80/1;360044;Pretty Baby;80.0000;kom;1.29;0.02;;;02.05.2025;1.29;9100000947198;Toaletne potrep¹tine
BILJ.KREMA KUH.VEG.KOK.200 ml;360045;SPAR Veggie;0.2000;L;1.99;9.95;;;02.05.2025;1.99;9100000973487;Piæa
VOÆ.PIRE NP.JAB.BAN.PIR 4X90 g;360049;SPAR Natur*pur;0.3600;kg;3.09;8.58;;;02.05.2025;3.09;9100000970691;Hrana
UNIV.MAR.SPLENDID ZA POD. 15/1;360052;Splendid;15.0000;kom;1.29;0.09;;;02.05.2025;1.29;3856021221842;Sredstva za èi¹æenje
VOÆ.PIRE NP.JAB.JAG.BAN.4X90 g;360054;SPAR Natur*pur;0.3600;kg;3.09;8.58;;;02.05.2025;3.09;9100000970752;Hrana
MAR. SPLEN. PARKET I LAM. 15/1;360058;Splendid;15.0000;kom;1.79;0.12;;;02.05.2025;1.79;3856021221866;Sredstva za èi¹æenje
VINO S BUDGET CRNO 1,5 L;360059;S-BUDGET;1.5000;L;2.59;1.73;;;02.05.2025;2.59;9100000789101;Piæa
VODKA S BUDGET 0,7 L;360078;S-BUDGET;0.7000;L;6.49;9.27;;;02.05.2025;6.42;9100300000371;Piæa
TEK.BOMB.TRINKETTO 70 ml;360079;Ajax;0.0700;l;0.75;10.71;;;02.05.2025;0.75;8005533010504;Hrana
ÈOK.MILKA CHOCO WAFER 270 g;360080;Milka;0.2700;kg;6.79;25.15;;;02.05.2025;6.79;7622201677879;Hrana
DOLC.LIMUNSKA KISELINA 75 g;360082;Podravka;0.0750;kg;1.59;21.20;;;02.05.2025;1.59;3856020259853;Hrana
KINESKA MJE©AVINA LEDO 400 g;360085;Ledo;0.4000;kg;3.49;8.73;;;02.05.2025;2.79;3850116053400;Hrana
CARSKA MJE©AVINA LEDO 400 g;360087;Ledo;0.4000;kg;2.29;5.73;;;02.05.2025;2.29;3850116053318;Hrana
GRA©AK-MRKVA LEDO 400 g;360089;Ledo;0.4000;kg;1.99;4.98;;;02.05.2025;1.99;3850116053370;Hrana
BLITVA BRIKETI LEDO 650 g;360090;Ledo;0.6500;kg;3.49;5.37;;;02.05.2025;3.49;3850116053042;Hrana
©PINAT BRIKETI LEDO 650 g;360091;Ledo;0.6500;kg;3.49;5.37;;;02.05.2025;3.49;3850116053288;Hrana
JACKFRUIT VEGGIE 400 g;360092;SPAR Veggie;0.4000;kg;3.49;8.73;;;02.05.2025;3.49;9100000158211;Hrana
©PINAT LEDO 400 g;360093;Ledo;0.4000;kg;1.99;4.98;;;02.05.2025;1.99;3850116053257;Hrana
MAHUNA ®UTA LEDO 400 g;360095;Ledo;0.4000;kg;1.99;4.98;;;02.05.2025;1.99;3850116053226;Hrana
MAHUNA ZELENA LEDO 400 g ;360097;Ledo;0.4000;kg;1.99;4.98;;;02.05.2025;1.99;3850116053196;Hrana
GRA©AK LEDO 400 g;360098;Ledo;0.4000;kg;1.99;4.98;;;02.05.2025;1.99;3850116053165;Hrana
BROKULA LEDO 400 g;360099;Ledo;0.4000;kg;2.39;5.98;;;02.05.2025;2.39;3850116053103;Hrana
©PAROGE S-BUDGET 330 g;360102;S-Budget;0.2050;kg;2.99;14.59;;;02.05.2025;2.99;9100000707006;Hrana
BOB LEDO 400 g;360103;Ledo;0.4000;kg;2.99;7.48;;;02.05.2025;2.99;3850116053073;Hrana
BOROVNICA LEDO 300 g;360104;Ledo;0.3000;kg;4.89;16.30;;;02.05.2025;4.89;3850116053646;Hrana
HRANA ZA MAÈKE MOL.PREM.300 g;360105;Molly;0.3000;kg;2.69;8.97;;;02.05.2025;2.69;9100000971780;Proizvodi za kuæanstvo
©UMSKO VOÆE LEDO 300 g;360106;Ledo;0.3000;kg;3.49;11.63;;;02.05.2025;3.49;3850116053585;Hrana
VI©NJA LEDO 300 g;360107;Ledo;0.3000;kg;2.99;9.97;;;02.05.2025;2.99;3850116053554;Hrana
MALINA LEDO 300 g;360108;Ledo;0.3000;kg;4.49;14.97;;;02.05.2025;4.49;3850116053615;Hrana
EL.REFIL AIRWICK 19 ml ;360109;Airwick;1.0000;KOM;5.59;5.59;;;02.05.2025;5.59;5999109542274;Sredstva za èi¹æenje
PLOÈICA SP.HP.BAN.TAM.ÈOK.45 g;360110;SPAR;0.0450;kg;1.59;35.33;;;02.05.2025;1.59;3831115327501;Hrana
AGAR VEGGIE 30 g;360116;SPAR Veggie;0.0300;kg;2.19;73.00;;;02.05.2025;2.19;9100000912219;Hrana
GEL.CALGON HYGIENE 750 ml;360118;Calgon;0.7500;L;8.99;11.99;;;02.05.2025;8.99;5997321701769;Sredstva za èi¹æenje
SRED.FINISH ÈISTILO 2X250 ml;360123;Finish;0.5000;L;8.29;16.58;;;02.05.2025;8.29;5999109582652;Sredstva za èi¹æenje
SPREJ VANISH OXI ACTION 500 ml;360126;Vanish;0.5000;L;6.45;12.90;;;02.05.2025;6.45;5997321744674;Sredstva za èi¹æenje
KAVA U ZRNU SEGAF.ESPRES. 1 kg;360141;Segafredo;1.0000;kg;24.49;24.49;;;02.05.2025;24.49;9001810003701;Piæa
MLJE.KAVA SEGAFREDO CASA 250 g;360142;Segafredo;0.2500;kg;6.29;25.16;;;02.05.2025;6.29;8003410344117;Piæa
®ITARICE NESTLE LION 600 g;360144;Nestlé;0.6000;kg;6.29;10.48;;;02.05.2025;6.29;5900020025579;Hrana
®IT.NESTLE COOKIE CRISP 625 g;360145;Nestlé;0.6250;kg;6.29;10.06;;;02.05.2025;6.29;5900020018342;Hrana
GRANOLA NESTLE CHOCO 300 g;360163;Nestlé;0.3000;kg;;13.30;3.99;4.69;02.05.2025;4.69;7613035619425;Hrana
GRANOLA NESTLE HONEY 300 g;360164;Nestlé;0.3000;kg;;13.30;3.99;4.69;02.05.2025;4.69;7613035619456;Hrana
LIKER BOGATI TERANINO 0,7 L;360178;;0.7000;l;20.18;28.83;;;02.05.2025;20.18;3859889132503;Piæa
MARCIPAN ZENTIS BELM.NOUG.40 g;360179;Zentis;0.0400;kg;1.29;32.25;;;02.05.2025;1.29;4062432001808;Hrana
MARCIPAN ZENT.BELM.CLASS.40 g;360180;Zentis;0.0400;kg;1.29;32.25;;;02.05.2025;1.29;4062432001709;Hrana
BOTANIKA DEHIDRIRAN.NARAN.20 g;360185;;0.0200;kg;5.3;265.00;;;02.05.2025;5.3;3858893370468;Piæa
NAMAZ HUMUS VEGGIE XXL 300 g;360186;SPAR Veggie;0.3000;kg;2.99;9.97;;;02.05.2025;2.99;9100000741888;Hrana
TOFU DIMLJENI BIO VEGGIE.250 g;360190;SPAR Veggie;0.2500;kg;2.65;10.60;;;02.05.2025;2.65;9100000739489;Hrana
NAMAZ.VEGGIE.LEÆA-CURRY.125 g;360192;SPAR Veggie;0.1250;kg;1.59;12.72;;;02.05.2025;1.59;9100000153674;Hrana
KLICE ALFA ZELJE ROTKVIC 100 g;360197;;0.1000;kg;1.79;17.90;;;02.05.2025;1.79;3859892862077;Hrana
TJESTEN.DRUID PENNE B.G.400 g;360201;;0.4000;kg;2.69;6.73;;;02.05.2025;2.69;3859893608025;Hrana
TJEST.DRUID FUSILLE B.G.250 g;360205;;0.2500;kg;1.99;7.96;;;02.05.2025;1.99;3859893608001;Hrana
PIROVE FRULICE MASL.ULJE 200 g;360208;;0.2000;kg;4.49;22.45;;;02.05.2025;4.49;3859893972003;Hrana
PIROVE FRULICE KURKUMA 200 g;360209;;0.2000;kg;4.49;22.45;;;02.05.2025;4.49;3859893972010;Hrana
SNACK SA SJEMENKAMA 100 g;360210;;0.1000;kg;3.09;30.90;;;02.05.2025;3.09;3859893972027;Hrana
ZOBENE BOMBICE BAD.BRUS.200 g;360211;;0.2000;kg;4.49;22.45;;;02.05.2025;4.49;3859893972034;Hrana
PLOÈICA SP.HP.KOK.TAM.ÈOK.45 g;360212;SPAR Qualitätsmarke;0.0450;kg;1.59;35.33;;;02.05.2025;1.59;3831115327525;Hrana
PLOÈICA SP.VIT.KOK.TA.ÈOK.50 g;360214;SPAR Vital;0.0500;kg;0.69;13.80;;;02.05.2025;0.69;3831115327488;Hrana
LASAGNE BARILLA BEZ GLUT.250 g;360217;Barilla;0.2500;kg;4.49;17.96;;;02.05.2025;4.49;8076809576352;Hrana
PLOÈICA CORNY PROTEIN.ÈOK.50 g;360219;Corny;0.0500;kg;1.94;38.80;;;02.05.2025;1.94;4011800295011;Hrana
PLOÈICA CORNY PROTEIN.KOK.50 g;360221;Corny;0.0500;kg;1.94;38.80;;;02.05.2025;1.94;4011800295110;Hrana
KA©ICA HIPPIS JAB.KRU©.100 g;360226;Hipp;0.1000;kg;1.35;13.50;;;02.05.2025;1.35;4062300364677;Hrana
KA©ICA HIPPIS JAB.BR.MAN.100 g;360228;Hipp;0.1000;kg;1.35;13.50;;;02.05.2025;1.35;4062300364707;Hrana
KA©ICA HIPP JABUKA DOJEN.125 g;360229;Hipp;0.1250;kg;1.15;9.20;;;02.05.2025;1.15;9062300134152;Hrana
DJEÈJI KEKS HIPP 180 g;360230;Hipp;0.1800;kg;3.58;19.89;;;02.05.2025;3.58;9062300137276;Hrana
HRANA ZA PSE PED.MINI PE.500 g;360232;Pedigree;0.5000;kg;3.29;6.58;;;02.05.2025;3.29;5998749143384;Proizvodi za kuæanstvo
TONIK FEVER TR.RASPB.RUH.0,5 L;360236;;0.5000;l;4.29;8.58;;;02.05.2025;4.29;5060108453240;Piæa
ÈAJNA KOBASICA 80 g PIVAC ;360253;Pivac;0.0800;kg;1.59;19.88;;;02.05.2025;1.59;3858884997131;Hrana
KULEN NAREZAK 80 g PIVAC;360254;Pivac;0.0800;kg;1.59;19.88;;;02.05.2025;1.59;3858884997148;Hrana
VL.MAR. POLIBOY KO®A 20 kom;360313;;20.0000;kom;2.99;0.15;;;02.05.2025;2.99;40161747;Sredstva za èi¹æenje
VL. MAR. POLIBOY EKRAN 30 kom;360316;;30.0000;kom;3.49;0.12;;;02.05.2025;3.49;4016100293019;Sredstva za èi¹æenje
LEDEN.ÈAJ SPAR LUBENICA 0,33 L;360317;SPAR;0.3300;l;.59;1.79;;0.59;02.05.2025;.69;9100000973838;Piæa
LEDENI ÈAJ SPAR VI©NJA 0,33 L;360318;SPAR;0.3300;l;.59;1.79;;0.59;02.05.2025;.69;9100000973852;Piæa
NEKTAR S-BUDGET MARELI.6x0,2 L;360322;S-Budget;1.2000;l;2.35;1.96;;;02.05.2025;2.35;8056149082270;Piæa
NEKTAR S-BUDG.BRESKVA 6x0,2 L;360323;S-Budget;1.2000;l;2.35;1.96;;;02.05.2025;2.35;8056149082294;Piæa
NEKTAR S-BUDGET KRU©KA 6x0,2 L;360325;S-Budget;1.2000;l;2.35;1.96;;;02.05.2025;2.35;8056149082287;Piæa
KOBASICA LJUTA PIK 300 g;360340;Pik;0.3000;kg;4.49;14.97;;;02.05.2025;4.49;3850139173994;Hrana
HRANA ZA PSE SCOT.NAT.PU.300 g;360350;Scotty;0.3000;kg;1.29;4.30;;;02.05.2025;1.29;9100000970783;Proizvodi za kuæanstvo
PUDER FELCE AZZURA 200 g ;360359;Felce Azzurra;0.2000;kg;2.95;14.75;;;02.05.2025;2.95;8001280026225;Kozmetika
DEO SPR.FELCE FRESH  150 ml;360372;Felce Azzurra;0.1500;L;3.79;25.27;;;02.05.2025;3.79;8001280031212;Kozmetika
TJESTENINA SPAR FUSILLI 500 g;360375;SPAR;0.5000;kg;1.19;2.38;;;02.05.2025;1.19;9100000700786;Hrana
ZU.PAS.COLGATE WHITE  75 m;360376;Colgate;0.0750;l;4.19;55.87;;;02.05.2025;3.98;8718951484733;Kozmetika
TJESTENINA SPAR GNOCCHI 500 g;360377;SPAR;0.5000;kg;1.39;2.78;;;02.05.2025;1.39;9100000700847;Hrana
TJEST.SPAR TORTIGLIONI 500 g;360378;SPAR;0.5000;kg;1.39;2.78;;;02.05.2025;1.39;9100000700823;Hrana
TJEST.SPAR PENNE RIGATE 500 g;360379;SPAR;0.5000;kg;1.19;2.38;;;02.05.2025;1.19;9100000700885;Hrana
TJESTENINA SPAR GOMITI 500 g;360380;SPAR;0.5000;kg;1.39;2.78;;;02.05.2025;1.39;9100000700809;Hrana
TJEST.SPAR FREGOLA SARDA 500 g;360381;SPAR;0.5000;kg;1.39;2.78;;;02.05.2025;1.39;9100000913278;Hrana
ZU.PAS.COLGATE MAX WHI. 50 ml;360382;Colgate;0.0500;l;5.69;113.80;;;02.05.2025;5.69;8718951504752;Kozmetika
SLAD.GRUVI BOROVNICA 4x75 ml;360383;;3.0000;L;5.99;2.00;;;02.05.2025;5.99;8005840020111;Hrana
MAJONEZA DELIKATES 85 g;360384;Zvijezda;0.0850;kg;1.09;12.82;;;02.05.2025;1.09;3856015325228;Hrana
©UNKA U OVITKU SLJEME 350 g;360385;Sljeme;0.3500;kg;3.79;10.83;;;02.05.2025;3.79;3850139522754;Hrana
TEM.JU©NI GOVEÐI S-BUDG.140 g;360387;S-Budget;0.1400;kg;1.99;14.21;;;02.05.2025;1.99;9100000994406;Hrana
TEM.JU©.POVRTNI S-BUDG.140 g ;360390;S-Budget;0.1400;kg;1.99;14.21;;;02.05.2025;1.99;9100000994420;Hrana
SERUM HOLYPLANT ANTI.BOO 30 ml;360391;Holyplant;0.0300;L;11.29;376.33;;;02.05.2025;11.29;3858891012520;Kozmetika
SERUM ZORINA MAST Z.LICE 30 ml;360396;ZORINA MAST;0.0300;L;17.49;583.00;;;02.05.2025;17.49;3857500100399;Kozmetika
JU©NI TEMELJ.DESPAR GOVED.1 L;360398;Despar;1.0000;l;1.69;1.69;;;02.05.2025;1.72;8001300243182;Hrana
JU©NI TEMELJ.DESPAR POVRÆE 1 L;360400;Despar;1.0000;l;1.69;1.69;;;02.05.2025;1.72;8001300243199;Hrana
COMPLETE COLOR CREME B91 SREB.;360405;Annyer;1.0000;kom;4.19;4.19;;;02.05.2025;4.19;3850177000986;Kozmetika
SIR MARGARITA ZA PIZZU 200 g;360416;President;0.2000;kg;3.55;17.75;;;02.05.2025;3.55;3850355007769;Hrana
SIR AMERICANA ZA PIZZU 200 g;360417;President;0.2000;kg;3.55;17.75;;;02.05.2025;3.55;3850355007745;Hrana
DEO SP.AXE EPIC MU©.250 ml;360429;Axe;0.2500;l;6.49;25.96;;;02.05.2025;6.49;8720181192166;Kozmetika
GEL ZA TU©.AXE EPIC M.250 m;360431;Axe;0.2500;l;2.99;11.96;;;02.05.2025;2.99;8720181204081;Kozmetika
SAPUN GO DOVE FRESH 90 g ;360456;Dove;0.0900;kg;1.79;19.89;;;02.05.2025;1.79;8720182259332;Kozmetika
SAPUN DOVE BEAUTY  90 g ;360457;Dove;0.0900;kg;1.79;19.89;;;02.05.2025;1.79;8720182264664;Kozmetika
SAPUN DOVE CREAM OIL 90 g ;360460;Dove;0.0900;kg;1.79;19.89;;;02.05.2025;1.79;8720182258397;Kozmetika
SAPUN DOVE SHEA BUTTER 90 g ;360461;Dove;0.0900;kg;1.79;19.89;;;02.05.2025;1.79;8720182262417;Kozmetika
SAPUN DOVE PINK 90 g ;360462;Dove;0.0900;kg;1.79;19.89;;;02.05.2025;1.79;8720182259813;Kozmetika
SAPUN DOVE COCONUT 90 g;360463;Dove;0.0900;kg;1.79;19.89;;;02.05.2025;1.79;8720182258137;Kozmetika
ROLL-ON DOVE TALC. CLEO.50 ml;360466;Dove;0.0500;l;5.20;104.00;;;02.05.2025;5.20;59095330;Kozmetika
DEO SPR.AXE  EPIC FRESH 150 ml;360468;Axe;0.1500;l;4.55;30.33;;;02.05.2025;4.55;8720181192128;Kozmetika
GEL TU.DOVE SENSITIVE 400 ml ;360491;Dove;0.4000;l;5.99;14.98;;;02.05.2025;5.99;8720181225451;Kozmetika
MINIBURGER QUINOA VEGGIE 160 g;360498;SPAR Veggie;0.1600;kg;3.49;21.81;;;02.05.2025;3.49;8001300610656;Hrana
BURGER ©PINAT VEGGIE 160 g;360500;SPAR Veggie;0.1600;kg;3.29;20.56;;;02.05.2025;3.29;8001300610595;Hrana
SEITAN VEGGIE BIO 250 g;360503;SPAR Veggie;0.2500;kg;3.49;13.96;;;02.05.2025;3.49;8001300611110;Hrana
PIVO ANGELU© PALE ALE  0,33 L;360512;;0.3300;l;1.98;6.00;;;02.05.2025;1.98;3857500070722;Piæa
PIVO ANGELU© PORTER  0,33 L;360513;;0.3300;l;1.98;6.00;;;02.05.2025;1.98;3857500070739;Piæa
PIVO ANGELU© LAGER  0,33 L;360517;;0.3300;l;1.72;5.21;;;02.05.2025;1.72;3857500070746;Piæa
ENJOY BAKALAR KLASIK 150 g;360538;SPAR enjoy;0.1500;kg;4.09;27.27;;;02.05.2025;4.09;3856021222399;Hrana
ENJOY BAKALAR S MASLIN.150 g;360539;SPAR enjoy;0.1500;kg;4.09;27.27;;;02.05.2025;4.09;3856021222412;Hrana
ENJOY BAKALAR S KAPARIMA 150 g;360541;SPAR enjoy;0.1500;kg;4.09;27.27;;;02.05.2025;4.09;3856021222450;Hrana
ENJOY BAKALAR S PAPROM 150 g;360548;SPAR enjoy;0.1500;kg;4.09;27.27;;;02.05.2025;4.09;3856021222436;Hrana
©AMP.ASEBON JAÈ.RAST 200 ml;360549;Asebon;0.2000;l;8.99;44.95;;;02.05.2025;8.99;3856007910159;Kozmetika
VINO ERDUT PINOT GRIGIO 0,75 L;360572;;0.7500;L;7.99;10.65;;;02.05.2025;7.99;3859889193948;Piæa
ULJE  CEKIN SUNCOKRET.GEA 1 L;360631;Gea;1.0000;L;1.79;1.79;;;02.05.2025;1.79;3830000149419;Hrana
ULJE MJE©.REPIÈ. I LANENO 1 L;360632;Gea;1.0000;L;2.19;2.19;;;02.05.2025;2.19;3830000149426;Hrana
GEL BIONSEN ZA TU©. 650 ml;360633;Bionsen;0.6500;l;2.99;4.60;;;02.05.2025;2.99;8017331098356;Kozmetika
GEL BIONSEN ZA TU©. 650 ml;360634;Bionsen;0.6500;l;2.99;4.60;;;02.05.2025;2.99;8017331098394;Kozmetika
GEL BIONSEN  ZA TU©. 650 ml;360635;Bionsen;0.6500;l;2.99;4.60;;;02.05.2025;2.99;8017331098370;Kozmetika
ODMA©ÆIVAÈ EXPRESS SMAC 650 ml;360647;Smac;0.6500;L;3.49;5.37;;;02.05.2025;3.49;8003650026705;Sredstva za èi¹æenje
SRED.SMAC ZA KAMENAC 650 ml;360648;Smac;0.6500;L;3.49;5.37;;;02.05.2025;3.49;8003650026767;Sredstva za èi¹æenje
S SALVETE 33x33cm,3-SLOJNE;360654;SPAR Qualitätsmarke;1.0000;kom;0.99;0.99;;;02.05.2025;0.99;9100000968872;Proizvodi za kuæanstvo
SRE.SPLENDID ULTRAPOWER 750 ml;360656;Splendid;0.7500;L;1.69;2.25;;;02.05.2025;1.69;3856021222061;Sredstva za èi¹æenje
GIN BOMBAY SUNSET 0,7 L;360660;;0.7000;L;28.49;40.70;;;02.05.2025;27.52;7640175743284;Piæa
VINO FR.MOMJANSKI MU©KAT 0,5 L;360662;;0.5000;L;13.52;27.04;;;02.05.2025;13.52;3857500010377;Piæa
MINI KRAFNA ÈOKO 25 g;360663;;0.0250;kg;0.36;14.40;;;02.05.2025;0.36;3838700352276;Hrana
VINO W.BLASS SHIRAZ 0,75 L;360667;;0.7500;L;9.32;12.43;;;02.05.2025;9.32;9312088451607;Piæa
VODKA OLD PILOTS 0,7 L;360682;;0.7000;L;36.49;52.13;;;02.05.2025;36.49;3857500090294;Piæa
VINO OD RI®E 0,75 L CH.SAKE ;360685;;0.7500;L;12.29;16.39;;;02.05.2025;11.97;4017871800031;Piæa
TORTEL.PIR/SIR DIV.PREMI.250 g;360686;Divita;0.2500;kg;2.59;10.36;;;02.05.2025;2.59;3831001823810;Hrana
RAVIOLI ©PINAT RICOTTA 250 g;360687;Divita;0.2500;kg;2.59;10.36;;;02.05.2025;2.59;3831001823780;Hrana
RAVIOLI GURMAN.SIREVI 250 g;360688;Divita;0.2500;kg;2.59;10.36;;;02.05.2025;2.59;3831001823773;Hrana
RAVIOL.PIR.TARTUFI 250 g;360689;Divita;0.2500;kg;2.59;10.36;;;02.05.2025;2.59;3831001823827;Hrana
LOSION ME©TAR BAGULINA 50 ml;360690;ME©TAR;0.0500;L;;169.00;8.45;10.61;02.05.2025;10.61;3859894057044;Kozmetika
KREMA ME©TAR PICIGIN 50 ml;360693;ME©TAR;0.0750;L;;112.67;8.45;10.61;02.05.2025;10.61;3859894057006;Kozmetika
GRAN.KOK.BAD.BIJ.ÈOK.B.B.300 g;360713;Boom Box;0.3000;kg;3.99;13.30;;;02.05.2025;3.59;3858890479287;Hrana
ZOB.KA©A MALINA VANI.B.B.300 g;360714;Boom Box;0.3000;kg;3.99;13.30;;;02.05.2025;3.59;3858890479263;Hrana
ZOB.KA©A KOKOS ÈOKOL.B.B.300 g;360715;Boom Box;0.3000;kg;3.99;13.30;;;02.05.2025;3.59;3858890479249;Hrana
ZOB.KA©A LJE©NJ.ÈOKO.B.B.300 g;360716;Boom Box;0.3000;kg;3.99;13.30;;;02.05.2025;3.59;3858890479225;Hrana
©AMPON ZA DJECU SHU SHU 250 ml;360738;;0.2500;l;6.59;26.36;;;02.05.2025;6.59;3850105182678;Kozmetika
NAM.OATLY HAF.-AUF.NATUR 150 g;360742;;0.1500;kg;2.38;15.87;;;02.05.2025;2.38;7394376617034;Hrana
DOD.JEL.KORIJEN POVRTNI 340 g;360760;;0.3400;kg;4.19;12.32;;;02.05.2025;4.24;3857500125606;Hrana
PIVO 4 MUDRACA 0,33 L PALE ALE;360772;;0.3300;L;2.02;6.12;;;02.05.2025;2.02;3857500125705;Piæa
GAZIRANO PIÆE PIPI 1,5 L ;360773;Pipi;1.5000;L;2.38;1.59;;;02.05.2025;2.28;3870183100340;Piæa
GAZIRANO PIÆE PIPI 1,5 L;360774;Pipi;1.5000;L;2.02;1.35;;;02.05.2025;1.69;3870183100326;Piæa
OME.VIOLETA SUMMER CHILL 4 L;360781;Violeta;4.0000;L;5.99;1.50;;;02.05.2025;5.99;3870128028593;Sredstva za èi¹æenje
SORBET JAGODA CROCCANT.500 ml;360784;;0.5000;L;7.49;14.98;;;02.05.2025;7.49;3859894052001;Hrana
KREM SLADOL.CROCCANTINO 500 ml;360785;;0.5000;L;7.49;14.98;;;02.05.2025;7.49;3859894052063;Hrana
JEGER IVANEÈKI PIKANT 300 g;360787;IMISIMO;0.3000;kg;3.69;12.30;;;02.05.2025;3.69;3859893866012;Hrana
RAMA CLASSIC 225 g;360793;Rama;0.2250;kg;1.19;5.29;;;02.05.2025;1.19;8719200264915;Hrana
KAVA JM DELISIOSO 56 g KAPSULE;360795;JULIUS MEINL;0.0560;kg;5.79;103.39;;;02.05.2025;5.39;9000403933630;Piæa
TAPIOKA KRUH GAU./VLASAC 570 g;360803;;0.5700;kg;;9.46;5.39;6.69;02.05.2025;6.69;3859893064326;Hrana
©unka u ovitku S- budget;360833;S-Budget;1.0000;kg;7.99;7.99;;;02.05.2025;7.99;3856021222931;Hrana
TORTILJE SCHAR BEZ GLUT.160 g;360844;Schar;0.1600;kg;;27.44;4.39;5.49;02.05.2025;5.49;8008698011683;Hrana
INS.KAVA CLASSIC STAKL.200 g;360848;Nestea;0.2000;kg;11.39;56.95;;;02.05.2025;11.39;7613032144296;Piæa
KLICE  ÈE©NJAK 60 g;360868;;0.0600;kg;1.79;29.83;;;02.05.2025;1.79;3859892862039;Hrana
CIKLA SALATA VH 750 g;360870;SPAR Kroatische Gärten;0.4000;kg;2.19;5.48;;;02.05.2025;2.19;3856021215353;Hrana
KREM SLAD.CROCC.ROG/ÈOK.500 ml;360876;;0.5000;L;7.49;14.98;;;02.05.2025;7.49;3859894052124;Hrana
JOG.ACTIMEL MULTIFRUT 4X100 g;360887;Danone;0.4000;kg;2.49;6.23;;;02.05.2025;2.49;5997536110356;Hrana
SLAD.BADEM SPAR VEGGIE 3x90 ml;360900;SPAR Veggie;0.2700;L;;7.37;1.99;2.54;02.05.2025;2.99;3831115330815;Hrana
SLAD.CLASS.SPAR VEGGIE 3x90 ml;360901;SPAR Veggie;0.2700;L;;7.37;1.99;2.54;02.05.2025;2.99;3831115330792;Hrana
DRA®.CHOCO SELECT.KRA© 350 g;360908;Kra¹;0.3500;kg;12.99;37.11;;;02.05.2025;9.74;3850102002139;Hrana
Sir kozji natur Perkov.(za kg);360917;;1.0000;kg;18.99;18.99;;;02.05.2025;18.57;3857500127204;Hrana
Sir kozji dim.Perko.(za kg);360932;;1.0000;kg;18.99;18.99;;;02.05.2025;18.57;3857500127228;Hrana
Sir kozji vlasac Perk.( za kg);360933;;1.0000;kg;18.99;18.99;;;02.05.2025;18.57;3857500127211;Hrana
KREM SLAD.PISTAC.CROCC.500 ml;360944;;0.5000;L;8.49;16.98;;;02.05.2025;8.49;3859894052025;Hrana
KREM SLAD.AMARETT.CROCC.500 ml;360952;;0.5000;L;7.49;14.98;;;02.05.2025;7.49;3859894052087;Hrana
ZG VREÆICA 20L 10/1;360976;Eigenbedarf;1;;5.31;5.31;;;02.05.2025;5.31;3858886760429;Proizvodi za kuæanstvo
ZG VREÆICA 40L 10/1;360977;Eigenbedarf;1;;10.62;10.62;;;02.05.2025;10.62;3858886760528;Proizvodi za kuæanstvo
ZG VREÆICA 10L 10/1;360983;Eigenbedarf;1;;2.64;2.64;;;02.05.2025;2.64;3858886768746;Proizvodi za kuæanstvo
PARI©KA KOBASICA 350 g GAVRIL.;360993;Gavrilovic;0.3500;kg;3.75;10.71;;;02.05.2025;3.75;3858892724446;Hrana
PARI©KA KOB. S POVRÆEM 350 g;360994;Gavrilovic;0.3500;kg;3.75;10.71;;;02.05.2025;3.75;3858892724460;Hrana
KRAFNA BOROVNICA 4/1  240 g;361071;;0.2400;kg;3.29;13.71;;;02.05.2025;3.29;3830043048816;Hrana
GEL ZA TU©.LACTOVIT LAC.300 ml;361082;Lactovit;0.3000;L;2.35;7.83;;;02.05.2025;2.35;8595059740257;Kozmetika
ZUB.PASTA BIOREPAIR ADV.75 ml;361125;BIOREPAIR;0.0750;l;4.49;59.87;;;02.05.2025;4.49;8017331064092;Kozmetika
ULJE ZA KOSU ARGAN  60 ml;361127;Olival;0.0600;L;6.63;110.50;;;02.05.2025;6.63;3858892694374;Kozmetika
ULJE ZA KOSU AMLA   60 ml;361129;Olival;0.0600;L;5.31;88.50;;;02.05.2025;5.31;3858892694381;Kozmetika
©AMPON FRUCTIS GROW 400 ml;361162;Garnier;0.4000;L;4.39;10.98;;;02.05.2025;4.39;3600541922822;Kozmetika
©AMPON FRUCTIS COCONUT  400 ml;361164;Garnier;0.4000;L;4.39;10.98;;;02.05.2025;4.39;3600541970557;Kozmetika
BOJA COLOR NATURALS ZA KO.110;361165;Garnier;1.0000;kom;4.99;4.99;;;02.05.2025;4.99;3600542427104;Kozmetika
BOJA COLOR NATURALS ZA KO.112;361166;Garnier;1.0000;kom;4.99;4.99;;;02.05.2025;4.99;3600542427111;Kozmetika
BOJA ZA KO.COLOR SEN.8,12;361168;Garnier;1.0000;kom;4.99;4.99;;;02.05.2025;4.99;3600542161121;Kozmetika
BOJA EXCELLENCE NUD.UL.8.11;361172;EXCELLENCE NUDES;1.0000;kom;9.25;9.25;;;02.05.2025;9.25;3600523939664;Kozmetika
BOJA ZA KOSU EXCELLENCE 6.41;361182;LOREAL;1.0000;kom;8.49;8.49;;;02.05.2025;8.49;3600524143596;Kozmetika
DEO S.MEN EXPERT MAGNES.150 ml;361185;LOREAL;0.1500;L;;26.60;3.99;4.79;02.05.2025;4.79;3600524043315;Kozmetika
GEL T.L´ANGELICA LINFA 500 ml ;361193;L'Angelica;0.5000;L;2.99;5.98;;;02.05.2025;2.99;8017331085240;Kozmetika
GEL T.L´ANGELICA LINFA 500 ml ;361194;L'Angelica;0.5000;L;2.99;5.98;;;02.05.2025;2.99;8017331085226;Kozmetika
GRISINI SGRANOCC. INTEG. 200 g;361200;;0.2000;kg;3.59;17.95;;;02.05.2025;3.59;8076809579544;Hrana
ÈOK.TUTTI FRUTTI KANDI 210 g;361203;Kandit;0.2100;kg;;16.62;3.49;3.99;02.05.2025;3.99;3856024803908;Hrana
ÈOK.KANDIT SJEC.LJE©NJAK 210 g;361208;Kandit;0.2100;kg;;16.62;3.49;3.99;02.05.2025;3.99;3856024803885;Hrana
KIKIRIKI NUTLINE 125 g;361209;Nutline;0.1250;kg;1.84;14.72;;;02.05.2025;1.59;3856021305214;Hrana
PEL.GAÆ.VIOLETA DOUB.CARE 52/1;361219;Violeta;52.0000;KOM;15.92;0.31;;;02.05.2025;15.92;3870128031777;Toaletne potrep¹tine
PEL.VIOLETA COTT.JUNIOR+6 44/1;361220;Violeta;44.0000;KOM;17.99;0.41;;;02.05.2025;17.99;3870128031975;Toaletne potrep¹tine
PEL.GAÆ.VIOLETA DOUB.CARE 44/1;361221;Violeta;44.0000;KOM;15.92;0.36;;;02.05.2025;15.92;3870128031838;Toaletne potrep¹tine
©AM.BOTANIC THER. 400 ml;361223;Garnier;0.4000;L;4.49;11.23;;;02.05.2025;4.49;3600542479912;Kozmetika
REG.BOTANIC THERAPY  200 ml;361224;Garnier;0.2000;L;3.59;17.95;;;02.05.2025;3.59;3600542479837;Kozmetika
LOSOS MAR.LASC.150 g+50 g UMAK;361229;Laschinger;0.1500;kg;12.99;86.60;;;02.05.2025;13.27;4010871060078;Hrana
LOSOS LASCHINGER 150 g;361230;Laschinger;0.1500;kg;11.99;79.93;;;02.05.2025;11.99;4010871050048;Hrana
LOSOS HLAD.DIMLJENI LASC.200 g;361231;Laschinger;0.2000;kg;12.99;64.95;;;02.05.2025;13.27;4010871053353;Hrana
PIZZA VEGGIE LOVERS 430 g;361241;Buitoni;0.4300;kg;4.49;10.44;;;02.05.2025;4.49;7613287212948;Hrana
SOK ORANGINA ZERO 1,25 L ;361242;Orangina;1.2500;L;2.59;2.07;;;02.05.2025;2.59;3877000209651;Piæa
PIZZA MARGHERITA BUITONI 400 g;361244;Buitoni;0.4000;kg;4.49;11.23;;;02.05.2025;4.49;8000300415544;Hrana
PIZZA ©UN./GLJIV.BUITONI 415 g;361246;Buitoni;0.4150;kg;4.49;10.82;;;02.05.2025;4.49;8000300396225;Hrana
SOK HAPPY DAY FAM. JABUKA 1 L;361248;Happy Day;1.0000;L;2.09;2.09;;;02.05.2025;2.09;9008700218184;Piæa
PIVO O´HARA RED NITRO 0,44 L;361251;Oharas;0.4400;L;3.72;8.45;;;02.05.2025;3.72;5391500602692;Piæa
PIVO O´HARA HAZY IPA 0,44 L;361256;Oharas;0.4400;L;3.72;8.45;;;02.05.2025;3.72;5391500602500;Piæa
PIVO O´HARA STOUT NITRO 0,44 L;361259;Oharas;0.4400;L;3.72;8.45;;;02.05.2025;3.72;5391500602210;Piæa
VINO ROSSI MU©KAT ®UTI 0,5 L;361276;;0.5000;L;15.49;30.98;;;02.05.2025;15.49;3859891585311;Piæa
ULO©.LIBRESSE ULTRA NIGHT 8/1;361277;Libresse;8.0000;kom;1.89;0.24;;;02.05.2025;1.49;7322540960235;Toaletne potrep¹tine
VIOLETA  BABY ©AMPON 400 ml;361282;Violeta;0.4000;L;3.95;9.88;;3.95;02.05.2025;3.95;3870128030893;Kozmetika
VIOLETA BABY KUPKA 400 ml;361287;Violeta;0.4000;L;3.95;9.88;;3.95;02.05.2025;3.95;3870128030923;Kozmetika
VIOLETA ©AMPON I KUPKA 400 ml;361288;Violeta;0.4000;L;3.95;9.88;;3.95;02.05.2025;3.95;3870128030954;Kozmetika
SOK HAPP.DAY JABUKA 100% 1,5 L;361384;Happy Day;1.5000;L;2.89;1.93;;;02.05.2025;2.89;90020421;Piæa
NADJEV VI©NJA PODRAVKA 620 g;361430;Podravka;0.6200;kg;5.19;8.37;;;02.05.2025;5.19;3856020257330;Hrana
NJOKI SVJE®I ®ITOPROIZ.900 g;361450;®itoproizvod;0.9000;kg;2.99;3.32;;;02.05.2025;2.99;3858881509351;Hrana
TABL.JAR ALL IN ONE 67/1;361516;Jar;67.0000;kom;19.99;0.30;;;02.05.2025;19.99;8006540749999;Sredstva za èi¹æenje
TABL.JAR AIO PLATINUM 50/1;361517;Jar;50.0000;kom;19.99;0.40;;;02.05.2025;19.99;8006540750193;Sredstva za èi¹æenje
POVR.ZA FRAN.SALATU LEDO 400 g;361519;Ledo;0.4000;kg;1.99;4.98;;;02.05.2025;1.99;3850116053493;Hrana
TABL.JAR PLAT. PLUS BLUE 42/1;361520;Jar;42.0000;kom;20.99;0.50;;;02.05.2025;20.99;8006540751503;Sredstva za èi¹æenje
TABL.JAR AIO PLATINUM 65/1;361521;Jar;65.0000;kom;24.99;0.38;;;02.05.2025;24.99;8006540750216;Sredstva za èi¹æenje
TABL.JAR ALL IN ONE 85/1;361522;Jar;85.0000;kom;24.99;0.29;;;02.05.2025;24.99;8006540750063;Sredstva za èi¹æenje
TABL.JAR PLATINUM PLUS 54/1;361525;Jar;54.0000;kom;20.99;0.39;;;02.05.2025;20.99;8006540751299;Sredstva za èi¹æenje
TABL.JAR PLAT. PLUS BLUE 54/1;361526;Jar;54.0000;kom;20.99;0.39;;;02.05.2025;20.99;8006540751510;Sredstva za èi¹æenje
TABL.JAR PLATINUM PLUS 63/1;361527;Jar;63.0000;kom;26.89;0.43;;;02.05.2025;26.89;8006540751350;Sredstva za èi¹æenje
TABL.JAR ALL IN ONE 46/1;361528;Jar;46.0000;kom;17.49;0.38;;;02.05.2025;17.49;8006540749982;Sredstva za èi¹æenje
GEL ARIEL KAPSULE BLACK 36/1;361529;Ariel;36.0000;kom;16.49;0.46;;14.99;02.05.2025;14.99;8001090804204;Sredstva za èi¹æenje
GEL ARIEL KAPSULE COMP. 52/1;361530;Ariel;52.0000;kom;20.99;0.40;;;02.05.2025;20.99;8001090804808;Sredstva za èi¹æenje
GEL ARIEL KAP.EXTRA CLEAN 10/1;361531;Ariel;10.0000;kom;;0.90;8.99;9.99;02.05.2025;10.89;8001090803412;Sredstva za èi¹æenje
GEL ARIEL KAPS.COLOR 13/1;361533;Ariel;13.0000;kom;;0.69;8.99;9.99;02.05.2025;10.89;8001090726377;Sredstva za èi¹æenje
GEL ARIEL KAPSULE 36/1;361536;Ariel;36.0000;kom;16.49;0.46;;14.99;02.05.2025;14.99;8001090251992;Sredstva za èi¹æenje
GEL ARIEL KAPS. COLOR 36/1;361537;Ariel;36.0000;kom;14.99;0.42;;14.99;02.05.2025;14.99;8001090251664;Sredstva za èi¹æenje
GEL KAPS. ARIEL COLOR 24/1;361539;Ariel;24.0000;kom;12.99;0.54;;11.99;02.05.2025;13.99;8001090726827;Sredstva za èi¹æenje
KAPSULE ARIEL MOUN.SPRING 24/1;361540;Ariel;24.0000;kom;12.99;0.54;;11.99;02.05.2025;13.99;8001090726667;Sredstva za èi¹æenje
GEL ARIEL KAPSULE COMP. 36/1;361541;Ariel;36.0000;kom;14.99;0.42;;14.99;02.05.2025;14.99;8001090804228;Sredstva za èi¹æenje
GEL ARIEL KAPSULE EXTRA 36/1;361542;Ariel;36.0000;kom;14.99;0.42;;14.99;02.05.2025;14.99;8001090804990;Sredstva za èi¹æenje
GEL KAPSULE ARIEL COLOR 44/1;361543;Ariel;44.0000;kom;16.49;0.37;;14.99;02.05.2025;14.99;8001090337054;Sredstva za èi¹æenje
GEL KAPSULE ARIEL MOUN. 44/1;361544;Ariel;44.0000;kom;16.99;0.39;;14.99;02.05.2025;14.99;8001090337108;Sredstva za èi¹æenje
GEL TU©.NIVEA MEN SEN. 500 ml;361545;Nivea;0.5000;l;5.99;11.98;;;02.05.2025;5.99;9005800286570;Kozmetika
ÈOKOL.NAT.PUR ZA KUHANJE 250 g;361581;Natur pur;0.2500;kg;4.99;19.96;;;02.05.2025;4.99;9100000972770;Hrana
VL.MAR.BECUTAN AQUA 56/1;361595;Becutan;56.0000;kom;2.69;0.05;;;02.05.2025;2.69;5310001253936;Toaletne potrep¹tine
PASTA BIOREPAIR JAGODA 50 ml;361597;BIOREPAIR;0.0500;L;2.65;53.00;;;02.05.2025;2.65;8017331097120;Kozmetika
REF.BAT.AIRWICK SPRING 250 ml;361606;Airwick;0.2500;L;6.69;26.76;;;02.05.2025;6.69;5999109542052;Sredstva za èi¹æenje
PJEN.ROYAL HI.ROSE BRUT 0,75 L;361647;;0.7500;L;10.69;14.25;;;02.05.2025;10.69;3859893869075;Piæa
NAPOL. MANNER MLIJ.ÈOK.125 g;361675;Manner;0.1250;kg;1.39;11.12;;;02.05.2025;1.39;9000331625638;Hrana
VINO ROYAL HILL ROSE 0,75 L;361689;;0.7500;L;7.19;9.59;;;02.05.2025;7.19;3859893869204;Piæa
VINO ROYAL HILL BLANC  0,75 L;361694;;0.7500;L;7.79;10.39;;;02.05.2025;7.79;3859893869013;Piæa
SIR S TARTUFIMA TARTUFON 200 g;361768;;0.2000;kg;7.96;39.80;;;02.05.2025;7.96;3859893617263;Hrana
DEO SPR.NIVEA DERMA  ®.150 ml;361797;Nivea;0.1500;l;4.99;33.27;;;02.05.2025;4.99;9005800357324;Kozmetika
D.ROLL ON NIVEA DERMA ®. 50 ml;361799;Nivea;0.0500;l;4.99;99.80;;;02.05.2025;4.99;9005800357751;Kozmetika
DEO ROLL ON NIVEA DERM.M 50 ml;361801;Nivea;0.0500;l;4.99;99.80;;;02.05.2025;4.99;9005800357768;Kozmetika
ZAÈ.VEG.POD.250 g +50 g GRATIS;361804;Vegeta;0.3000;kg;2.19;7.30;;;02.05.2025;2.19;3850104216466;Hrana
RI®IN KREKER N.A.MOR.SOL 85 g;361813;Nature Addicts;0.0850;kg;2.39;28.12;;;02.05.2025;2.39;3609200010054;Hrana
RI®IN KREKER N.A.PAPRIKA 85 g;361814;Nature Addicts;0.0850;kg;2.39;28.12;;;02.05.2025;2.39;3609200011013;Hrana
FLIPS N.A.GRA©AK MOR.SOL 50 g;361815;Nature Addicts;0.0500;kg;2.39;47.80;;;02.05.2025;2.39;3609200008389;Hrana
KAVA.LAVAZZA CR.GF GRO. 250 g;361817;Lavazza;0.2500;kg;6.99;27.96;;;02.05.2025;6.99;8000070038417;Piæa
KAPS.ILLY CLASS ROAST 120,6 g;361823;Illy;0.1206;kg;11.29;93.62;;;02.05.2025;11.29;8003753198149;Piæa
ÈAJ TEEKANNE KAMILICA 22 g;361825;Teekanne;0.0220;kg;1.59;72.27;;;02.05.2025;1.59;5901086400119;Piæa
ÈAJ TEEKANNE ST.FRIEND 36 g;361826;Teekanne;0.0360;kg;2.49;69.17;;;02.05.2025;2.49;5901086046737;Piæa
KEKSI PREKRA©NI ZLATKA 200 g;361830;Kra¹;0.2000;kg;1.59;7.95;;;02.05.2025;1.59;3850102001934;Hrana
ÈOK.SNICKERS CREAMY 36,5 g;361831;Snickers;0.0365;kg;1.19;32.60;;;02.05.2025;1.19;5900951310379;Hrana
BOMBONI TIC-TAC JAGODA 18 g;361832;Tic Tac;0.0180;kg;0.85;47.22;;;02.05.2025;0.85;80800019;Hrana
KEKSI NUTELLA  41,4 g;361833;Nutella;0.0414;kg;0.99;23.91;;;02.05.2025;0.99;8000500359358;Hrana
ÈOK.LINDT LINDOR MILK 100 g;361987;Lindt;0.1000;kg;2.69;26.90;;;02.05.2025;2.69;7610400097093;Hrana
KREMA AFRODITA HRANJIVA 50 ml;361991;Afrodita;0.0500;l;11.49;229.80;;;02.05.2025;11.49;3831070659600;Kozmetika
GEL ZA TU©. ADIDAS TEAM 250 ml;362011;Adidas;0.2500;L;2.79;11.16;;;02.05.2025;2.79;3616304240560;Kozmetika
ULO©CI LIBRESSE NORMAL 40/1;362013;Libresse;40.0000;kom;4.95;0.12;;;02.05.2025;2.99;7322541195032;Toaletne potrep¹tine
ULO©CI LIBRESSE CLIP 36/1;362018;Libresse;36.0000;kom;4.95;0.14;;;02.05.2025;2.99;7322540536836;Toaletne potrep¹tine
MAJONEZA WASABI ZVIJEZDA 85 g;362030;Zvijezda;0.0850;kg;1.19;14.00;;;02.05.2025;1.19;3856015326621;Hrana
PANCETA NAREZAK DOBRO 90 g;362076;Dobro;0.0900;kg;2.89;32.11;;;02.05.2025;2.89;3850133813292;Hrana
KAVA HAUSBRANDT BEZ KOFEINA;362077;;0.2500;kg;32.99;131.96;;;02.05.2025;32.99;8006980651104;Piæa
DEO SP.OLD SPICE NI.PAN.150 ml;362110;Old Spice;0.1500;l;;20.53;3.08;3.85;02.05.2025;3.85;8006540377321;Kozmetika
DEO ST.OLD SPICE NIGHT .50 ml;362111;Old Spice;0.0500;l;;61.60;3.08;3.85;02.05.2025;3.85;8700216884617;Kozmetika
GEL TU©.OLD SPICE NIGHT 400 ml;362112;Old Spice;0.4000;l;;7.70;3.08;3.85;02.05.2025;3.85;8700216875615;Kozmetika
GEL T.OLD SPICE WOLFTH. 400 ml;362113;Old Spice;0.4000;l;;7.70;3.08;3.85;02.05.2025;3.85;4084500978973;Kozmetika
BJELANJ.TEK.PAST. DESPAR 500 g;362116;Despar;0.5000;kg;1.99;3.98;;;02.05.2025;1.99;8001300643739;Hrana
JOGURT ÈVR.3,2% Z BREGOV 180 g;362123;Vindija;0.1800;kg;0.44;2.44;;;02.05.2025;0.44;3850108037289;Hrana
PIVO CRAFTER´S HOP.LAGER 0,5 L;362128;;0.5000;L;2.52;5.04;;;02.05.2025;2.52;3859893368660;Piæa
OSV.WC SANITAR CITRUS 40 g;362143;Sanitar;0.0400;kg;2.25;56.25;;;02.05.2025;2.25;3850111901126;Sredstva za èi¹æenje
OSV.WC SANITAR RINGS OC.2x40 g;362152;Sanitar;0.0800;kg;3.71;46.38;;;02.05.2025;3.71;3850111901140;Sredstva za èi¹æenje
OSV.WC SANITAR R.CITRUS 2x40 g;362153;Sanitar;0.0800;kg;3.71;46.38;;;02.05.2025;3.71;3850111901157;Sredstva za èi¹æenje
OSV.WC SANITAR R.FLOWER 2x40 g;362154;Sanitar;0.0800;kg;3.71;46.38;;;02.05.2025;3.71;3850111901164;Sredstva za èi¹æenje
NAMAZ VEGAN ALPINESSE 250 g;362164;Meggle;0.2500;kg;2.99;11.96;;;02.05.2025;2.99;4034900008503;Hrana
®ITAR.LINO CHOCO CARAMEL 225 g;362201;Lino;0.2250;kg;3.99;17.73;;;02.05.2025;3.99;3856020229573;Hrana
®ITAR.LINO HONEY RINGS 225 g;362205;Lino;0.2250;kg;3.99;17.73;;;02.05.2025;3.99;3856020229542;Hrana
BOMB.AFTER EIGHT COLLECT.199 g;362215;After Eight ;0.1990;kg;8.99;45.18;;;02.05.2025;5.99;8593893784000;Hrana
BRA©.RA®ENO T-1250 FARI.900 g;362250;Farina;0.9000;kg;1.43;1.59;;;02.05.2025;1.43;3858887101351;Hrana
SPAR VEGGIE ÈUPAVCI 420 g;362275;SPAR Veggie;0.4200;kg;5.49;13.07;;;02.05.2025;5.49;3856021223020;Hrana
SIR Emmentaler Spomlek 45% m.m;362280;;1.0000;kg;9.99;9.99;;;02.05.2025;9.99;3858890211856;Hrana
NAMAZ ARGETA SLANUTAK 95 g;362282;Argeta;0.0950;kg;1.89;19.89;;;02.05.2025;1.89;8606018021826;Hrana
NAMAZ ARGETA CRV.PAPRIKA 95 g;362283;Argeta;0.0950;kg;1.89;19.89;;;02.05.2025;1.89;8606018021857;Hrana
NAMAZ ARGETA CRNE MASLINE 95 g;362284;Argeta;0.0950;kg;1.89;19.89;;;02.05.2025;1.89;8606018021840;Hrana
NAMAZ ARGETA CHILLI LIMUN 95 g;362285;Argeta;0.0950;kg;1.89;19.89;;;02.05.2025;1.89;8606018021833;Hrana
ALUMINIJSKA FOLIJA 20 m,VORTEX;362314;;1.0000;kom;3.99;3.99;;;02.05.2025;3.99;4823071624168;Proizvodi za kuæanstvo
OMEK.ORNEL VIOLET 800 ml;362315;Ornel;0.8000;l;2.19;2.74;;1.99;02.05.2025;2.60;3850105182012;Sredstva za èi¹æenje
OMEK.ORNEL LAVANDA 800 ml;362317;Ornel;0.8000;l;2.19;2.74;;1.99;02.05.2025;2.60;3850105181954;Sredstva za èi¹æenje
OMEK.ORNEL JASMINE&COTT 800 ml;362318;Ornel;0.8000;l;2.19;2.74;;1.99;02.05.2025;2.60;3850105181923;Sredstva za èi¹æenje
VREÆA ZA SMEÆE,ÈELIÈ.35L,15/1;362320;;15.0000;kom;3.59;0.24;;;02.05.2025;3.59;4823071662696;Proizvodi za kuæanstvo
VREÆA ZA SMEÆE,ÈELIÈ.60L,10/1;362322;;15.0000;kom;3.59;0.24;;;02.05.2025;3.59;4823071650631;Proizvodi za kuæanstvo
POK.PAK. COVANNI COTE ;362324;JEAN MARC;1.0000;kom;7.29;7.29;;;02.05.2025;7.29;5908248104687;Kozmetika
VREÆA ZA SMEÆE,ÈELIÈ.70L,10/1;362325;;15.0000;kom;3.99;0.27;;;02.05.2025;3.99;4823071650648;Proizvodi za kuæanstvo
DET.FAKS AQUAMARINE 2,34 kg;362338;Faks;2.3400;kg;13.49;5.76;;;02.05.2025;13.49;3850105176790;Sredstva za èi¹æenje
OME.ORNEL BABY&SENSITIV.800 ml;362344;Ornel;0.8000;l;2.19;2.74;;1.99;02.05.2025;2.60;3850105181800;Sredstva za èi¹æenje
JED.BRIT.WILKINSON XTREME 6+2;362346;Wilkinson;3.0000;kom;9.69;3.23;;;02.05.2025;9.69;4027800571482;Kozmetika
VODICA ZUBNA ORAL B GUM 500ml;362354;Oral B;0.5000;L;4.19;8.38;;;02.05.2025;4.19;8001090720399;Kozmetika
ZUBNI KONAC ORAL B PRO EX50 m ;362356;Oral B;50.0000;m;3.59;0.07;;;02.05.2025;3.59;8700216365604;Kozmetika
SAPUN TEK.AFRODITA CHER.300 ml;362357;Afrodita;0.3000;l;3.49;11.63;;;02.05.2025;3.49;3831070659617;Kozmetika
GEL TU© AFRODITA ULJNI 250 ml;362358;Afrodita;0.2500;l;2.95;11.80;;;02.05.2025;2.95;3831070659273;Kozmetika
PLOÈICA SP.HP KIKIR.KRI.3X30 g;362363;SPAR Qualitätsmarke;0.0900;kg;1.99;22.11;;;02.05.2025;1.99;9100000965284;Hrana
MASLINE NATUR PUR KALAM.350 g;362365;Spar Natur pur;0.2000;kg;2.69;13.45;;;02.05.2025;2.69;9100000976174;Hrana
MASLINE NATUR PUR ZELENE 350 g;362366;Spar Natur pur;0.2000;kg;2.69;13.45;;;02.05.2025;2.69;9100000976198;Hrana
MASLINE NATUR PUR MIX 350 g;362368;Spar Natur pur;0.2000;kg;2.69;13.45;;;02.05.2025;2.69;9100000976211;Hrana
SOFT CAKE S-BUDGET JAG.300 g;362373;S-Budget;0.3000;kg;1.99;6.63;;;02.05.2025;1.99;9100000973524;Hrana
KOKOS NAPITAK VEGGIE 1 L;362374;SPAR Veggie;1.0000;L;2.49;2.49;;;02.05.2025;2.49;9100000977294;Hrana
TP ZEWA DELICATE CARE 3SL.8/1;362387;Zewa;8.0000;kom;2.79;0.35;;;02.05.2025;2.79;7322541171739;Toaletne potrep¹tine
TP ZEWA BRESKVA AT.3SL.8/1;362388;Zewa;8.0000;kom;2.79;0.35;;;02.05.2025;2.79;7322541171791;Toaletne potrep¹tine
PIZZA S-BUD.MARGHERITA 4x300 g;362391;S-Budget;1.2000;kg;;4.99;5.99;6.99;02.05.2025;6.99;8056149086964;Hrana
NAM.LINO LADA MILK PODR.350 g;362434;Lino;0.3500;kg;3.99;11.40;;;02.05.2025;3.99;3850104267109;Hrana
KIFLICE DOLCELA PODRAVKA 367 g;362470;Dolcela;0.3670;kg;3.99;10.87;;;02.05.2025;3.99;3856020255237;Hrana
BOMB.AFTER EIGHT CHERRY 400 g;362476;After Eight ;0.4000;kg;9.99;24.98;;;02.05.2025;9.99;8445290287113;Hrana
LIKER MAR.ORAH.ÈOK.0,7 L+2ÈA©E;362483;Maraska;0.7000;L;18.02;25.74;;;02.05.2025;18.02;3850158406172;Piæa
TABL.JAR PLATINUM  75/1;362485;Jar;75.0000;kom;26.89;0.36;;;02.05.2025;26.89;8006540750247;Sredstva za èi¹æenje
SMRZNUTI NJOKI KOCH 1 kg;362486;Koch;1.0000;kg;2.65;2.65;;;02.05.2025;2.65;8005145001082;Hrana
TAB.JAR ALL IN ONE 100/1;362489;Jar;100.0000;kom;26.89;0.27;;;02.05.2025;26.89;8006540750100;Sredstva za èi¹æenje
ZAÈ.KOT.KRUMPIR ORIG.STYL.80 g;362493;Kotanyi;0.0800;kg;2.69;33.63;;;02.05.2025;1.34;9001414206874;Hrana
ZAÈ.KOT.KRUMPIR WEST.STY.80 g;362494;Kotanyi;0.0800;kg;2.69;33.63;;;02.05.2025;1.34;9001414206898;Hrana
ZAÈ.KOT.KRUMPIR SWEET POT.80 g;362495;Kotanyi;0.0800;kg;2.69;33.63;;;02.05.2025;1.34;9001414206881;Hrana
ISO SPORT AZZUR.1,5 L GAZIRANI;362505;Iso Sport;1.5000;L;2.52;1.68;;;02.05.2025;2.52;3850108078411;Piæa
ISO SPORT AZZURRO 1,5 L PET;362507;Iso Sport;1.5000;L;2.78;1.85;;;02.05.2025;2.78;3850108073195;Piæa
ISO SPORT LIMUN-GREJP 1,5 L;362508;Iso Sport;1.5000;L;2.78;1.85;;;02.05.2025;2.78;3850108073171;Piæa
ISO SPORT LIMUN-GREJP 0,5 L;362509;ISOLA;0.5000;L;1.35;2.70;;;02.05.2025;1.35;3850108073164;Piæa
ISO SPORT MANDARINA YUZU 0,5 L;362510;Iso Sport;0.5000;L;1.49;2.98;;;02.05.2025;1.49;3850108078480;Piæa
LJEPILO ZA MI©EVE STOP 135 g;362513;;0.1350;kg;1.89;14.00;;;02.05.2025;1.89;3850105201355;Proizvodi za kuæanstvo
ISO SPORT AZZURRO 0,5 L GAZIR.;362515;Iso Sport;0.5000;L;1.13;2.26;;;02.05.2025;1.13;3850108078404;Piæa
ISO SPORT AZZURRO 0,5 L NEGAZ.;362516;Iso Sport;0.5000;L;1.35;2.70;;;02.05.2025;1.35;3850108073188;Piæa
GEL.TU.L´ANGELICA XMASS 500 ml;362527;L'Angelica;0.5000;l;2.99;5.98;;;02.05.2025;2.99;8017331085189;Kozmetika
JOGUR.TEK.0,9% S BUDGET 1000 g;362563;S-BUDGET;1.0000;kg;1.49;1.49;;;02.05.2025;1.49;3856021222795;Hrana
MEKSIÈKA MJE©AVINA LEDO 400 g;362581;Ledo;0.4000;kg;3.49;8.73;;;02.05.2025;2.79;3850116053431;Hrana
LIKER  PATRIK TERANINO 0,7 L;362597;Patrik;0.7000;L;22.59;32.27;;;02.05.2025;22.59;3859890672913;Piæa
VODKA PRAVDA  0,7 L;362601;;0.7000;L;23.99;34.27;;;02.05.2025;23.99;5908234674125;Piæa
RUM SERUM GORGAS GR:RES.0,7 L ;362602;;0.7000;L;39.82;56.89;;;02.05.2025;39.82;8595676600033;Piæa
LJEPLJIVA PLOÈA STOP ZA MI©EVE;362603;;1;;2.29;2.29;;;02.05.2025;2.29;3851003197658;Proizvodi za kuæanstvo
TORTILLA ÈIPS CHIO ORIG.110 g;362604;Chio;0.1100;kg;1.99;18.09;;;02.05.2025;1.99;4001242106334;Hrana
TORTILLA ÈIPS CHIO NACHO 110 g;362605;Chio;0.1100;kg;1.99;18.09;;;02.05.2025;1.99;4001242106341;Hrana
TORTILLA ÈIPS CHIO CHILL.110 g;362607;Chio;0.1100;kg;1.99;18.09;;;02.05.2025;1.99;4001242106358;Hrana
ZAMKA ZA ®OHARE STOP 5/1;362608;;5.0000;kom;3.79;0.76;;;02.05.2025;3.79;3855896667410;Proizvodi za kuæanstvo
VINO FAN.BOR. SAUVIGNON 0,75 L;362609;;0.7500;L;6.66;8.88;;;02.05.2025;6.66;8009663088570;Piæa
VINO FAN.BO.PINOT GRIGI.0,75 L;362612;;0.7500;L;6.66;8.88;;;02.05.2025;6.66;8009663085302;Piæa
LJEPLJIVI TUNEL STOP;362618;;1.0000;kom;3.79;3.79;;;02.05.2025;3.79;3856985541239;Proizvodi za kuæanstvo
MARAMICE ZEWA DELUXE 150/1;362628;Zewa;150.0000;KOM;2.99;0.02;;;02.05.2025;2.99;7322541685564;Toaletne potrep¹tine
WHISKY TEACHER´S 0,7 L;362632;Teachers;0.7000;L;16.48;23.54;;;02.05.2025;16.48;5010093259006;Piæa
MIJE©ANO POVRÆE ZA JUHU 400 g;362699;Ledo;0.4000;kg;2.29;5.73;;;02.05.2025;2.29;3850116053462;Hrana
GIN MURSKA DEKLA OLD TOM 0,5 L;362731;;0.5000;L;31.88;63.76;;;02.05.2025;31.88;3859893795015;Piæa
OKRUGLICE SA KAK. KREMOM 600 g;362737;S-Budget;0.6000;kg;2.39;3.98;;;02.05.2025;2.39;3856021222238;Hrana
KEKS FRANK&OLI CHIA KIKI.120 g;362789;;0.1200;kg;;14.58;1.75;2.19;02.05.2025;2.19;5907678889829;Hrana
KEKS FRANK&OLI JAB.BUND.120 g;362790;;0.1200;kg;;19.92;2.39;2.99;02.05.2025;2.99;5907678889140;Hrana
LEDENI ÈAJ OSHEE ZERO 0,555 L;362817;;0.5550;L;;2.43;1.35;1.42;02.05.2025;1.69;5908260253431;Piæa
ISOTONIC FLEXWAT.VI©NJA 0,71 L;362829;;0.7100;L;2.02;2.85;;;02.05.2025;2.02;5304000311186;Piæa
ISOTONIC FLEXWAT.LIMUN 0,71 L;362833;;0.7100;L;2.02;2.85;;;02.05.2025;2.02;5304000311209;Piæa
ISO.FLEXWA.©UM.VOÆE.0,71 L;362841;;0.7100;L;2.02;2.85;;;02.05.2025;2.02;5304000311193;Piæa
©AMP.ALPECIN DUPL EFEK.200 ml;362932;Alpecin;0.2000;l;7.96;39.80;;;02.05.2025;7.96;4008666210517;Kozmetika
©AMP.ALPECIN SPORT COFF.250 ml;362935;Alpecin;0.2500;l;6.63;26.52;;;02.05.2025;6.63;4008666217608;Kozmetika
©AMP.ALPECIN COFF.BL.ED.250 ml;362940;Alpecin;0.2500;l;7.79;31.16;;;02.05.2025;7.79;4008666203663;Kozmetika
SOK NATURA MRKVA 700 ml;362957;Natura;0.7000;l;3.22;4.60;;;02.05.2025;3.22;3838945515436;Piæa
SOK NATURA CIKLA 700 ml;362961;Natura;0.7000;l;3.22;4.60;;;02.05.2025;3.22;3838945521161;Piæa
KUKURUZ.MRVICE ZA PANIR.200 g;362978;;0.2000;kg;3.19;15.95;;;02.05.2025;3.19;4015637824055;Hrana
JUHA OD GRAHA I MAH.620 g;362983;;0.6200;kg;2.79;4.50;;;02.05.2025;2.79;8014190019645;Hrana
©AM.FRUCTIS GROW STRO.  400 ml;362996;Garnier;0.4000;l;4.39;10.98;;;02.05.2025;4.39;3600542479288;Kozmetika
©AMP.ELSEVE SUHO PRANJE 200 ml;362998;Elseve;0.2000;L;5.99;29.95;;;02.05.2025;5.99;3600523967087;Kozmetika
POLI DOG ROLLS 660 g;363002;Poli;0.6600;kg;6.59;9.98;;;02.05.2025;6.59;3838977043440;Hrana
SERUM GARNIER S UGLJENOM 30 ml;363003;Garnier;0.0300;l;11.99;399.67;;;02.05.2025;11.99;3600542497961;Kozmetika
MLIJEKO ÈOKOLADNO DUKAT 0,5 L;363004;Dukat;0.5000;L;1.49;2.98;;1.39;02.05.2025;1.49;3850354017608;Hrana
SAPUN TEKUÆI DESPAR XME 500 ml;363005;Despar;0.5000;L;1.69;3.38;;;02.05.2025;1.39;8001300902393;Kozmetika
SAPUN TEKUÆI DESPAR XME 500 ml;363006;Despar;0.5000;L;1.69;3.38;;;02.05.2025;1.39;8001300902379;Kozmetika
MIKROZELENJE ROTKVICE 30 g;363019;;0.0300;kg;1.69;56.33;;;02.05.2025;1.69;3859894055170;Hrana
UMAK BECHAMEL B&F DUKAT 200 g;363022;Dukat;0.2000;kg;1.79;8.95;;;02.05.2025;1.79;3850354017455;Hrana
UMAK ©AMPINJON.B&F DUKAT 200 g;363025;Dukat;0.2000;kg;1.79;8.95;;;02.05.2025;1.79;3850354017431;Hrana
KAVA ARABESCA MINAS 450 g;363040;Arabesca;0.4500;KG;6.49;14.42;;;02.05.2025;6.49;3858886804321;Piæa
KESTEN DES.S KAKAOM SANA 80 g;363042;Sana;0.0800;kg;2.09;26.13;;;02.05.2025;2.09;3858892322369;Hrana
KESTEN DESER.NARANÈA SANA 80 g;363043;Sana;0.0800;kg;2.09;26.13;;;02.05.2025;2.09;3858892322406;Hrana
GOLDEN GLOW SOK 330 ml;363053;;0.3300;L;3.9;11.82;;;02.05.2025;3.72;3859894312532;Hrana
UNIV.SRED.SPLENDID ZA POD 1 L;363063;Splendid;1.0000;L;1.39;1.39;;;02.05.2025;1.39;3856021221903;Sredstva za èi¹æenje
UNIV.SRED.SPLENDID ZA POD 1 L;363068;Splendid;1.0000;L;1.39;1.39;;;02.05.2025;1.39;3856021221927;Sredstva za èi¹æenje
RI®A ZLATO POLJE 3 ®ITA 800 g;363076;Zlato Polje;0.8000;kg;4.69;5.86;;;02.05.2025;4.69;3838700354300;Hrana
SRED.SPLENDID ZA ÈI©.LAMI.1 L;363079;Splendid;1.0000;L;1.98;1.98;;;02.05.2025;1.98;3856021221941;Sredstva za èi¹æenje
CORNFLAKES MED NUT 450 g;363085;Nestle;0.4500;kg;4.29;9.53;;;02.05.2025;4.29;5900020025692;Hrana
AJVAR SPAR BLAGI 290 g;363114;SPAR;0.2900;kg;2.99;10.31;;2.99;02.05.2025;3.99;3856021222351;Hrana
AJVAR SPAR LJUTI 290 g;363116;SPAR;0.2900;kg;2.99;10.31;;2.99;02.05.2025;3.99;3856021222375;Hrana
RAKIJA VILJAMOVKA ÐANIÆ 0,5 L;363126;;0.5000;L;35.18;70.36;;;02.05.2025;35.18;3859891109876;Piæa
SOK BEBI.JAB.CR.GRO.RIB.500 ml;363127;Bebivita;0.5000;l;2.02;4.04;;;02.05.2025;2.02;4018852032762;Piæa
RAKIJA JULIJA ÐANIÆ 0,5 L;363128;;0.5000;L;20.82;41.64;;;02.05.2025;20.82;3859893177514;Piæa
VINO KOPER SLATK.REFO©K 0,75 L;363129;;0.7500;L;9.99;13.32;;;02.05.2025;9.99;3830000705592;Piæa
KA©ICA HIPP OBROK PURET.190 g;363130;Hipp;0.1900;kg;2.04;10.74;;;02.05.2025;2.04;9062300131298;Hrana
LIKER S-BUDGET KRAUTE.4x0,02 L;363139;S-Budget;0.0800;L;2.35;29.38;;;02.05.2025;2.35;9100000973401;Piæa
FLIPS S BUDGET S KIKIR.250 g;363144;S-Budget;0.2500;kg;1.29;5.16;;;02.05.2025;1.29;3856021222047;Hrana
ÈIPS SIR I VRH.S BUDGET 150 g;363145;S-Budget;0.1500;kg;0.99;6.60;;;02.05.2025;0.99;3856021222023;Hrana
ÈIPS PAPRIKA S BUDGET 250 g;363146;S-Budget;0.2500;kg;1.59;6.36;;;02.05.2025;1.59;3856021222009;Hrana
HOBOTNICA FROZY 900-1800 g;363186;Frozy;1.0000;kg;12.99;12.99;;;02.05.2025;12.99;3859889284516;Hrana
BOMB.BEBETO SOUR WORMS 80 g;363244;Bebeto;0.0800;kg;0.99;12.38;;;02.05.2025;0.99;8690146659112;Hrana
BOMB.BEBETO LOVELY FRUITS 80 g;363245;Bebeto;0.0800;kg;0.99;12.38;;;02.05.2025;0.99;8690146658214;Hrana
BOM.GUM.HARIBO PICO BALLA 85 g;363251;Haribo;0.0850;kg;1.59;18.71;;;02.05.2025;1.59;8426617119928;Hrana
PISTACIJ.NUTLINE SUHOPR®.125 g;363252;Nutline;0.1250;kg;4.39;35.12;;;02.05.2025;3.99;5941445676229;Hrana
VAFEL HANUTA 172,5 g;363258;Ferrero;0.1725;kg;4.59;26.61;;;02.05.2025;4.59;8000500331798;Hrana
VAFEL HANUTA 34,5 g;363261;Ferrero;0.0345;kg;1.09;31.59;;;02.05.2025;1.09;8000500331774;Hrana
ÈOK.KANDI ROYAL NUTS MIX 220 g;363264;Kandit;0.2200;kg;;18.14;3.99;4.49;02.05.2025;4.49;3856024803960;Hrana
ÈOK.KANDI WHOLE NUTS 220 g;363265;Kandit;0.2200;kg;4.49;20.41;;;02.05.2025;4.49;3856024803946;Hrana
NAPOL.NOUGAT KRA© 93 g;363330;Kra¹;0.0930;kg;0.99;10.65;;;02.05.2025;0.99;3850102523399;Hrana
NAPOL.CHOC.CREAM KRA© 93 g;363333;Kra¹;0.0930;kg;0.99;10.65;;;02.05.2025;0.99;3850102523382;Hrana
NAPOL.NOUGAT KRA© 187 g;363335;Kra¹;0.1870;kg;1.59;8.50;;;02.05.2025;1.59;3850102002153;Hrana
NAPOL.CHOC.CREAM KRA© 187 g;363337;Kra¹;0.1870;kg;1.59;8.50;;;02.05.2025;1.59;3850102523405;Hrana
NAPOL.COCOA MILK KRA© 187 g;363338;Kra¹;0.1870;kg;1.59;8.50;;;02.05.2025;1.59;3850102523436;Hrana
NAPOL.LEMON ORANGE KRA© 187 g;363339;Kra¹;0.1870;kg;1.59;8.50;;;02.05.2025;1.59;3850102523429;Hrana
OLOVKE UKRA©AV.HRANE SPAR 16 g;363345;SPAR;0.0160;kg;4.79;299.38;;;02.05.2025;4.79;9100000975702;Hrana
JESTIVE BOJE SPAR 4X10 g 40 g;363347;SPAR;0.0400;kg;2.79;69.75;;;02.05.2025;2.79;9100000975740;Hrana
KRUH WASA POPPY SEED 245 g;363355;;0.2450;kg;3.49;14.24;;;02.05.2025;3.49;7300400482790;Hrana
KRUH WASA CHIA &SEA SALT 245 g;363356;;0.2450;kg;3.99;16.29;;;02.05.2025;3.99;7300400482813;Hrana
NAM.LINO LADA DUO PODR. 900 g;363371;Lino;0.9000;kg;5.49;6.10;;;02.05.2025;5.49;3856020262112;Hrana
Sir kozji min.50%m.m. 250 g;363377;;0.2500;kg;5.29;21.16;;;02.05.2025;5.29;3830019420516;Hrana
PILEÆI FILE 500 g;363388;Cekin;0.5000;kg;5.55;11.10;;5.55;02.05.2025;6.35;3850159110986;Hrana
VREÆE ZA SMEÆE 150L,10/1;363389;;10.0000;kom;3.19;0.32;;;02.05.2025;3.19;3858891882031;Proizvodi za kuæanstvo
VREÆE ZA SMEÆE 180L,10/1;363390;;10.0000;kom;4.39;0.44;;;02.05.2025;4.39;3858891882048;Proizvodi za kuæanstvo
VREÆE ZA SMEÆE 300L,5/1;363391;;5.0000;kom;4.49;0.90;;;02.05.2025;4.49;3858891880778;Proizvodi za kuæanstvo
PR©UT PREM. REZANI VP 18+;363398;;1.0000;kg;42.29;42.29;;;02.05.2025;42.29;3859892733025;Hrana
GRA.SANTE BROWNIE I TRE©.300 g;363402;Sante;0.3000;kg;4.99;16.63;;;02.05.2025;4.99;5900617043481;Hrana
KULEN CRNA SL.SVINJA 1/2;363403;Belje;1.0000;kg;59.99;59.99;;;02.05.2025;59.99;3850257053086;Hrana
PIVO 5.ELEMENT ABA LIM. 0,5 L;363441;;0.5000;L;2.38;4.76;;;02.05.2025;2.38;3859892222338;Piæa
PIVO 5.ELEMENT IIPA LIM.0,5 L;363442;;0.5000;L;2.78;5.56;;;02.05.2025;2.78;3859892222345;Piæa
PIVO 5.ELEMENT LELA LIM.0,5 L;363443;;0.5000;L;2.32;4.64;;;02.05.2025;2.32;3859893750342;Piæa
SIPA KOCKICE PERLA 235 g ;363448;Perla;0.2350;kg;7.99;34.00;;;02.05.2025;7.99;3858892085271;Hrana
VONGOLE PERLA 750 g;363449;Perla;0.7500;kg;5.19;6.92;;;02.05.2025;5.19;3858892085301;Hrana
LIGNJA PATAGONICA PERLA 525 g ;363450;Perla;0.5250;kg;7.29;13.89;;;02.05.2025;7.29;3858892085233;Hrana
TEMELJAC OD ©KAMPA PERLA 450 g;363451;Perla;0.4500;kg;4.19;9.31;;;02.05.2025;4.19;3858892086193;Hrana
VL.MAR.PAMPERS FRESH 5X52;363490;Pampers;260.0000;kom;6.59;0.03;;;02.05.2025;6.59;8001841078137;Toaletne potrep¹tine
VL.MAR.PAMPERS SENSIT.5x52;363491;Pampers;260.0000;kom;6.59;0.03;;;02.05.2025;6.59;8001841062792;Toaletne potrep¹tine
TORTA JAFFA  S BUDGET 800 g;363525;S-BUDGET;0.8000;kg;9.59;11.99;;;02.05.2025;9.59;3856021223259;Hrana
CROIS.DESPAR TRE©NJA 300 g;363531;DESPAR;0.3000;kg;1.98;6.60;;;02.05.2025;1.98;8001300803157;Hrana
CROIS.DESPAR MARELICA 300 g;363532;DESPAR;0.3000;kg;1.98;6.60;;;02.05.2025;1.98;8001300803133;Hrana
PANCETA S BUDGET cca. 400 g;363535;S-Budget;1.0000;kg;14.99;14.99;;;02.05.2025;14.99;3856021223242;Hrana
GIN TANQUERAY BLACK.ROYA.0,7 L;363551;;0.7000;L;28.09;40.13;;;02.05.2025;28.09;5000291025824;Piæa
GIN GORDON´S MEDITE.ORAN.0,7 L;363552;Gordon's;0.7000;L;21.99;31.41;;;02.05.2025;21.89;5000289933490;Piæa
VINO CHATEAU THIBAULT 0,75 L;363557;;0.7500;L;5.72;7.63;;;02.05.2025;5.72;3272810303382;Piæa
TABL.FINISH ULTIMATE 50/1;363570;Finish;50.0000;kom;14.99;0.30;;;02.05.2025;14.99;5908252004829;Sredstva za èi¹æenje
TJEST.TORTEL.3 VRSTE SIR.450 g;363575;®itoproizvod;0.4500;kg;1.89;4.20;;1.89;02.05.2025;3.98;3858881509290;Hrana
HELJDA O´PLANT NUGGETS 400 g ;363576;O´PLANT;0.4000;kg;3.99;9.98;;;02.05.2025;3.99;3856020261207;Hrana
BROKULA O´PLANT NUGGETS 400 g ;363577;O´PLANT;0.4000;kg;3.99;9.98;;;02.05.2025;3.99;3856020261269;Hrana
VREÆICE ZA IZMET S-B 12X20 KOM;363605;S-Budget;240.0000;kom;4.99;0.02;;;02.05.2025;4.99;8056149088128;Proizvodi za kuæanstvo
SIR LIÈKI POLUTVRDI MIX 600 g;363611;;0.6000;kg;7.99;13.32;;;02.05.2025;7.99;3859893929106;Hrana
ZOB.DOBRA KA©A JAB.CIMET 260 g;363623;Dobra Zobena Kasa;0.2600;kg;3.29;12.65;;;02.05.2025;3.29;8595054901097;Hrana
ZOB.DOBRA KA©A MALINA VAN.65 g;363624;Dobra Zobena Kasa;0.0650;kg;0.99;15.23;;;02.05.2025;0.99;8595054904272;Hrana
ZOB.DOBRA KA©A JAG.CHIA 65 g;363625;Dobra Zobena Kasa;0.0650;kg;0.99;15.23;;;02.05.2025;0.99;8595054904883;Hrana
ZOB.DOBRA KA©A BOR.CHIA 65 g;363627;Dobra Zobena Kasa;0.0650;kg;0.99;15.23;;;02.05.2025;0.99;8595054905958;Hrana
ZOB.DOBRA KA©A BADEM MED 65 g;363628;Dobra Zobena Kasa;0.0650;kg;0.89;13.69;;;02.05.2025;0.89;8595054906238;Hrana
NEKTAR FRUCTAL BOROVNICA 1 L;363642;Fructal;1.0000;L;2.49;2.49;;;02.05.2025;2.49;3838945509046;Piæa
GAZ.PI.COCA CO.Z. BEZ KOF. 1 L;363653;Coca-Cola;1.0000;L;1.48;1.48;;;02.05.2025;1.48;5449000195906;Piæa
GAZ.PI.COCA CO.Z.BEZ KOF.0,5 L;363654;Coca-Cola;0.5000;L;1.19;2.38;;;02.05.2025;1.19;5449000201935;Piæa
EN.NAP.MONSTER MONARCH 0,5 L;363655;Monster;0.5000;L;1.95;3.90;;;02.05.2025;1.95;5060896622798;Piæa
GIN KELIRO KONOPLJA 0,7 L;363660;;0.7000;L;19.94;28.49;;;02.05.2025;19.94;3859893817007;Piæa
PA©TETA POLI PILEÆA KIDS 95 g;363664;Poli;0.0950;kg;0.99;10.42;;;02.05.2025;0.99;8606015009636;Hrana
PA©TETA POLI PILEÆA CLASS.95 g;363665;Poli;0.0950;kg;0.99;10.42;;;02.05.2025;0.99;8606015009612;Hrana
HRANA ZA STER.MAÈKE ONE 450 g;363668;One;0.4500;kg;3.99;8.87;;;02.05.2025;3.99;8445290073051;Proizvodi za kuæanstvo
HRANA ZA ODRAS.MAÈKE ONE 450 g;363669;One;0.4500;kg;3.99;8.87;;;02.05.2025;3.99;8445290095831;Proizvodi za kuæanstvo
HRANA ZA ODRAS.MAÈKE ONE 450 g;363670;One;0.4500;kg;3.99;8.87;;;02.05.2025;3.99;8445290095817;Proizvodi za kuæanstvo
©UNKA KUHANA VITAL NAR. 100 g;363673;Vital;0.1000;kg;1.79;17.90;;;02.05.2025;1.79;3856021222726;Hrana
AJVAR PODRAVKA LJUTI 310 g;363691;Podravka;0.3100;kg;2.39;7.71;;;02.05.2025;2.39;3856020233679;Hrana
AJVAR PODRAVKA BLAGI 310 g;363693;Podravka;0.3100;kg;2.39;7.71;;;02.05.2025;2.39;3856020233617;Hrana
PA©TETA LINO PILEÆA 4X50 g;363694;Lino;0.2000;kg;3.19;15.95;;;02.05.2025;3.19;3856020259334;Hrana
TUNA PA©TETA LINO 4X50 g;363696;Lino;0.2000;kg;3.89;19.45;;;02.05.2025;3.89;3856020259365;Hrana
KEKS GULLON B.©.170 g;363697;Gullon;0.1700;kg;1.99;11.71;;;02.05.2025;1.99;8410376039733;Hrana
KEKS GULLON CHOCO B.G.225 g;363698;Gullon;0.2250;kg;4.19;18.62;;;02.05.2025;4.19;8410376061789;Hrana
PI©KOTE SAVOIARDI SCHAR 200 g;363699;Schar;0.2000;kg;;25.15;5.03;6.29;02.05.2025;6.29;8008698023723;Hrana
PAPRIKA PEPPADEW LJUTA 400 g;363700;Peppadew;0.1400;kg;3.59;25.64;;;02.05.2025;3.59;6007788005450;Hrana
PAPRIKA PEPPAD.BL.PIKANT.400 g;363701;Peppadew;0.1400;kg;3.59;25.64;;;02.05.2025;3.59;6007788005443;Hrana
ÈAJ BAKINA KAMILICA 45 g;363702;Pampa-tea;30.0000;kom;6.79;0.23;;;02.05.2025;6.79;3859891239375;Piæa
ÈAJ PAMPA BRONHITKO 50 g;363703;Pampa-tea;30.0000;kom;9.99;0.33;;;02.05.2025;9.99;3859891239382;Piæa
ÈAJ PAMPA MR©AVKO 60 g;363704;Pampa-tea;30.0000;kom;9.99;0.33;;;02.05.2025;9.99;3859891239351;Piæa
ÈAJ PAMPA PODRAVSKI 60 g;363705;Pampa-tea;30.0000;kom;9.99;0.33;;;02.05.2025;9.99;3859891239368;Piæa
BRA©NO BADEM.B.G.BIO 250 g;363706;BB OIL;0.2500;kg;3.99;15.96;;;02.05.2025;3.99;3859893314452;Hrana
ÈAJ PAMPA SMIRKO 60 g;363707;Pampa-tea;30.0000;kom;9.99;0.33;;;02.05.2025;9.99;3859891239344;Piæa
ÈAJ AHMAD SLIM 30 g;363709;Ahmad;20.0000;kom;3.32;0.17;;;02.05.2025;3.32;0054881020350;Piæa
ÈAJ AHMAD IMMUNE 30 g;363716;Ahmad;20.0000;kom;3.32;0.17;;;02.05.2025;3.32;0054881020343;Piæa
ÈAJ AHMAD ENERGY 30 g;363717;Ahmad;20.0000;kom;3.32;0.17;;;02.05.2025;3.32;0054881020367;Piæa
ÈAJ AHMAD SLEEP 30 g;363720;Ahmad;20.0000;kom;3.32;0.17;;;02.05.2025;3.32;0054881020381;Piæa
ÈAJ AHMAD DIGEST 40 g;363722;Ahmad;20.0000;kom;3.32;0.17;;;02.05.2025;3.32;0054881020374;Piæa
ÈAJ AHMAD BEAUTY 30 g;363724;Ahmad;20.0000;kom;3.32;0.17;;;02.05.2025;3.32;0054881020398;Piæa
ÈAJ AHMAD ZELENI ÈAJ 30 g;363726;Ahmad;20.0000;kom;3.98;0.20;;;02.05.2025;3.98;0054881025225;Piæa
ÈAJ AHMAD CRNI ÈAJ 40 g;363727;Ahmad;20.0000;kom;3.98;0.20;;;02.05.2025;3.98;0054881025195;Piæa
ÈAJ TEEKANNE ©IPAK 54 g;363729;Teekanne;0.0540;kg;1.59;29.44;;;02.05.2025;1.59;5901086000098;Piæa
KAPSULE FRANCK STRETTO 57 g;363730;Franck;10.0000;kom;4.59;0.46;;;02.05.2025;4.59;3850291053646;Piæa
KAPSULE FRANCK SUPERIORE 57 g;363731;Franck;10.0000;kom;4.99;0.50;;;02.05.2025;4.99;3850291053660;Piæa
KAPSULE FRANCK 125 GODINA 57 g;363732;Franck;10.0000;kom;4.59;0.46;;;02.05.2025;4.59;3850291053677;Piæa
KAPSULE FRANCK CLASSIC 57 g;363734;Franck;10.0000;kom;4.49;0.45;;;02.05.2025;4.49;3850291053684;Piæa
LIÈKA SUHA KOBASICA;363742;JADRI TADE;1.0000;kg;18.49;18.49;;;02.05.2025;18.49;3857500137203;Hrana
AMERIÈKI BURGER 400 g;363744;;0.4000;kg;5.39;13.48;;;02.05.2025;3.99;3850139281316;Hrana
BIO ULJE LJE©.BIO BRDO 100 ml;363751;;0.1000;L;5.69;56.90;;;02.05.2025;5.69;3859893314315;Hrana
BIO ULJE KONOP.BIO BRDO 250 ml;363752;;0.2500;L;5.89;23.56;;;02.05.2025;5.89;3859893314131;Hrana
BIO ULJE LANA BIO BRDO 250 ml;363754;;0.2500;L;3.99;15.96;;;02.05.2025;3.99;3859893314094;Hrana
BIO ULJE SUNCO.BIO BRDO 250 ml;363756;;0.2500;L;2.65;10.60;;;02.05.2025;2.65;3859893314179;Hrana
BIO ULJE ULJ.REP.BIO BR.250 ml;363757;;0.2500;L;2.89;11.56;;;02.05.2025;2.89;3859893314216;Hrana
POP HOT-DOG 245 g;363758;;0.2450;kg;4.49;18.33;;;02.05.2025;4.49;3850139280876;Hrana
KEKS S.BUD.CHIP COOKIES 225 g;363772;S-Budget;0.2250;kg;;7.07;1.59;1.89;02.05.2025;1.89;9100000976259;Hrana
PRELJ.JOGU.ZA SAL.S-BUD.500 ml;363773;S-Budget;0.5000;L;1.99;3.98;;;02.05.2025;1.99;9100000976631;Hrana
PRELJ.FRE. ZA SAL.S-BUD.500 ml;363774;S-Budget;0.5000;L;1.99;3.98;;;02.05.2025;1.99;9100000976655;Hrana
PJEN.DES. MUNC.JAGODA 128 g;363775;Jaffa;0.1280;kg;1.79;13.98;;;02.05.2025;1.33;8600114010012;Hrana
KREKER TAK CLASSIC 115 g;363777;Jaffa;0.1150;kg;1.09;9.48;;;02.05.2025;1.09;8600114009474;Hrana
KREKER TAK CORN 135 g;363778;Jaffa;0.1350;kg;1.09;8.07;;;02.05.2025;1.09;8600462041973;Hrana
LIZALICA ÈOKO.SOLEN OZMO 23 g;363799;Solen;0.0230;kg;0.79;34.35;;;02.05.2025;0.79;8691707087962;Hrana
SIR PRESIDENT PICANT 140 g;363811;President;0.1400;kg;2.09;14.93;;;02.05.2025;2.09;3850355005659;Hrana
PRALINE SEASHELLS 125 g;363817;;0.1250;kg;4.59;36.72;;;02.05.2025;4.59;5400265012667;Hrana
LOS.L´ANGELI.ULJNI 250 ml;363819;L´Angelica;0.2500;l;3.49;13.96;;;02.05.2025;3.49;8017331082928;Kozmetika
LOS.L´ANGELI.ULJNI 250 ml;363820;L´Angelica;0.2500;l;3.49;13.96;;;02.05.2025;3.49;8017331082942;Kozmetika
TP.VIOLETA STRONG&SOFT 12/1;363821;Violeta;12.0000;KOM;5.97;0.50;;;02.05.2025;5.97;3870128003699;Toaletne potrep¹tine
MAST ZA RUKE MEDIHELP 75 ml;363839;MediHelp;0.0750;L;2.52;33.60;;;02.05.2025;2.52;9100000968919;Kozmetika
SIR KOZJI EX.TVRDI CAPRO.260 g;363840;Vindija;0.2600;kg;10.99;42.27;;;02.05.2025;10.99;3850108052954;Hrana
SIR OVÈJI EX.TVRDI OVID.260 g ;363841;Vindija;0.2600;kg;10.99;42.27;;;02.05.2025;10.99;3850108052947;Hrana
NJOKI VEGAN KRUMP. CIKLA 400 g;363878;;0.4000;kg;2.59;6.48;;;02.05.2025;2.59;3859888280991;Hrana
GEL ZA T.DOVE NA.CA XXL 400 ml;363887;Dove;0.4000;l;5.99;14.98;;;02.05.2025;5.99;8720181222436;Kozmetika
MIKROZELENJE GRA©AK 30 g;363900;;0.0300;kg;1.65;55.00;;;02.05.2025;1.65;3859894055217;Hrana
LIKER PELINKOVAC WINTER 0,7 L;363931;;0.7000;L;13.02;18.60;;;02.05.2025;13.02;3850112112095;Piæa
PRE.BILLY BOY PERLGENOPPT 3/1;363943;Billy Boy;3.0000;KOM;;0.76;2.29;2.65;02.05.2025;2.65;4008600230908;Toaletne potrep¹tine
VINO CAB.SAUVIGNON TW BIB 3 L;363963;Touch wine;3.0000;L;9.39;3.13;;;02.05.2025;9.39;3859893289170;Piæa
VINO CHA&RKACITELI TW BIB 3 L;363964;Touch wine;3.0000;L;9.39;3.13;;;02.05.2025;9.39;3859893289187;Piæa
VINO CAB.SAUVIGNON TW 0,75 L  ;363965;Touch wine;0.7500;L;5.79;7.72;;;02.05.2025;5.79;3859893289118;Piæa
VINO CHARDONNAY  T.WINE 0,75 L;363967;Touch wine;0.7500;l;6.02;8.03;;;02.05.2025;6.02;3859893289149;Piæa
VINO ROSE  SHIRAZ TW 0,75 L;363969;Touch wine;0.7500;l;5.79;7.72;;;02.05.2025;5.79;3859893289156;Piæa
VINO SWEETY SHIRAZ TW 0,75 L;363971;Touch wine;0.7500;l;6.02;8.03;;;02.05.2025;6.02;3859893289323;Piæa
VINO PORTO SANDEMAN 0,75 L;363973;;0.7500;L;14.63;19.51;;;02.05.2025;14.63;5601083001585;Piæa
RUM LA HECHICERA 0,7 L;363974;;0.7000;L;40.48;57.83;;;02.05.2025;40.48;7707180703013;Piæa
FEFER.POCO LOCO JALAPENO 225 g;363994;Poco Loco;0.2250;kg;3.49;15.51;;;02.05.2025;3.44;5412514937188;Hrana
TUNA SALATA SPAR MEKS.160 g;363999;SPAR;0.1600;kg;2.79;17.44;;;02.05.2025;2.79;9100000974699;Hrana
TUNA SALATA SPAR KUKURUZ 160 g;364000;SPAR;0.1600;kg;2.79;17.44;;;02.05.2025;2.79;9100000974736;Hrana
TUNA SALATA SPAR COUS.160 g;364001;SPAR;0.1600;kg;2.79;17.44;;;02.05.2025;2.79;9100000974712;Hrana
GEL OLOVKA EVELINE CRNA 1/1 ;364006;Eveline;1.0000;kom;4.49;4.49;;;02.05.2025;4.49;5903416037873;Kozmetika
GEL OLOVKA EVELINE SMEÐA 1/1 ;364008;Eveline;1.0000;kom;4.49;4.49;;;02.05.2025;4.49;5903416037880;Kozmetika
GEL OLOVKA EVELINE PLAVA 1/1 ;364009;Eveline;1.0000;kom;4.49;4.49;;;02.05.2025;4.49;5903416037897;Kozmetika
GEL OLOVKA EVELINE LAGOON 1/1 ;364010;Eveline;1.0000;kom;4.49;4.49;;;02.05.2025;4.49;5903416037903;Kozmetika
LAK ZA NOKTE EVELINE 163 8 ml;364014;Eveline;0.0080;L;2.89;361.25;;;02.05.2025;2.89;5903416049074;Kozmetika
LAK ZA NOKTE EVELINE 164 8 ml;364015;Eveline;0.0080;L;2.89;361.25;;;02.05.2025;2.89;5903416049081;Kozmetika
LAK ZA NOKTE EVELINE 166 8 ml;364016;Eveline;0.0080;L;2.89;361.25;;;02.05.2025;2.89;5903416049104;Kozmetika
DET. FROSCH ZA BEBE 1,22 kg;364017;Frosch;1.2150;kg;6.99;5.75;;;02.05.2025;6.99;9001531956386;Sredstva za èi¹æenje
LAK ZA NOKTE EVELINE 168 8 ml;364018;Eveline;0.0080;L;2.89;361.25;;;02.05.2025;2.89;5903416049128;Kozmetika
LAK ZA NOKTE EVELINE 170 8 ml;364021;Eveline;0.0080;L;2.89;361.25;;;02.05.2025;2.89;5903416049142;Kozmetika
SREDSTVO ZA ODVOD RORAX 60 g;364022;Rorax;0.0600;kg;1.29;21.50;;;02.05.2025;1.29;4001499168314;Sredstva za èi¹æenje
LAK ZA NOKTE EVELINE 172 8 ml;364028;Eveline;0.0080;L;2.89;361.25;;;02.05.2025;2.89;5903416049166;Kozmetika
LAK ZA NOKTE EVELINE 173 8 ml;364031;Eveline;0.0080;L;2.89;361.25;;;02.05.2025;2.89;5903416049173;Kozmetika
OLOVKA ZA USNE EVELINE MIL.1/1;364034;Eveline;1.0000;kom;3.39;3.39;;;02.05.2025;3.39;5903416027195;Kozmetika
OLOVKA ZA USNE EVELINE BE®.1/1;364035;Eveline;1.0000;kom;3.39;3.39;;;02.05.2025;3.39;5903416027201;Kozmetika
OLOVKA ZA USNE EVELINE RW.1/1;364037;Eveline;1.0000;kom;3.39;3.39;;;02.05.2025;3.39;5903416027218;Kozmetika
OLOVKA ZA USNE EVELINE RED 1/1;364038;Eveline;1.0000;kom;3.39;3.39;;;02.05.2025;3.39;5903416027249;Kozmetika
SJAJILO ZA USNE EVELINE D&G 02;364039;Eveline;1.0000;kom;5.39;5.39;;;02.05.2025;5.39;5903416033660;Kozmetika
SJAJILO ZA USNE EVELINE D&G 03;364040;Eveline;1.0000;kom;5.39;5.39;;;02.05.2025;5.39;5903416033677;Kozmetika
SJAJILO ZA USNE EVELINE D&G 04;364041;Eveline;1.0000;kom;5.39;5.39;;;02.05.2025;5.39;5903416033684;Kozmetika
SJAJILO ZA USNE EVELINE D&G 05;364042;Eveline;1.0000;kom;5.39;5.39;;;02.05.2025;5.39;5903416033691;Kozmetika
SJAJILO ZA USNE EVELINE D&G 06;364043;Eveline;1.0000;kom;5.39;5.39;;;02.05.2025;5.39;5903416033707;Kozmetika
SJAJILO ZA USNE EVELINE TOP;364044;Eveline;1.0000;kom;5.39;5.39;;;02.05.2025;5.39;5903416033653;Kozmetika
FRAKANCI 200 g;364046;;0.2000;kg;3.19;15.95;;;02.05.2025;3.19;3859893791000;Hrana
PRIMER SERUM EVELINE UNI.30 ml;364050;Eveline;0.0300;L;7.28;242.67;;;02.05.2025;7.28;5903416017813;Kozmetika
SMOO.POWER VITAMIN.S.ENJ.250 g;364052;SPAR enjoy;0.2500;kg;1.79;7.16;;;02.05.2025;1.79;9100000988696;Piæa
SMOO.POWER ENERGIE.S.ENJ.250 g;364053;SPAR enjoy;0.2500;kg;1.79;7.16;;;02.05.2025;1.79;9100000988610;Piæa
SMOO.POWER CELL-BO.S.ENJ.250 g;364055;SPAR enjoy;0.2500;kg;1.79;7.16;;;02.05.2025;1.79;9100000988658;Piæa
SPREJ SANYTOL 150 ml;364056;Sanytol;0.1500;L;3.19;21.27;;;02.05.2025;3.19;3045200715009;Sredstva za èi¹æenje
BOROVNICA S-BUDGET 450 g;364060;S-Budget;0.4500;kg;3.99;8.87;;;02.05.2025;3.99;5999033893459;Hrana
VOÆNI MIX S-BUDGET 450 g;364061;S-Budget;0.4500;kg;2.49;5.53;;;02.05.2025;2.49;5999033893305;Hrana
KRUH SELJAÈKI 500 g;364062;;0.5000;kg;4.59;9.18;;;02.05.2025;4.59;3859893454981;Hrana
PIÆE FRUCTAL GRANDE JABUKA 2 L;364079;Fructal;2.0000;L;2.19;1.10;;;02.05.2025;2.19;3838945041027;Piæa
PIÆE FRUCTAL GRANDE ©U.VOÆ.2 L;364080;Fructal;2.0000;L;2.19;1.10;;;02.05.2025;2.19;3838945041034;Piæa
PIÆE FRUCTAL GRAND.NARANÈA 2 L;364081;Fructal;2.0000;L;2.19;1.10;;;02.05.2025;2.19;3838945041010;Piæa
NEKTAR FRUCTAL BRES.JAB.0,2 L ;364084;Fructal;0.2000;L;0.65;3.25;;;02.05.2025;0.69;3838945040983;Piæa
NEKTAR FRUCTAL BOR.ARONI.0,2 L;364087;Fructal;0.2000;L;0.65;3.25;;;02.05.2025;0.69;3838945040976;Piæa
NEKTAR FRUCTAL JAGODA 0,2 L;364088;Fructal;0.2000;L;0.65;3.25;;;02.05.2025;0.69;3838945040990;Piæa
NEKTAR FRUCTAL JABUKA 0,2 L;364091;Fructal;0.2000;L;0.65;3.25;;;02.05.2025;0.69;3838945040969;Piæa
PIVO GARDEN DOLINA 0,44 L;364095;;0.4400;L;3.35;7.61;;;02.05.2025;3.35;3858893811305;Piæa
PIVO GARDEN OBALA 0,44 L;364100;;0.4400;L;2.95;6.70;;;02.05.2025;2.95;3858893811268;Piæa
PIVO GARDEN OSEKA 0,44 L;364101;;0.4400;L;3.21;7.30;;;02.05.2025;3.21;3858893811275;Piæa
PIVO GARDEN TAMA 0,44 L;364102;;0.4400;L;3.21;7.30;;;02.05.2025;3.21;3858893811299;Piæa
PIVO FAKIN IPA 0,5 L;364125;;0.5000;L;;4.46;2.23;2.69;02.05.2025;2.79;3859893357152;Piæa
KRUH SUPER SENDVIÈ INTEG.375g;364133;;0.3750;kg;2.79;7.44;;;02.05.2025;2.79;9005300010354;Hrana
KRUH SUPER SENDVIÈ 375  g;364134;;0.3750;kg;2.79;7.44;;;02.05.2025;2.79;9005300010750;Hrana
PJENU©AC GRIFFIN ZERO 0,75 l;364208;;0.7500;l;29.82;39.76;;;02.05.2025;29.82;3859536305458;Piæa
KAVA SUPERBAR HAUSBRANDT 1 kg ;364270;Hausbrandt;1.0000;kg;38.99;38.99;;;02.05.2025;38.99;8006980151956;Piæa
ÈOK.TOPLA CHOCO-LA 50/1 1250 g;364271;;1.2500;kg;16.99;13.59;;;02.05.2025;16.99;8006980466050;Piæa
VINO ZINFANDEL ROSE 0,75 L;364282;;0.7500;L;5.39;7.19;;;02.05.2025;5.39;3263280102414;Piæa
ÈAJ SW.BERRIES 15/1 48 g;364287;;0.0480;kg;6.99;145.63;;;02.05.2025;6.99;4006465135703;Piæa
ÈAJ MOROCCAN MINT15/1 36 g;364290;;0.0360;kg;6.99;194.17;;;02.05.2025;6.99;4006465136502;Piæa
ÈAJ WELLNESS 15/1 45 g;364291;;0.0450;kg;6.99;155.33;;;02.05.2025;6.99;4006465135802;Piæa
DEO NIVEA STICK MEN DEEP 50 ml;364292;Nivea;0.0500;l;4.99;99.80;;;02.05.2025;4.99;9005800352268;Kozmetika
ÈAJ WINTER 15/1 48 g;364293;;0.0480;kg;6.99;145.63;;;02.05.2025;6.99;4006465136908;Piæa
ÈAJ ROSY ROSE 15/1 42 g;364294;;0.0420;kg;6.99;166.43;;;02.05.2025;6.99;4006465137004;Piæa
ÈAJ ROOIBOS ORANGE 15/1 45 g;364295;;0.0450;kg;6.99;155.33;;;02.05.2025;6.99;4006465135901;Piæa
ÈAJ FRUITY CAMOMILE 15/1 21 g;364297;;0.0210;kg;6.99;332.86;;;02.05.2025;6.99;4006465135604;Piæa
DEO NIVEA MEN FRESH ACT.50 ml;364299;Nivea;0.0500;l;4.99;99.80;;;02.05.2025;4.99;9005800352220;Kozmetika
DEO NIVEA MEN FRESH KIC.50 ml;364300;Nivea;0.0500;l;4.99;99.80;;;02.05.2025;4.99;9005800352237;Kozmetika
NIVEA DEO P&B.®ENSKI 50 ml;364302;Nivea;0.0500;l;4.99;99.80;;;02.05.2025;4.99;9005800352299;Kozmetika
DEO NIVEA ®ENSKI FRESH F.50 ml;364304;Nivea;0.0500;l;4.99;99.80;;;02.05.2025;4.99;9005800352312;Kozmetika
ÈAJ GREEN DRAGON 15/1 36 g;364306;;0.0360;kg;6.99;194.17;;;02.05.2025;6.99;4006465135406;Piæa
ÈAJ EARL GREY 15/1 34,5 g;364307;;0.0345;kg;6.99;202.61;;;02.05.2025;6.99;4006465135000;Piæa
DEO NIVEA ®ENSKI F.NATUR.50 ml;364309;Nivea;0.0500;l;4.99;99.80;;;02.05.2025;4.99;9005800352305;Kozmetika
DEO NIVEA MEN B&W.INVISIB.50ml;364310;Nivea;0.0500;l;4.99;99.80;;;02.05.2025;4.99;9005800352206;Kozmetika
GEL ZA TU©.BIOBAZA MEN 220 ml;364315;Biobaza;0.2200;L;;11.14;2.45;3.31;02.05.2025;3.31;3856020911089;Kozmetika
ROLL ON BIOBAZA FLOWER 50 ml;364327;Biobaza;0.0500;L;3.85;77.00;;;02.05.2025;3.85;3856020910785;Kozmetika
ROLL ON BIOBAZA MEN ICE.50 ml;364329;Biobaza;0.0500;L;3.85;77.00;;;02.05.2025;3.85;3856020911126;Kozmetika
ROLL ON BIOBAZA GENTLEME.50 ml;364331;Biobaza;0.0500;L;;57.00;2.85;3.85;02.05.2025;3.85;3856020911423;Kozmetika
LIKER BABA VI©NJA 0,7 L;364338;;0.7000;L;12.02;17.17;;;02.05.2025;12.02;3877000183432;Piæa
RAKIJA ZLAT.DUNJA 0,7 L;364340;;0.7000;L;19.99;28.56;;;02.05.2025;19.99;3870474000465;Piæa
RAKIJA ZLATNA KAJSIJA 0,7 L;364343;;0.7000;L;26.42;37.74;;;02.05.2025;26.42;3870474000533;Piæa
UMAK DEVELEY POMMES 250 ml;364364;Develey;0.2500;l;3.19;12.76;;;02.05.2025;3.19;4006824994415;Hrana
HRANA ZA PSE SCOT.GOV.PER.3 kg;364407;Scotty;3.0000;kg;5.99;2.00;;;02.05.2025;5.99;9100000979908;Proizvodi za kuæanstvo
HRANA ZA MAÈKE MOLL.PIL.1,5 kg;364415;Molly;1.5000;kg;3.89;2.59;;;02.05.2025;3.89;9100000979946;Proizvodi za kuæanstvo
HRANA ZA MAÈKE MOLL.GOV.1,5 kg;364416;Molly;1.5000;kg;3.89;2.59;;;02.05.2025;3.89;9100000979922;Proizvodi za kuæanstvo
WHISKEY J.W.BLACK LABEL 0,7 L;364458;Johnnie Walker;0.7000;L;35.49;50.70;;;02.05.2025;35.49;5000267024202;Piæa
PJENU©AC PENINA SEC 0,75 L;364460;;0.7500;L;7.89;10.52;;;02.05.2025;7.89;3830001601336;Piæa
PELINKOVAC ZELENI MARASKA 1 L ;364477;Maraska;1.0000;L;15.49;15.49;;;02.05.2025;15.02;3850158407001;Piæa
ÈAJ AHMAD ENGLISH TEA 40 g;364483;Ahmad;0.0400;kg;3.45;86.25;;;02.05.2025;3.45;0054881006163;Piæa
KAPSULE JACOBS LUNGO 52 g;364484;Jacobs;0.0520;kg;5.99;115.19;;;02.05.2025;5.59;8711000371244;Piæa
KAPSULE JACOBS INTENSE 52 g;364486;Jacobs;0.0520;kg;5.99;115.19;;;02.05.2025;5.59;8711000371183;Piæa
KAPSULE JACOBS CLASSIC 52 g;364487;Jacobs;0.0520;kg;5.99;115.19;;;02.05.2025;5.59;8711000371176;Piæa
KAPSULE JACOBS RISTRETTO 52 g;364488;Jacobs;0.0520;kg;5.99;115.19;;;02.05.2025;5.59;8711000371206;Piæa
INST.KAVA JACOBS MONARCH 2 g;364489;Jacobs;0.0020;kg;0.45;225.00;;;02.05.2025;0.35;8711000538012;Piæa
SIR MAAS.REZANI EUROSER 100 g ;364491;;0.1000;kg;1.99;19.90;;;02.05.2025;1.99;5902431277752;Hrana
RAKIJA OD DUNJE ÐANIÆ 0,5 L;364499;;0.5000;L;17.58;35.16;;;02.05.2025;17.58;3859893177378;Piæa
RAKIJA OD MARELICE ÐANIÆ 0,5 L;364500;;0.5000;L;17.58;35.16;;;02.05.2025;17.58;3859893177385;Piæa
MON CHERI SRCE 147 g;364515;Ferrero;0.1470;kg;3.99;27.14;;3.99;02.05.2025;3.99;4008400102023;Hrana
PRAL.FERR.VALENT.PRESTIGE 83 g;364516;Ferrero;0.0830;kg;3.99;48.07;;;02.05.2025;3.99;8000500333761;Hrana
SALVETE 33x33 cm,20/1 PROLJETN;364540;;1.0000;kom;2.49;2.49;;;02.05.2025;2.49;9001632823280;Proizvodi za kuæanstvo
PIVO GARDIA BEZGLUTENSK.0,33 L;364553;;0.3300;L;2.02;6.12;;;02.05.2025;2.02;0764460287950;Piæa
GAZIRAN.PIÆE GREEN COLA 0,33 L;364559;;0.3300;L;1.12;3.39;;;02.05.2025;1.12;5206542009685;Piæa
LAK ZA KOSU BEAUTY KISS 300 ml;364591;Beauty Kiss;0.3000;L;1.99;6.63;;;02.05.2025;1.98;9100000039169;Kozmetika
LAK ZA KOSU BEAUTY KISS 300 ml;364592;Beauty Kiss;0.3000;L;1.99;6.63;;;02.05.2025;1.98;9100000039183;Kozmetika
©AMPON BEAUTY KI.SUHO P.200 ml;364593;Beauty Kiss;0.2000;L;1.79;8.95;;;02.05.2025;1.79;9100000973548;Kozmetika
©AMPON BEAUTY KI.SUHO P.200 ml;364594;Beauty Kiss;0.2000;L;1.79;8.95;;;02.05.2025;1.79;9100000973562;Kozmetika
PJENA ZA BR.BEAUTY KISS 200 ml;364595;Beauty Kiss;0.2000;L;2.10;10.50;;;02.05.2025;2.10;9100000967301;Kozmetika
BOM.®ELE VEG.COLA-FLASCH.200 g;364604;SPAR Veggie;0.2000;kg;1.49;7.45;;;02.05.2025;1.49;9100000979038;Hrana
KEKSI DELIC.CHOC.PIR B©.200 g;364605;Delicia;0.2000;kg;3.99;19.95;;;02.05.2025;3.99;3859889106238;Hrana
KEKSI DELIC.VITAL.BL.B©.200 g;364606;Delicia;0.2000;kg;3.19;15.95;;;02.05.2025;3.19;3859889106214;Hrana
PLOÈ.GO ON PROT.KIKIR.KAR.50 g;364611;GO ON;0.0500;kg;1.49;29.80;;;02.05.2025;1.49;5900617041685;Hrana
TORTILLA MIX PODRAVKA 300 g;364612;Podravka;0.3000;kg;2.29;7.63;;;02.05.2025;2.29;3856020259228;Hrana
DOMAÆA BAKLAVA LAYLA 500 g;364613;;0.5000;kg;3.98;7.96;;;02.05.2025;3.98;3859893926082;Hrana
KAPSULE MULTIVITA VITAM.D 30/1;364614;Multivita;30.0000;kom;3.79;0.13;;;02.05.2025;3.79;3858881249202;Hrana
KAVA ZLATNA D®EZVA 400 g;364627;ZLATNA D®EZVA;0.4000;kg;7.89;19.73;;;02.05.2025;7.89;3870007015027;Piæa
KOBASICA MINIKO CLASSIC 60 g;364664;Gavrilovic;0.0600;kg;2.35;39.17;;;02.05.2025;2.35;3858892724668;Hrana
KOBASICA MINIKO SPICY 60 g;364665;Gavrilovic;0.0600;kg;2.35;39.17;;;02.05.2025;2.35;3858892724682;Hrana
HRANA ZA MAÈKE WHISKAS 4X85 g;364666;Whiskas;0.3400;kg;2.75;8.09;;;02.05.2025;2.19;5900951301759;Proizvodi za kuæanstvo
HRANA ZA MAÈKE WHISKAS 4X85 g;364667;Whiskas;0.3400;kg;2.75;8.09;;;02.05.2025;2.19;4770608263652;Proizvodi za kuæanstvo
KEKS KOKOS PREKRA©NI 200 g;364669;Kra¹;0.2000;kg;2.59;12.95;;;02.05.2025;2.59;3850102005413;Hrana
HRANA ZA MAÈKE WHISKAS 4X85 g;364670;Whiskas;0.3400;kg;2.75;8.09;;;02.05.2025;2.19;5900951301841;Proizvodi za kuæanstvo
HRANA ZA MAÈKE WHISKAS 4X85 g;364672;Whiskas;0.3400;kg;2.75;8.09;;;02.05.2025;2.19;5900951301780;Proizvodi za kuæanstvo
HRANA ZA MAÈKE WHISKAS 4X85 g;364673;Whiskas;0.3400;kg;2.75;8.09;;;02.05.2025;2.19;5900951303319;Proizvodi za kuæanstvo
HRANA ZA MAÈKE WHISKAS 4X85 g;364674;Whiskas;0.3400;kg;2.75;8.09;;;02.05.2025;2.19;5900951303210;Proizvodi za kuæanstvo
HRANA ZA MAÈKE WHISKAS 4X85 g;364676;Whiskas;0.3400;kg;2.75;8.09;;;02.05.2025;2.19;5900951303166;Proizvodi za kuæanstvo
HRANA ZA MAÈKE WHISKAS 4X85 g;364677;Whiskas;0.3400;kg;2.75;8.09;;;02.05.2025;2.19;4770608262662;Proizvodi za kuæanstvo
HRANA ZA MAÈKE WHISKAS 4X85 g;364678;Whiskas;0.3400;kg;2.75;8.09;;;02.05.2025;2.19;4770608262655;Proizvodi za kuæanstvo
NAPOLITANKE KRA© NOUGAT 327 g;364679;Kra¹;0.3270;kg;2.65;8.10;;;02.05.2025;2.65;3850102523450;Hrana
NAPOLITAN.KRA© CH.CREAM 327 g;364681;Kra¹;0.3270;kg;2.65;8.10;;;02.05.2025;2.65;3850102523443;Hrana
NAPOLITANKE KRA© LEM.ORA.327 g;364682;Kra¹;0.3270;kg;2.65;8.10;;;02.05.2025;2.65;3850102523467;Hrana
HRANA ZA MAÈKE WHISKAS 85 g;364701;Whiskas;0.0850;kg;.89;10.47;;;02.05.2025;.89;5900951302572;Proizvodi za kuæanstvo
HRANA ZA MAÈKE WHISKAS 85 g;364703;Whiskas;0.0850;kg;.89;10.47;;;02.05.2025;.89;5900951302589;Proizvodi za kuæanstvo
HRANA ZA MAÈKE WHISKAS 85 g;364704;Whiskas;0.0850;kg;.89;10.47;;;02.05.2025;.89;5900951301988;Proizvodi za kuæanstvo
HRANA ZA MAÈKE WHISKAS 85 g;364705;Whiskas;0.0850;kg;.89;10.47;;;02.05.2025;.89;5900951301919;Proizvodi za kuæanstvo
HRANA ZA MAÈKE WHISKAS 85 g;364706;Whiskas;0.0850;kg;.89;10.47;;;02.05.2025;.89;5900951302046;Proizvodi za kuæanstvo
HRANA ZA MAÈKE WHISKAS 85 g;364707;Whiskas;0.0850;kg;.89;10.47;;;02.05.2025;.89;5900951302107;Proizvodi za kuæanstvo
HRANA ZA MAÈKE WHISKAS 85 g;364708;Whiskas;0.0850;kg;.89;10.47;;;02.05.2025;.89;4770608262419;Proizvodi za kuæanstvo
HRANA ZA MAÈKE WHISKAS 85 g;364709;Whiskas;0.0850;kg;.89;10.47;;;02.05.2025;.89;4770608262402;Proizvodi za kuæanstvo
HRANA ZA MAÈKE WHISKAS 12X85 g;364710;Whiskas;1.0200;kg;8.69;8.52;;;02.05.2025;8.69;4008429155987;Proizvodi za kuæanstvo
HRANA ZA MAÈKE WHISKAS 12X85 g;364718;Whiskas;1.0200;kg;8.69;8.52;;;02.05.2025;8.69;4008429156052;Proizvodi za kuæanstvo
POSL.ZA PSE PEDI.ROD.DUO 123 g;364720;Pedigree;0.1230;kg;1.79;14.55;;;02.05.2025;1.79;5998749144299;Proizvodi za kuæanstvo
KEKS ST.MICH.MADELEINES 150 g;364723;St Michel Biscuits;0.1500;kg;2.59;17.27;;;02.05.2025;2.59;3178530415735;Hrana
KEKS MINI MADEL.LIMUN 175 g;364726;St Michel Biscuits;0.1750;kg;2.59;14.80;;;02.05.2025;2.59;3178530423662;Hrana
ÈOKOLADA MLIJEÈNA KANDI 220 g;364729;Kandit;0.2200;kg;;15.86;3.49;3.99;02.05.2025;3.99;3856024803922;Hrana
KRASTAVCI DOORA DELIK.540 g;364739;Doora;0.2900;kg;2.39;8.24;;;02.05.2025;2.39;3858894541669;Hrana
KRASTAVCI DOORA EXCLUS.540 g;364741;Doora;0.2900;kg;2.65;9.14;;;02.05.2025;2.65;3858894541676;Hrana
ÈOKOLADA EUROCREM BLOK 80 g;364742;Eurocrem;0.0800;kg;1.09;13.63;;;02.05.2025;1.09;3875000050310;Hrana
KRASTAVCI DOORA PIKANT 540 g;364744;Doora;0.2900;kg;2.89;9.97;;;02.05.2025;2.89;3858894541683;Hrana
DVOBOJNI KOLAÈ CIAMBELLA 400g;364747;;0.4000;kg;3.31;8.28;;;02.05.2025;3.31;8015854140866;Hrana
INS.KAVA NESCAFE CLA.200+20g;364748;Nescafe;0.2200;kg;9.99;45.41;;;02.05.2025;9.99;7891000365779;Piæa
KEKS S.BUD COOK.TRI.ÈOK.200 g;364752;S-Budget;0.2000;kg;2.19;10.95;;;02.05.2025;2.19;9100000975184;Hrana
BRIJAÈ WILK. XTREME 3+1;364787;Wilkinson;4.0000;kom;3.79;0.95;;3.75;02.05.2025;5.39;4027800072248;Kozmetika
ÈOK.JAJE SOCADO 450 g;364814;Socado;0.4500;kg;;2.20;0.99;1.99;02.05.2025;1.99;8000017910899;Hrana
ROYAL BRAND MARASKA 1 L;364820;;1.0000;L;11.02;11.02;;;02.05.2025;11.02;3850158201302;Piæa
ROYAL BRAND MARASKA 0,1 L;364821;;0.1000;L;1.69;16.90;;;02.05.2025;1.69;3850158201340;Piæa
VODKA THREE SIXTY ORGINA.0,7 L;364822;;0.7000;L;16.58;23.69;;;02.05.2025;16.58;4007675400001;Piæa
KREMA RUK.NAJFINIJI MET.100 ml;364835;NAJFINIJI;0.1000;L;6.29;62.90;;;02.05.2025;6.29;3859893394614;Kozmetika
KOLAÈ ©ARENE OBLATNE 200 g;364870;;0.2000;kg;2.82;14.10;;;02.05.2025;2.82;3859892892654;Hrana
PIVO ESTRELLA GALICIA LIM.0,5L;364923;;0.5000;L;1.52;3.04;;;02.05.2025;1.52;8412598000775;Piæa
PIVO ESTRELLA RES.ESPEC.0,33 L;364924;;0.3300;L;1.72;5.21;;;02.05.2025;1.72;8412598004964;Piæa
PIVO ESTRELLA GAL.BEZAL.0,33 L;364925;;0.3300;L;1.29;3.91;;;02.05.2025;1.29;8412598004605;Piæa
PIVO ESTREL.GLUTEN FREE 0,33 L;364926;;0.3300;L;1.72;5.21;;;02.05.2025;1.72;8412598005893;Piæa
PIVO ESTRELLA GAL.ESPEC.0,33 L;364927;;0.3300;L;1.48;4.48;;;02.05.2025;1.48;8412598005831;Piæa
®IT.ENCIAN CHOCO ©KOLJ.250 g;364931;Encian;0.2500;kg;2.69;10.76;;;02.05.2025;2.69;3858890104578;Hrana
BOMB.MERCI FRUIT YOGURT 250 g;364934;Storck;0.2500;kg;4.49;17.96;;4.49;02.05.2025;4.49;4014400934175;Hrana
GEL.MEDIHELP DEZINFEKCI.300 ml;364935;MediHelp;0.3000;L;1.69;5.63;;;02.05.2025;1.71;9100000973586;Kozmetika
Krakovi Humboldotovog ;364938;;1.0000;kg;10.59;10.59;;;02.05.2025;10.59;93856024302282;Hrana
PRAL.INCO USKRS ZEC 85 g;364941;;0.0850;kg;1.49;17.53;;1.49;02.05.2025;1.49;5901812693709;Hrana
PRAL.INCO USKRS.KUÆICA 60 g;364944;;0.0600;kg;;19.83;1.19;1.49;02.05.2025;1.49;5901812694294;Hrana
KEKSI JACOBS.RABBIT 150 g;364954;;0.1500;kg;2.49;16.60;;2.49;02.05.2025;2.49;5776879017023;Hrana
PILEÆI ZABATAK 500 g;364959;Perutnina;0.5000;kg;2.79;5.58;;;02.05.2025;2.79;3850220115780;Hrana
©AMPON PANTENE REPAIR 250 ml;364966;Pantene;0.2500;l;3.99;15.96;;;02.05.2025;3.99;8006540532089;Kozmetika
KEKS DOMAÆICA ORIGINAL 600 g;364995;Domaèica;0.6000;kg;5.99;9.98;;;02.05.2025;5.99;3850102005710;Hrana
PRAL.MAGNAT LJE©NJ.40 g;365021;;0.0400;kg;1.75;43.75;;;02.05.2025;1.75;5904637004651;Hrana
PASTRVA SVJE®A S BUDGET 560 g;365038;S-BUDGET;0.5600;kg;5.19;9.27;;;02.05.2025;5.19;3856021223983;Hrana
ÈAJNO PECI. MIX S BUDGET 400 g;365043;S-BUDGET;0.4000;kg;3.99;9.98;;;02.05.2025;3.99;3856021223518;Hrana
VODA VIT.CEDEVITA 0,5 L NAR-PA;365075;Cedevita;0.5000;L;1.12;2.24;;;02.05.2025;1.02;3850322016220;Piæa
VODA VIT.CEDEVITA 0,5 L LIM-AN;365078;Cedevita;0.5000;L;1.12;2.24;;;02.05.2025;1.02;3850322016183;Piæa
VODA VIT.CEDEVITA 0,5 L LIM-NA;365080;Cedevita;0.5000;L;1.12;2.24;;;02.05.2025;1.02;3850322016206;Piæa
FONDANT SPAR BIJELI 250 g ;365083;SPAR;0.2500;kg;2.49;9.96;;;02.05.2025;2.49;9100000978505;Hrana
FONDANT SPAR PLAVI 250 g ;365085;SPAR;0.2500;kg;2.49;9.96;;;02.05.2025;2.49;9100000978482;Hrana
BIO KOKOSOVO ULJE N.P. 400 ml;365094;Natur pur;0.4000;L;3.69;9.23;;;02.05.2025;3.49;3856021222948;Hrana
JUHA OD LEÆE 620 g;365141;;0.6200;kg;2.79;4.50;;;02.05.2025;2.79;8014190019867;Hrana
PINJOLI S-BUDGET 15 g;365151;S-Budget;0.0150;kg;0.89;59.33;;;02.05.2025;0.89;8033954553508;Hrana
ODRESCI O´PLANT POVRÆE 400 g;365157;O´PLANT;0.4000;kg;3.39;8.48;;;02.05.2025;3.39;3856020262020;Hrana
DET.VIO BADEM 450 ml ;365159;Èarli;0.4500;L;1.39;3.09;;;02.05.2025;1.39;3870128034501;Sredstva za èi¹æenje
DET.VIO LIMUN&SODA BIKA.450 ml;365162;;0.4500;L;1.39;3.09;;;02.05.2025;1.39;3870128034327;Sredstva za èi¹æenje
DET.VIO BADEM 900 ml ;365165;;0.9000;L;2.49;2.77;;;02.05.2025;2.49;3870128034532;Sredstva za èi¹æenje
DET.VIO LIMUN&SODA BIKA.900 ml;365168;;0.9000;L;2.49;2.77;;;02.05.2025;2.49;3870128034358;Sredstva za èi¹æenje
SRE.VIOLETA SYMPHONY 750 ml;365170;Violeta;0.7500;L;1.86;2.48;;1.59;02.05.2025;1.59;3870128033436;Sredstva za èi¹æenje
RIB.©TAP.100% PANI. LEDO 450 g;365180;Ledo;0.4500;kg;4.99;11.09;;;02.05.2025;4.99;3850116066547;Hrana
VINO DIKA CABERNET SAUV.0,75 L;365184;;0.7500;L;6.72;8.96;;;02.05.2025;6.72;3859893924347;Piæa
PAN. RIB.100% FILET 240 g LEDO;365185;Ledo;0.2400;kg;3.99;16.63;;;02.05.2025;3.99;3850116058146;Hrana
VINO DIKA SAUVINGON BLA.0,75 L;365189;;0.7500;L;6.72;8.96;;;02.05.2025;6.72;3859893924200;Piæa
VINO DIKA SINERGO BIJEL.0,75 L;365191;;0.7500;L;6.32;8.43;;;02.05.2025;6.32;3859893924309;Piæa
VINO DIKA SINERGO CRNI 0,75 L;365192;;0.7500;L;6.32;8.43;;;02.05.2025;6.32;3859893924323;Piæa
RIB. ©TAP.100% PANI.300 g LEDO;365193;Ledo;0.3000;kg;3.99;13.30;;;02.05.2025;3.99;3850116066516;Hrana
BOM.DESPAR JELLY BEANS 150 g;365197;Despar;0.1500;kg;1.99;13.27;;;02.05.2025;1.99;8001300741503;Hrana
BOM.DESPAR FILLED FRUIT 200 g;365200;Despar;0.2000;kg;1.79;8.95;;;02.05.2025;1.79;8001300741527;Hrana
PAN. FISH NUGGETS LEDO 245 g;365201;Ledo;0.2450;kg;3.49;14.24;;;02.05.2025;3.49;3850116066455;Hrana
MINI ROLL. SIR PIL. LEDO 500 g;365202;Ledo;0.5000;kg;4.79;9.58;;;02.05.2025;4.79;3850116054063;Hrana
HELJ. I BROK. MJE©. LEDO 350 g;365209;Ledo;0.3500;kg;2.89;8.26;;;02.05.2025;2.89;3850116057774;Hrana
BULG. I TIKV. MJE©. LEDO 350 g;365211;Ledo;0.3500;kg;2.89;8.26;;;02.05.2025;2.89;3850116057743;Hrana
PJENU©AC TODAY ROSE 0,75 L;365212;;0.7500;L;8.52;11.36;;;02.05.2025;8.52;3859893924002;Piæa
RAKIJA SKENDERBEU LOZA 1 L;365213;Skenderbeu;1.0000;L;18.72;18.72;;;02.05.2025;18.72;5300000085003;Piæa
LIKER APSINTHION DE LUXE 0,5 L;365214;;0.5000;L;23.39;46.78;;;02.05.2025;23.39;5907522605797;Piæa
BRANDY VECCHIA ROM.NERA 0,7 L;365216;Vecchia Romagna;0.7000;L;15.72;22.46;;;02.05.2025;15.72;8000060100247;Piæa
TORTILLE ZANUY P©EN.8/1 320 g;365221;;0.3200;kg;2.49;7.78;;;02.05.2025;2.19;8411778600026;Hrana
TORTILLE ZANUY P©EN.6/1 375 g;365222;;0.3750;kg;3.19;8.51;;;02.05.2025;2.19;8411778600293;Hrana
VINO ORMO® SLA.MU©KAT 0,75 L;365233;;0.7500;L;6.09;8.12;;;02.05.2025;5.99;3830078701984;Piæa
RAKIJA TAKOVO VILJAMOVKA 0,7 L;365236;;0.7000;L;21.02;30.03;;;02.05.2025;21.02;8601900102041;Piæa
OME.VIOLETA DOUBLE CARE 900 ml;365261;Violeta;0.9000;L;1.99;2.21;;1.99;02.05.2025;1.99;3870128017382;Sredstva za èi¹æenje
OME.VIOLETA GOLD 1,55 L;365262;Violeta;1.5500;L;2.99;1.93;;2.99;02.05.2025;3.19;3870128035294;Sredstva za èi¹æenje
OME.VIOLETA LAGOON 1,61 L;365263;Violeta;1.6100;L;2.99;1.86;;2.99;02.05.2025;3.19;3870128034563;Sredstva za èi¹æenje
OME.VIOLETA LUX 1,55 L;365264;Violeta;1.5500;L;2.99;1.93;;2.99;02.05.2025;3.19;3870128035324;Sredstva za èi¹æenje
OME.VIOLETA ORIGINAL 1,71 L;365266;Violeta;1.7100;L;2.99;1.75;;2.99;02.05.2025;3.19;3870128034594;Sredstva za èi¹æenje
OME.VIOLETA PARADISE 1,71 L;365267;Violeta;1.7100;L;2.99;1.75;;2.99;02.05.2025;3.19;3870128034655;Sredstva za èi¹æenje
OME.VIOLETA SENSITIVE 1,71L;365268;Violeta;1.7100;L;2.99;1.75;;2.99;02.05.2025;3.19;3870128034686;Sredstva za èi¹æenje
TAMPONI TOSAMA JASMIN NAT.16/1;365281;Tosama;16.0000;KOM;2.49;0.16;;;02.05.2025;2.49;3838985899992;Toaletne potrep¹tine
NAPITAK VEGGIE RI®A BIO 1 L;365283;SPAR Veggie;1.0000;L;2.29;2.29;;;02.05.2025;2.29;9100000968810;Piæa
ÈOK.LOACKER WHITE CREME 87 g;365284;Loacker;0.0870;kg;2.19;25.17;;;02.05.2025;2.19;8000380156856;Hrana
PRAL.ROCHER FL.212,5 g  ;365285;Ferrero;0.2125;kg;;4.66;0.99;1.99;02.05.2025;1.99;8000500381960;Hrana
ÈOK.LOACKER CHOCO CREME 87 g;365288;Loacker;0.0870;kg;2.19;25.17;;;02.05.2025;2.19;8000380156832;Hrana
ÈOK.LOACKER MILK CREME 87 g;365292;Loacker;0.0870;kg;2.19;25.17;;;02.05.2025;2.19;8000380156825;Hrana
ÈOK.LOACKER NAPOL. CREME 85 g;365297;Loacker;0.0850;kg;2.19;25.76;;;02.05.2025;2.19;8000380157440;Hrana
ÈOK.KINDER HAPPY MOM.161 g;365298;Ferrero;0.1610;kg;;28.26;4.55;5.69;02.05.2025;5.69;8000500389652;Hrana
ZOB.PLOÈ.MA BAK. PEK.ORAH 90 g;365329;Ma Baker;0.0900;kg;1.79;19.89;;;02.05.2025;1.79;5034444101202;Hrana
UMAK PAPRIKA DOYPA.THOMY 220 g;365330;;0.2200;kg;3.19;14.50;;;02.05.2025;3.19;8445290588098;Hrana
KRUH GUTTIAU PREMI.RU®MA.100 g;365395;SPAR Premium;0.1000;kg;3.19;31.90;;;02.05.2025;3.19;9100000974576;Hrana
FLIPS SMOKI POPCORN MIX 90 g;365409;Smoki;0.0900;kg;1.42;15.78;;;02.05.2025;1.27;8600939510667;Hrana
BOMBONI TIC TAC CITR. MIX 18 g;365416;Tic Tac;0.0180;kg;0.85;47.22;;;02.05.2025;0.85;80883586;Hrana
SOK CA.-SUN MULTIVITAMIN 0,2 L;365418;Capri Sonne;0.2000;L;0.52;2.60;;;02.05.2025;0.52;4000177407509;Piæa
SOK CAPRI-SUN NARANÈA 0,2 L;365419;Capri Sonne;0.2000;L;0.49;2.45;;;02.05.2025;0.49;4000177407400;Piæa
SOK CAPRI-SUN MYS.DRAGON 0,2 L;365420;Capri Sonne;0.2000;L;0.52;2.60;;;02.05.2025;0.52;4000177408100;Piæa
IZOTONIÈNO PIÆE HIDRA 0,33 L;365423;;0.3300;L;1.02;3.09;;;02.05.2025;1.02;3850131005934;Piæa
IZOTONIÈN.PIÆE HIDRA UP 0,33 L;365426;;0.3300;L;1.02;3.09;;;02.05.2025;1.02;3850131005910;Piæa
PIVO STAROPRAMEN BEZALKO.0,5 L;365429;Staropramen;0.5000;L;1.58;3.16;;;02.05.2025;1.48;8600105005010;Piæa
ÈAJ AHMAD ZELENI 50g;365445;Ahmad;0.0500;KG;2.49;49.80;;;02.05.2025;2.49;0054881005890;Piæa
ÈAJ AHMAD ENGLISH BREAKFAS.50g;365447;Ahmad;0.0500;KG;2.49;49.80;;;02.05.2025;2.49;0054881005906;Piæa
ÈAJ AHMAD EARL GREY 50g;365448;Ahmad;0.0500;KG;2.49;49.80;;;02.05.2025;2.49;0054881009690;Piæa
INS.KAVA NES.3u1 CREAMY LA.15g;365449;Nescafe;0.0150;KG;0.35;23.33;;;02.05.2025;0.35;8445290099754;Piæa
KAP.DG.ESPRE.INTEN.DECAF 99,2g;365452;Nescafe;0.0992;KG;5.29;53.33;;5.29;02.05.2025;6.49;8445290352194;Piæa
CAPPUCC.ARABESCA HAZELNUT 200g;365453;Arabesca;0.2000;KG;2.59;12.95;;;02.05.2025;2.59;3858886804161;Piæa
INS.KAVA NES.SENS.CREM.190+30g;365460;Nescafe;0.2200;KG;11.39;51.77;;;02.05.2025;11.39;8445290071026;Piæa
KREM.ZORINA M.LARDO HID  50 ml;365482;ZORINA MAST;0.0500;L;12.19;243.80;;;02.05.2025;12.19;3859894008114;Kozmetika
KEKSI RISO SCOTTI ®ITAR.250 g ;365493;RISO SCOTTI;0.2500;kg;2.99;11.96;;;02.05.2025;2.99;8001860186882;Hrana
MEXICO MIX BONDUELLE 300 g;365498;Bonduelle;0.2650;kg;1.99;7.51;;;02.05.2025;1.99;3083681152333;Hrana
PUDING VAN. BURB. VEGART 180 g;365537;;0.1800;kg;1.29;7.17;;;02.05.2025;1.29;5999073300368;Hrana
PUDING BEL. ÈOKO. VEGART 180 g;365538;;0.1800;kg;1.39;7.72;;;02.05.2025;1.39;5999073300344;Hrana
 PLETENICA ÖLZ   400 g;365540;;0.4000;kg;3.99;9.98;;;02.05.2025;3.99;9005300006036;Hrana
PROT.DRIN.ÈOKOL. ZOTT 250 ml ;365547;Zott;0.2500;L;1.39;5.56;;;02.05.2025;1.39;4014500520032;Hrana
PROT.DRINK VANIL. ZOTT 250 ml;365549;Zott;0.2500;L;1.39;5.56;;;02.05.2025;1.39;4014500520049;Hrana
ZOTTIS DRINK ÈOKOLADA 200 ml;365551;Zott;0.2000;L;0.79;3.95;;;02.05.2025;0.79;4014500519920;Hrana
Sir Kolan Gligora ex.stari 1/8;365569;;1.0000;kg;28.99;28.99;;;02.05.2025;28.99;;Hrana
HRANA ZA PSE SCO.PER.POV.300 g;365571;Scotty;0.3000;kg;1.29;4.30;;;02.05.2025;1.29;9100000983233;Proizvodi za kuæanstvo
VL.MAR.S BUDGET 3X80;365572;S-Budget;240.0000;kom;3.99;0.02;;;02.05.2025;3.99;3856021223204;Sredstva za èi¹æenje
ÈOK.MILKA CHOCO MOUSSE 100 g;365573;Milka;0.1000;kg;2.49;24.90;;;02.05.2025;2.49;7622210999610;Hrana
VL.MAR.S BUDGET 80/1;365574;S-Budget;80.0000;kom;1.49;0.02;;;02.05.2025;1.49;3856021223198;Sredstva za èi¹æenje
VL.MAR.S BUDGET ZA BEBE 3X80/1;365575;S-Budget;240.0000;kom;2.99;0.01;;;02.05.2025;2.99;3856021223174;Toaletne potrep¹tine
VL.MAR.S BUDGET ZA BEBE 80/1;365576;S-Budget;80.0000;kom;1.15;0.01;;;02.05.2025;1.15;3856021223167;Toaletne potrep¹tine
TOAL.PAP.S BUDGET VLA®NI 60/1;365577;S-Budget;60.0000;kom;0.79;0.01;;;02.05.2025;0.79;3856021223143;Toaletne potrep¹tine
KEKS SPAR KAKAO 176 g;365579;SPAR;0.1760;kg;1.49;8.47;;;02.05.2025;1.49;8710671201355;Hrana
GHEE MASLAC NAT.PUR BIO 300 g ;365591;SPAR Natur*pur;0.3000;kg;7.99;26.63;;;02.05.2025;7.99;9100000982748;Hrana
MARAMICE PALOMA CLASSIC.10/1;365610;Paloma;10.0000;kom;2.15;0.22;;;02.05.2025;2.15;3838952001991;Toaletne potrep¹tine
KRUH PRIMORSKI PAKIRANI 500 g;365626;;0.5000;kg;1.95;3.90;;;02.05.2025;1.95;3858889899973;Hrana
BOMBONI CEDEVITA MIX 60 g;365636;Cedevita;0.0600;kg;1.69;28.17;;;02.05.2025;1.69;3850322016442;Hrana
BOMBONI CEDEVITA NARANÈA 60 g;365641;Cedevita;0.0600;kg;1.69;28.17;;;02.05.2025;1.69;3850322016428;Hrana
BOM.CEDEVITA ©UM.VOÆE 18 g;365643;Cedevita;0.0180;kg;0.69;38.33;;;02.05.2025;0.69;38506246;Hrana
LOSION NIVEA REPAIR 400 ml;365647;Nivea;0.4000;l;6.99;17.48;;;02.05.2025;6.99;4005900669988;Kozmetika
TJESTENI.PLJUKANCI KARLA 350 g;365672;;0.3500;kg;1.89;5.40;;;02.05.2025;1.89;3858881509276;Hrana
TJESTENINA ©URLICE KARLA 350 g;365675;;0.3500;kg;1.89;5.40;;;02.05.2025;1.89;3858881509139;Hrana
TJEST.PLJUK.©PINAT KARLA 250 g;365676;;0.2500;kg;1.99;7.96;;;02.05.2025;1.99;3858881509146;Hrana
TJEST.PLJUK.ORIJEN.KARLA 250 g;365678;;0.2500;kg;1.99;7.96;;;02.05.2025;1.99;3858881509177;Hrana
KRUH FIT 420 g;365688;;0.4200;kg;1.79;4.26;;;02.05.2025;1.49;3856028400967;Hrana
VINO TIKVE© CHARDONN.LM.0,75 L;365689;Tikves;0.7500;L;10.82;14.43;;;02.05.2025;10.82;5310008005095;Piæa
VINO TIKVE© VRANEC LM.0,75 L;365692;Tikves;0.7500;L;10.82;14.43;;;02.05.2025;10.82;5310008005033;Piæa
NAMAZ MARGO NOVA 225 g;365704;Zvijezda;0.2250;kg;1.19;5.29;;;02.05.2025;1.19;3856015327284;Hrana
NAMAZ MARGO  NOVA 400 g ;365708;Zvijezda;0.4000;kg;1.99;4.98;;;02.05.2025;1.99;3856015327253;Hrana
TABL.JAR PLATINUM LEMON 90/1;365718;Jar;90.0000;kom;;0.23;20.99;29.99;02.05.2025;29.99;8006540750469;Sredstva za èi¹æenje
TABL.JAR PLATINUM PLUS 75/1;365719;Jar;75.0000;kom;;0.28;20.99;29.99;02.05.2025;29.99;8006540751626;Sredstva za èi¹æenje
DET.PERSIL FRESHNESS 6 kg ;365721;Persil;6.0000;kg;29.99;5.00;;;02.05.2025;29.99;9000101575118;Sredstva za èi¹æenje
OME.LENOR SUMMER BREEZE 850 ml;365729;Lenor;0.8500;l;2.49;2.93;;2.49;02.05.2025;2.49;8006540890011;Sredstva za èi¹æenje
OME.LENOR ORCHID 700 ml;365730;Lenor;0.7000;l;2.49;3.56;;2.49;02.05.2025;2.49;8006540901823;Sredstva za èi¹æenje
INS.KAVA NESCAFE GOLD CR.190 g;365731;Nescafe;0.1900;KG;13.49;71.00;;;02.05.2025;13.49;8445290503565;Piæa
OME.LENOR FLORA.BOUQUET 700 ml;365732;Lenor;0.7000;l;2.49;3.56;;2.49;02.05.2025;2.49;8006540889787;Sredstva za èi¹æenje
OME.LENOR EUCALYPTUS 925 ml;365734;Lenor;0.9250;l;3.49;3.77;;3.49;02.05.2025;3.49;8006540890455;Sredstva za èi¹æenje
OMEK.LENOR COTTON FRESH 925 ml;365743;Lenor;0.9250;l;3.49;3.77;;3.49;02.05.2025;3.49;8006540890271;Sredstva za èi¹æenje
GIN TONIC G&J 0,25 L;365744;;0.2500;L;2.02;8.08;;;02.05.2025;2.02;3870025004188;Piæa
KAVA AMERICANO NESCAFE 250 ml;365747;Nescafe;0.2500;L;1.99;7.96;;;02.05.2025;1.99;8445290619167;Piæa
OME.LENOR SENSITIVE 1,23 L;365749;Lenor;1.2300;l;3.49;2.84;;3.49;02.05.2025;3.49;8006540889923;Sredstva za èi¹æenje
OME.LENOR FLORA.BOUQUET 925 ml;365752;Lenor;0.9250;l;3.49;3.77;;3.49;02.05.2025;3.49;8006540889749;Sredstva za èi¹æenje
KAVA LATTE CARAMEL NESC.250 ml;365753;Nescafe;0.2500;L;1.99;7.96;;;02.05.2025;1.99;8445290619051;Piæa
OME.LENOR OCEAN 925 ml;365756;Lenor;0.9250;l;3.49;3.77;;3.49;02.05.2025;3.49;8006540909348;Sredstva za èi¹æenje
OMEK.LENOR DIAMOND 925 ml;365757;Lenor;0.9250;l;3.49;3.77;;3.49;02.05.2025;3.49;8006540909379;Sredstva za èi¹æenje
OME.LENOR SPR.AWAKENING 1,23 L;365760;Lenor;1.2300;l;3.49;2.84;;3.49;02.05.2025;3.49;8006540889954;Sredstva za èi¹æenje
KAVA CAPPUCCINO NESCAFE 250 ml;365762;Nescafe;0.2500;L;1.99;7.96;;;02.05.2025;1.99;8445290618498;Piæa
OME.LENOR P.BLOOSNOM 462 ml;365763;Lenor;0.4620;l;3.49;7.55;;3.49;02.05.2025;3.49;8006540863145;Sredstva za èi¹æenje
OME.LENOR FRESH WIND 462 ml;365766;Lenor;0.4620;l;3.49;7.55;;3.49;02.05.2025;3.49;8006540863183;Sredstva za èi¹æenje
PIVO VARIONICA PALE ALE 0,5 L;365767;;0.5000;L;2.52;5.04;;;02.05.2025;2.42;3859893139499;Piæa
KAVA LATTE NESCAFE 250 ml;365768;Nescafe;0.2500;L;1.99;7.96;;;02.05.2025;1.99;8445290619198;Piæa
ÈAJNA KOBASICA VERO 100 g;365769;Vero;0.1000;kg;1.82;18.20;;;02.05.2025;1.82;3858892090237;Hrana
OME.LENOR TROPIC.SUNSET 462 ml;365770;Lenor;0.4620;l;3.49;7.55;;3.49;02.05.2025;3.49;8001090907127;Sredstva za èi¹æenje
PIVO VARIONICA SIES.SESS.0,5 L;365771;;0.5000;L;2.52;5.04;;;02.05.2025;2.42;3859893139505;Piæa
VINO PLATINUM PLAVAC MA.0,75 L;365772;Platinum;0.7500;L;8.72;11.63;;;02.05.2025;8.72;3859893101298;Piæa
KULEN TRADICIONALNI VERO 100 g;365773;Vero;0.1000;kg;2.29;22.90;;;02.05.2025;2.29;3858892094266;Hrana
PIVO VARIONICA NEON STOU.0,5 L;365775;;0.5000;L;2.52;5.04;;;02.05.2025;2.42;3859893139529;Piæa
KULENOVA SEKA VERO 100 g;365776;Vero;0.1000;kg;1.99;19.90;;;02.05.2025;1.99;3858892092996;Hrana
PIVO VARIONICA DE.DI.IPA 0,5 L;365778;;0.5000;L;2.72;5.44;;;02.05.2025;2.62;3859893139512;Piæa
Kulen tradici. trolist Vero;365779;Vero;1.0000;kg;18.99;18.99;;18.99;02.05.2025;22.99;3858892094099;Hrana
SOK HAPPY DAY NARANÈA 0,33 L;365783;Happy Day;0.3300;L;1.39;4.21;;;02.05.2025;1.39;9008700231657;Piæa
SOK HAPPY DAY JABUKA 0,33 L;365785;Happy Day;0.3300;L;1.39;4.21;;;02.05.2025;1.39;9008700215053;Piæa
SOMERSBY PASSION FRUIT 0,33 L;365786;Somersby;0.3300;L;1.68;5.09;;;02.05.2025;1.58;3858887584260;Piæa
SOMERSBY PASSION FRUI.NA.0,5 L;365787;Somersby;0.5000;L;1.78;3.56;;;02.05.2025;1.78;3858887584574;Piæa
TONIK FEVER TREE GING.BE.0,5 L;365791;;0.5000;L;4.09;8.18;;;02.05.2025;4.09;5060108450447;Piæa
VODA FRUCTAL FIRST BR.RU.0,5 L;365793;Fructal;0.5000;L;2.02;4.04;;;02.05.2025;2.02;3838945041102;Piæa
DET.WEISSER RIESE SENSI.2,25 L;365815;Weisser Riese;2.2500;l;;4.00;8.99;10.99;02.05.2025;10.99;9000101560367;Sredstva za èi¹æenje
DET.WEISSER RIESE UNIVE.2,25 L;365816;Weisser Riese;2.2500;l;12.99;5.77;;;02.05.2025;12.99;9000101564365;Sredstva za èi¹æenje
DET.WEISSER RIESE L.MAC.2,25 L;365817;Weisser Riese;2.2500;l;12.99;5.77;;;02.05.2025;12.99;9000101563573;Sredstva za èi¹æenje
VODA FRUCTAL FIRST RI.ME.0,5 L;365818;Fructal;0.5000;L;2.02;4.04;;;02.05.2025;2.02;3838945041119;Piæa
KULEN VERO 100 g;365820;Vero;0.1000;kg;1.99;19.90;;;02.05.2025;1.99;3858892090299;Hrana
TJEST.SPAR MAKKARONI 500 g;365832;SPAR;0.5000;kg;2.29;4.58;;;02.05.2025;2.29;9100000981888;Hrana
FONDANT SPAR ZLATNI 250 g ;365840;SPAR;0.2500;kg;2.49;9.96;;;02.05.2025;2.49;9100000978543;Hrana
ORADA OÈI©ÆENA 400/600;365841;;1.0000;kg;13.49;13.49;;;02.05.2025;12.99;3858891992204;Hrana
ORADA OÈI©ÆENA 300/400;365842;;1.0000;kg;12.89;12.89;;;02.05.2025;12.39;3858891992198;Hrana
TJ.MARODI FRKANI REZANCI 400 g;365848;;0.4000;kg;2.91;7.28;;;02.05.2025;2.91;3859893944291;Hrana
TJESTENINA MARODI TARANA 400 g;365850;;0.4000;kg;;2.98;1.19;2.25;02.05.2025;2.25;3859893944260;Hrana
PILEÆA KRILA  BUFFALO  500 g;365855;Amadori;0.5000;kg;4.99;9.98;;;02.05.2025;3.99;8006473901341;Hrana
BLAZI. VERDE VERA ZA SKID.4/1;365877;Verde Vera;4.0000;KOM;3.99;1.00;;;02.05.2025;3.99;8056149088425;Kozmetika
RUKAV.VERDE VERA ZA PILING  ;365878;Verde Vera;1.0000;kom;6.63;6.63;;;02.05.2025;6.63;8056149088449;Kozmetika
DET.PERSIL REGULAR 1,98 L;365887;Persil;1.9800;l;9.99;5.05;;9.99;02.05.2025;9.99;9000101574241;Sredstva za èi¹æenje
HRANA ZA PSE KING PERAD 1240 g;365914;King;1.2400;kg;1.89;1.52;;;02.05.2025;1.89;5999563942085;Proizvodi za kuæanstvo
HRANA ZA PSE KING GOVED.1240 g;365915;King;1.2400;kg;1.89;1.52;;;02.05.2025;1.89;5999563942078;Proizvodi za kuæanstvo
HRANA ZA MAÈKE KING PER.415 g;365916;King;0.4150;kg;0.99;2.39;;;02.05.2025;0.99;5999563942351;Proizvodi za kuæanstvo
HRANA ZA MAÈKE KING GOVE.415 g;365917;King;0.4150;kg;0.99;2.39;;;02.05.2025;0.99;5999563942092;Proizvodi za kuæanstvo
MELEM ZA USNE I OBRAZ   4,5 g ;365948;Melem;1.0000;kom;3.99;3.99;;;02.05.2025;3.99;3856007910760;Kozmetika
INST.KAVA NESC.GOLD CREMA 95 g;365957;Nescafe;0.0950;KG;6.99;73.58;;;02.05.2025;7.49;8445290502353;Piæa
INSTANT KAVA NESCAFE GOLD 95 g;365958;;0.0950;KG;6.99;73.58;;;02.05.2025;7.49;8445290492722;Piæa
VINO GRA©EVINA LINIJA 0,75 L;366001;;0.7500;L;3.69;4.92;;;02.05.2025;3.69;3859889132244;Piæa
LIKER AVELLANA LJE©NJAK 0,2 L;366007;;0.2000;L;6.52;32.60;;;02.05.2025;6.52;3859889132466;Piæa
LIKER BOGATI VI©NJEVAC 0,2 L;366011;;0.2000;L;6.52;32.60;;;02.05.2025;6.52;3859889132077;Piæa
PJENA GILLETTE SOOTHING 200 ml;366030;Gillette;0.2000;l;2.49;12.45;;2.39;02.05.2025;2.39;8001090870926;Kozmetika
PJENA GILLETTE COOLING 200 ml;366031;Gillette;0.2000;l;2.49;12.45;;2.39;02.05.2025;2.39;8001090872098;Kozmetika
CAP.NESCAFE TOFFEE NUT 148,8 g;366037;Nescafe;0.1488;KG;4.19;28.16;;;02.05.2025;4.19;8445290161161;Piæa
SLAD.QUATT. NOSTALGIJA 1650 ml;366044;Ledo;1.6500;L;7.49;4.54;;;02.05.2025;7.49;3850116058719;Hrana
SLAD.HARMONY KING LEDO 90 ml;366045;Ledo;0.9000;L;2.79;3.10;;;02.05.2025;2.79;3850116056951;Hrana
©AMPON OLIVAL PISKAVICA 250 ml;366048;Olival;0.2500;L;6.09;24.36;;;02.05.2025;6.09;3858892694565;Kozmetika
SLAD.KING HARMONY LEDO 3x90 ml;366049;Ledo;0.2700;L;6.99;25.89;;;02.05.2025;6.99;3850116056982;Hrana
SLADOLED BANANKO ©TAPIÆ 85 ml;366053;Ledo;0.8500;L;1.49;1.75;;;02.05.2025;1.49;3850116057101;Hrana
SLAD. MACHO ÈOK. NARANÈA 75 ml;366054;Ledo;0.7500;L;1.99;2.65;;;02.05.2025;1.99;3850116056715;Hrana
SLADOLED MACHO SENDVIÈ 129 ml;366056;Ledo;0.1290;L;1.99;15.43;;;02.05.2025;1.99;3850116056685;Hrana
SLAD.KORNET MALINA COTT.120 ml;366059;Ledo;0.1200;L;1.79;14.92;;;02.05.2025;1.79;3850116057019;Hrana
SLAD.KORNET PLAZMA CRE. 120 ml;366063;Ledo;0.1200;L;1.99;16.58;;;02.05.2025;1.99;3850116056777;Hrana
SLADOLED NJOFRA 6x65 ml;366068;Ledo;0.3900;L;5.99;15.36;;;02.05.2025;5.99;3850116056869;Hrana
SLAD.MONTE COOKI.©TAPIÆ 100 ml;366087;Zott;0.1000;L;2.29;22.90;;;02.05.2025;2.29;4014500519906;Hrana
SLAD.MONTE ©TAPIÆ 4x85 ml;366093;Zott;0.3400;L;5.49;16.15;;;02.05.2025;4.99;4014500519814;Hrana
SLAD.MONTE KORNET 4x120 ml;366095;Zott;0.4800;L;7.49;15.60;;;02.05.2025;6.59;4014500519821;Hrana
SLAD.OREO KORNET BALL 100 ml;366099;Oreo;0.1000;L;1.99;19.90;;;02.05.2025;1.99;8606018616138;Hrana
SLADOLED MILKA KORNET 100 ml;366100;Milka;0.1000;L;2.39;23.90;;;02.05.2025;2.39;8606018616220;Hrana
SLADOLED OREO ©TAPIÆ 90 ml;366109;Oreo;0.0900;L;2.35;26.11;;;02.05.2025;2.35;8436575298733;Hrana
PJEN.JP.CHENET FASHI.PE.0,75 L;366110;JP Chenet;0.7500;L;6.29;8.39;;;02.05.2025;6.29;3500610057144;Piæa
PJ.JP CHENET FASHION PEC.0,2 L;366116;JP Chenet;0.2000;L;3.19;15.95;;;02.05.2025;3.19;3500610052774;Piæa
PJ.JP CHENET FASHION CA.0,75 L;366117;JP Chenet;0.7500;L;6.29;8.39;;;02.05.2025;6.29;3500610057137;Piæa
PJ.JP CHENET FASHION CAS.0,2 L;366118;JP Chenet;0.2000;L;3.19;15.95;;;02.05.2025;3.19;3500610052767;Piæa
PJ.JP CHENET FASHION STR.0,2 L;366119;JP Chenet;0.2000;L;3.19;15.95;;;02.05.2025;3.19;3500610127397;Piæa
PJ.JP CHENET ICE ROSE 0,2 L;366120;JP Chenet;0.2000;L;3.02;15.10;;;02.05.2025;3.02;3500610096655;Piæa
PJENU©AC JP CHENET ICE 0,2 L;366121;JP Chenet;0.2000;L;3.02;15.10;;;02.05.2025;3.02;3500610096662;Piæa
NEKTAR GRANINI PINK GREJP 1 L;366122;Granini;1.0000;L;2.49;2.49;;;02.05.2025;2.68;3503780001009;Piæa
NEKTAR GRANINI BANANA 1 L;366123;Granini;1.0000;L;2.49;2.49;;;02.05.2025;2.68;3503780002174;Piæa
NEKTAR FRUCTAL AR.JAB.GRO®.1 L;366125;Fructal;1.0000;L;2.29;2.29;;;02.05.2025;2.29;3838945041317;Piæa
GAZIRANO PIÆE MIRINDA 1,5 L;366127;Mirinda;1.5000;L;1.49;0.99;;1.39;02.05.2025;1.79;3830000629485;Piæa
GAZIRANO PIÆE PEPSI MAX 1,5 L;366128;Pepsi;1.5000;L;1.49;0.99;;1.39;02.05.2025;1.79;3830065020340;Piæa
GAZ.PIÆE PEPSI MAX LIMET.1,5 L;366129;Pepsi;1.5000;L;1.49;0.99;;1.39;02.05.2025;1.79;3830065021118;Piæa
PIVO KAJ-EL APA 0,5 L;366133;;0.5000;L;2.22;4.44;;;02.05.2025;2.22;3859893292897;Piæa
PIVO TO JE VUK S-IPA 0,5 L;366134;;0.5000;L;2.22;4.44;;;02.05.2025;2.22;3859894040206;Piæa
PIVO XO IPA 0,5 L;366136;;0.5000;L;2.52;5.04;;;02.05.2025;2.52;3859894040091;Piæa
ÈIPS CRUNCHIPS PEÈ.REBR.120 g;366145;Crunchips;0.1200;kg;;15.75;1.89;2.25;02.05.2025;2.25;4018077005510;Hrana
VAFEL FRONDI NOUG.KRA© 250 g;366147;Kra¹;0.2500;kg;2.59;10.36;;;02.05.2025;1.99;3850102002221;Hrana
VAFEL FRONDI KAKAO KRA© 250 g;366148;Kra¹;0.2500;kg;2.59;10.36;;;02.05.2025;1.99;3850102002245;Hrana
ODRESCI O´PLANT SOJA 400 g;366177;O´PLANT;0.4000;kg;2.69;6.73;;;02.05.2025;2.69;3856020261962;Hrana
ZAÈIN MIX ZA GIN AGRISTAR 78 g;366212;;0.0780;KG;13.39;171.67;;;02.05.2025;13.39;3858886502784;Piæa
DOD.JELIMA MAGGI MILANESE 45 g;366225;Maggi;0.0450;kg;1.69;37.56;;;02.05.2025;1.69;7613287338747;Hrana
NAP.PROTEIN NOUGA.Z BREG.0,5 L;366226;Z Bregov;0.5000;L;2.49;4.98;;;02.05.2025;2.49;3850108023633;Hrana
ÈOKOLINO DARK PODRAVKA 350 g;366237;Èokolino;0.3500;kg;5.59;15.97;;;02.05.2025;5.59;3856020262815;Hrana
KOMPOT S-BUDGET BRESKVA 820 g;366239;S-Budget;0.4700;kg;2.99;6.36;;;02.05.2025;2.99;9100000986807;Hrana
DET.FAKS COLOR 1,8 L;366241;Faks;1.8000;l;13.49;7.49;;;02.05.2025;13.49;3850105177933;Sredstva za èi¹æenje
DET.FAKS WHITE&COLOR 1,8 L;366242;Faks;1.8000;l;13.49;7.49;;;02.05.2025;13.49;3850105177964;Sredstva za èi¹æenje
SPAR VEGGIE VEGA. MUFFIN 360 g;366268;SPAR Veggie;0.3600;kg;3.29;9.14;;;02.05.2025;3.32;9100000983752;Hrana
JU.KREM BEGOVA ÈORBA PODR.60 g;366269;Podravka;0.0600;kg;1.39;23.17;;;02.05.2025;1.39;3850104036637;Hrana
ZAÈ.VEG.GRILL PIKAN.PILET.30 g;366270;Podravka;0.0300;kg;1.19;39.67;;;02.05.2025;1.19;3850104277221;Hrana
ZAÈIN VEGETA GRILL POVRÆE 30 g;366271;Podravka;0.0300;kg;1.19;39.67;;;02.05.2025;1.19;3856020247461;Hrana
VAFEL FRONDI LIMUN KRA© 250 g;366301;Kra¹;0.2500;kg;2.59;10.36;;;02.05.2025;1.99;3850102002283;Hrana
SIR KOZJI GRÈ. BIO NP 150 g;366302;SPAR Natur*pur;0.1500;kg;2.99;19.93;;;02.05.2025;2.99;9100000039381;Hrana
VAFEL FRON.VANILIJA KRA© 250 g;366310;Kra¹;0.2500;kg;2.59;10.36;;;02.05.2025;1.99;3850102002269;Hrana
TAB.FINISH QUANTUM 100/1;366321;Finish;100.0000;kom;21.99;0.22;;;02.05.2025;21.99;5999109581501;Sredstva za èi¹æenje
VAFEL LASTA LJE©NJAK 200 g;366322;Lasta;0.2000;kg;1.99;9.95;;;02.05.2025;2.39;3870128030060;Hrana
VAFEL LASTA BIJELA ÈOKO.200 g;366328;Lasta;0.2000;kg;1.99;9.95;;;02.05.2025;2.39;3870128032071;Hrana
KETCHUP PODRAVKA PIZZA 500 g;366330;Podravka;0.5000;kg;1.99;3.98;;;02.05.2025;1.99;3850104268939;Hrana
BAGUETTE RUSTIKAL MEGGLE 160 g;366331;;0.1600;kg;1.59;9.94;;;02.05.2025;1.59;4034900032331;Hrana
©TRUDLE LASTA ÈOKO 250 g;366335;Lasta;0.2500;kg;2.39;9.56;;;02.05.2025;2.39;3870128029965;Hrana
©TRUDLE LASTA SMOKVA 250 g;366337;Lasta;0.2500;kg;2.39;9.56;;;02.05.2025;2.39;3870128029941;Hrana
INSTA.KAVA BARCAFFE GOLD 200 g;366353;Barcaffe;0.2000;KG;;43.95;8.79;10.99;02.05.2025;10.99;3838471049665;Piæa
INST.KAVA BARCAFFE CREMA 180 g;366356;Barcaffe;0.1800;KG;;37.72;6.79;8.49;02.05.2025;8.49;3838471049689;Piæa
ÈOK.JIMMY CRUNCHY COOKIE 280 g;366357;Jimmy Fantastic;0.2800;kg;4.29;15.32;;;02.05.2025;4.29;8600939346556;Hrana
VEGANGURT PlantOn KOK.NA.150 g;366358;;0.1500;kg;1.59;10.60;;;02.05.2025;1.59;5901104006262;Hrana
INS.KAVA NESCAFE CREMA 3X190 g;366359;Nestle;0.5700;KG;21.99;38.58;;;02.05.2025;21.99;8445290820761;Piæa
INS.KAVA NESCAFE GOLD 3X190 g;366360;Nescafe;0.5700;KG;25.99;45.60;;;02.05.2025;25.99;8445290820693;Piæa
ÈOK.JIMMY MILK 300 g;366361;Jimmy Fantastic;0.3000;kg;4.29;14.30;;;02.05.2025;4.29;8600939346532;Hrana
PIVO KARLOVAÈKO LED.LIM. 0,5 L;366365;Karlovacko;0.5000;L;1.32;2.64;;;02.05.2025;1.32;3850103902520;Piæa
PIVO HEINEKEN SILVER 0,5 L;366367;Heineken;0.5000;L;1.52;3.04;;;02.05.2025;1.52;3850103902452;Piæa
PIVO HEINEKEN SILVER 4X0,33 L;366368;Heineken;1.3200;L;4.11;3.11;;;02.05.2025;4.11;3850103902483;Piæa
BIO SOK NARANÈA MANGO 1 L;366369;Natur pur;1.0000;L;3.29;3.29;;;02.05.2025;3.29;9100000982977;Piæa
BIO SOK MULTIVITAMIN 1 L;366370;Natur pur;1.0000;L;3.59;3.59;;;02.05.2025;3.59;9100000982991;Piæa
ÈOK.JIMMY HAZEL.ALMOND 300 g;366371;Jimmy Fantastic;0.3000;kg;4.29;14.30;;;02.05.2025;4.29;8600939346549;Hrana
ZAÈIN MJE©.POVRÆE KOTANYI 35 g;366375;Kotanyi;0.0350;kg;1.39;39.71;;;02.05.2025;1.39;9001414237175;Hrana
ZAÈ.MJ.ÆEVAPÈIÆI KOTANYI 25 g;366377;Kotanyi;0.0250;kg;1.39;55.60;;;02.05.2025;1.39;9001414237182;Hrana
ZAÈ.MJE©.KRUMPIR KOTANYI 30 g;366380;Kotanyi;0.0300;kg;1.39;46.33;;;02.05.2025;1.39;9001414237205;Hrana
ZAÈ.MJE©.VARIVO KOTANYI 26 g;366382;Kotanyi;0.0260;kg;1.39;53.46;;;02.05.2025;1.39;9001414037300;Hrana
ZAÈ.MJE©.PILETINA KOTANYI 40 g;366383;Kotanyi;0.0400;kg;1.39;34.75;;;02.05.2025;1.39;9001414237212;Hrana
ZAÈ.MJ.SVINJETINA KOTANYI 30 g;366384;Kotanyi;0.0300;kg;1.39;46.33;;;02.05.2025;1.39;9001414237236;Hrana
ZAÈIN MJE©.KOTLET KOTANYI 35 g;366385;Kotanyi;0.0350;kg;1.39;39.71;;;02.05.2025;1.39;9001414237243;Hrana
PLJUKANCI SVJE®I AURELIA 250 g;366387;;0.2500;kg;2.09;8.36;;;02.05.2025;2.09;3859893533341;Hrana
ZAÈIN MJE©.GRILL KOTANYI 40 g;366389;Kotanyi;0.0400;kg;1.39;34.75;;;02.05.2025;1.39;9001414237229;Hrana
MRAM-VI©NJA KOLAÈ SPAR 115 g;366391;SPAR Qualitätsmarke;0.1150;kg;1.79;15.57;;;02.05.2025;1.79;3858890211948;Hrana
JAGODA KOLAÈ SPAR 152 g;366397;SPAR Qualitätsmarke;0.1520;kg;2.49;16.38;;;02.05.2025;2.49;3858890211962;Hrana
KOLAÈ MALINA SVJE®I SIR 155 g;366398;SPAR Qualitätsmarke;0.1550;kg;2.49;16.06;;;02.05.2025;2.49;3858890211979;Hrana
INS.KAVA BARCAFFE CLAS. 200 g;366402;Barcaffe;0.2000;kg;;30.35;6.07;7.59;02.05.2025;7.59;3838471049474;Piæa
PROT.MLI.NAP.BJ.ÈOKO.MAL.0,5 L;366410;;0.5000;L;;3.98;1.99;2.42;02.05.2025;2.52;3850108023732;Hrana
ÈAJ NATURAVITA DETOX 30 g;366413;Atlantic Trade;0.0300;kg;2.19;73.00;;;02.05.2025;2.19;3858884092119;Piæa
ÈAJ NATURAVI.STRESS FREE 30 g;366417;Atlantic Trade;0.0300;kg;2.64;88.00;;;02.05.2025;2.64;3858884092249;Piæa
Zubatac 400-1000 g;366420;;1.0000;kg;26.99;26.99;;;02.05.2025;26.99;3858893580171;Hrana
PIÆE LOTTE ALOE VERA JA.0,24 L;366425;;0.2400;L;1.02;4.25;;;02.05.2025;1.02;8801056094034;Piæa
PIÆE LOTTE AL.VE.BEZ ©EÆ.0,5 L;366426;;0.5000;L;1.78;3.56;;;02.05.2025;1.78;8801056094409;Piæa
PIÆE LOTTE AL.VE.NATURA.0,24 L;366427;;0.2400;L;1.02;4.25;;;02.05.2025;1.02;8801056231774;Piæa
PIÆE LOTTE AL.VE.GRO®ÐE.0,24 L;366428;;0.2400;L;1.02;4.25;;;02.05.2025;1.02;8801056038281;Piæa
NJOKI RANA 400 g;366435;Rana;0.4000;kg;2.19;5.48;;;02.05.2025;2.19;8001665724036;Hrana
PUDING PROTEIN KARAMELA 180 g;366438;Vindija;0.1800;kg;1.29;7.17;;;02.05.2025;1.35;3850108040890;Hrana
DESERT DAR ÈOKOLADA 4X125 g;366441;Vindija;0.5000;kg;2.49;4.98;;;02.05.2025;2.49;3850108028102;Hrana
DESERT DAR VANILIJA 4X125 g;366444;Vindija;0.5000;kg;2.49;4.98;;;02.05.2025;2.49;3850108028119;Hrana
DAR V.GURT BOR.CRNI RIB.330 g ;366449;Vindija;0.3300;kg;1.59;4.82;;;02.05.2025;1.59;3850108028218;Hrana
DAR V.GURT MANGO 330 g;366450;Vindija;0.3300;kg;1.59;4.82;;;02.05.2025;1.59;3850108028201;Hrana
PERECI ÈOK.MILK MCVITIES 90 g;366451;Mc Vitie's;0.0900;kg;2.49;27.67;;;02.05.2025;2.49;5000396053456;Hrana
PERECI COOKIES MCVITIES 90 g;366453;Mc Vitie's;0.0900;kg;2.49;27.67;;;02.05.2025;2.49;5000168025902;Hrana
NAPITAK DAR ZOB BARISTA 1 L;366466;DAR;1.0000;l;2.99;2.99;;;02.05.2025;2.99;3850108028041;Piæa
NAPITAK BOOM BOX VANILIJA 1 L ;366472;Boom Box;1.0000;l;3.29;3.29;;;02.05.2025;3.29;3856027800225;Piæa
NAPIT.BOOM BOX ZOB.VANI.500 ml;366475;Boom Box;0.5000;l;1.99;3.98;;;02.05.2025;1.99;3856027800249;Piæa
LOSION NIVEA SUN ZF30 400ml;366528;Nivea;0.4000;L;19.99;49.98;;;02.05.2025;19.99;9005800264110;Kozmetika
®ITNA KA©ICA RI®OL.KOMOR.150 g;366534;Lino;0.1500;kg;2.59;17.27;;;02.05.2025;2.59;3856020262761;Hrana
HRANA ZA PSE ONE MINI 800 g;366549;One;0.8000;kg;5.59;6.99;;;02.05.2025;5.59;7613287640079;Proizvodi za kuæanstvo
HRANA ZA PSE ONE PUR.RI®.800 g;366551;One;0.8000;kg;5.59;6.99;;;02.05.2025;5.59;7613034146762;Proizvodi za kuæanstvo
POSL.ZA PSE VITA NATURA.2X11 g;366552;Vitakraft;0.0220;kg;1.19;54.09;;;02.05.2025;1.19;4008239589217;Proizvodi za kuæanstvo
BOCA PUTNA ZA PSE 500 ml;366553;Vitakraft;0.5000;kom;4.99;9.98;;;02.05.2025;4.99;8007229365875;Proizvodi za kuæanstvo
Nilski ostri¾ filet;366554;;1.0000;kg;;13.49;13.49;13.99;02.05.2025;13.99;93856024300233;Hrana
HRANA ZA MAÈ.POESIE PET.6X50 g;366555;Vitakraft;0.3000;kg;3.99;13.30;;;02.05.2025;3.99;4008239594112;Proizvodi za kuæanstvo
KRANJSKA KOBASICA 300 g GAVR.;366556;Gavrilovic;0.3000;kg;4.09;13.63;;;02.05.2025;4.09;3858892724910;Hrana
PAPRIKA DOORA REZANA 540 g;366563;Doora;0.2800;kg;2.79;9.96;;;02.05.2025;2.79;3858894541706;Hrana
TUNA FJK MASL.ULJE 2X60 g;366568;Franz Jozef Kaiser;0.1040;kg;2.79;26.83;;;02.05.2025;2.79;8595241528670;Hrana
SLAD.GRUVI KIKIRIKI 4x75 ml;366569;;0.3000;L;5.99;19.97;;;02.05.2025;5.99;8005840020784;Hrana
NAMAZ RIO MARE PATE TUNA 100 g;366573;Rio Mare;0.1000;kg;3.69;36.90;;;02.05.2025;3.69;8004030538061;Hrana
SARDINA EVA MASLIN.ULJE 100 g;366585;Eva;0.0700;kg;1.99;28.43;;;02.05.2025;1.99;3856020262556;Hrana
SARDINA EVA RAJÈICA 100 g ;366591;Eva;0.0700;kg;1.69;24.14;;;02.05.2025;1.69;3856020262648;Hrana
VINO MU©KAT ®UT.PAVLOMIR 0,5 L;366675;;0.5000;l;12.89;25.78;;;02.05.2025;12.89;3859891923410;Piæa
VINO CABER.SAUVIGN.VRH. 0,75 L;366677;;0.7500;l;13.59;18.12;;;02.05.2025;13.59;3859891923830;Piæa
PIVO SAPERLOT WITCH HAT 0,33 L;366687;;0.3300;L;1.92;5.82;;;02.05.2025;1.92;3857500106841;Piæa
Sir Gouda Mühlenhof cca.3 kg;366688;Eigenbedarf;1.0000;kg;6.49;6.49;;;02.05.2025;6.29;4000436412145;Hrana
PIVO SAPERLOT JUICY FOG 0,33 L;366690;;0.3300;L;2.02;6.12;;;02.05.2025;2.02;3857500106834;Piæa
PEKMEZ BIOBAZA SUN TEKU. 250ml;366719;Biobaza;0.2500;L;13.99;55.96;;;02.05.2025;13.99;3856020909772;Kozmetika
PEKMEZ BIOBAZA POS.SUNÈ 250 ml;366720;Biobaza;0.2500;L;9.99;39.96;;;02.05.2025;9.99;3856020911874;Kozmetika
SPREJ  BIOBAZA UBR.TAMN. 250ml;366721;Biobaza;0.2500;L;7.39;29.56;;;02.05.2025;7.39;3856020909796;Kozmetika
SUN  BIOBAZA AMO TAMNJE.150 ml;366723;Biobaza;0.1500;L;9.99;66.60;;;02.05.2025;9.99;3856020911911;Kozmetika
KRE.ZORINA MAST LICE SUN 50 ml;366735;ZORINA MAST;0.0500;L;17.99;359.80;;;02.05.2025;17.99;3859894008985;Kozmetika
LOS.ZORINA MAST SUN ZF50 200ml;366737;ZORINA MAST;0.2000;l;17.99;89.95;;;02.05.2025;17.99;3859894008961;Kozmetika
LOS.ZORINA MAST SUN ZF50 200ml;366738;ZORINA MAST;0.2000;l;17.99;89.95;;;02.05.2025;17.99;3859894008190;Kozmetika
LOS.ZORINA MAST SUN ZF30 200ml;366739;ZORINA MAST;0.2000;l;15.99;79.95;;;02.05.2025;15.99;3859894008978;Kozmetika
BOM.CEDEVITA NARANÈA 18 g;366745;Cedevita;0.0180;kg;0.69;38.33;;;02.05.2025;0.69;38506222;Hrana
BOM.CEDEVITA LIMUN 18 g;366749;Cedevita;0.0180;kg;0.69;38.33;;;02.05.2025;0.69;38506239;Hrana
ÈIPS RED PAPRIKA CHIO 200 g;366754;Chio;0.2000;kg;2.99;14.95;;;02.05.2025;2.99;3856021305726;Hrana
KEKS DOMAÆICA VI©E ®ITAR.275 g;366758;Domaèica;0.2750;kg;3.19;11.60;;;02.05.2025;2.49;3850102006830;Hrana
SIR MINI BABYBEL 60 g (3x20 g);366759;Babybel;0.0600;kg;1.89;31.50;;;02.05.2025;1.89;3073781179712;Hrana
JUNEÆI ÆEVAPÈIÆI 480 g;366762;;0.4800;kg;6.39;13.31;;;02.05.2025;6.39;3850139522471;Hrana
KAVA STAR.SCINNY LATTE 220 ml;366764;Starbucks;0.2200;ml;2.59;11.77;;;02.05.2025;2.59;5711953100345;Piæa
BILJNI PRIPRAVAK HOLE  500 ml;366776;Hole;0.5000;L;2.09;4.18;;;02.05.2025;2.09;8007990002344;Hrana
KOBASICA GRILL PIKANT 500 g;366779;Vero;0.5000;kg;3.99;7.98;;;02.05.2025;3.99;3858892093160;Hrana
KOBASICA PIVSKA 500 g VERO;366780;Vero;0.5000;kg;3.99;7.98;;;02.05.2025;3.99;3858892093139;Hrana
SIR BIJELI KOCK.APETINA 410 g;366781;;0.2000;kg;3.99;19.95;;;02.05.2025;3.99;5711953182648;Hrana
SLA.B&J SU.BANOFFEE PIE 427 ml;366796;Ben & Jerry's;0.4270;L;7.99;18.71;;;02.05.2025;7.99;8711327539396;Hrana
KOMPOT SPAR ANANAS 565 g;366798;SPAR;0.3400;kg;2.59;7.62;;;02.05.2025;2.99;9100000982342;Hrana
EDAMAME NATUR PUR 200 g;366799;SPAR Natur*pur;0.1300;kg;1.99;15.31;;;02.05.2025;1.99;9100000975221;Hrana
ÈOK.CASALI BAN.DOUBLE CH.300 g;366810;Casali;0.3000;kg;4.59;15.30;;;02.05.2025;4.59;9000332812167;Hrana
PJEN.DESERT CASALI WAVES 250 g;366811;Casali;0.2500;kg;4.59;18.36;;;02.05.2025;4.59;9000332816011;Hrana
INST.KAVA NESCAFE GOLD 190 g;366812;Nescafe;0.1900;kg;13.49;71.00;;;02.05.2025;13.49;8445290491275;Piæa
INSTANT KAVA NESCAF.CREMA 95 g;366830;Nescafe;0.0950;kg;5.79;60.95;;;02.05.2025;6.39;8445290699862;Piæa
JUHA MAGGI BISTRA PILEÆA 50 g;366842;Maggi;0.0500;kg;;13.80;0.69;1.09;02.05.2025;1.09;3858890171686;Hrana
DEO SPRAY MELEM MARULA 150 ml;366845;Melem;0.1500;l;3.99;26.60;;;02.05.2025;3.99;3856007910333;Kozmetika
LABELLO HYALURON MOIS. 5,2 g;366864;Nivea;1.0000;kom;3.99;3.99;;;02.05.2025;3.99;4005900994509;Kozmetika
LABELLO HYALURON MOIS. 5,2 g;366865;Nivea;1.0000;kom;3.99;3.99;;;02.05.2025;3.99;9005800365190;Kozmetika
SUN MELEM MAX GEL 250 ml;366867;Melem;0.2500;l;3.95;15.80;;;02.05.2025;3.95;3856007910869;Kozmetika
PUNJENA VJE©ALICA 400 g;366882;SPAR BBQ;0.4000;kg;3.99;9.98;;;02.05.2025;3.99;3856021224089;Hrana
SLAD.MAGNUM SUNLOVER 85 ml;366893;Magnum;0.0850;L;2.49;29.29;;;02.05.2025;2.49;8711327581562;Hrana
CAPPUCINO NESC.ICED VAN. 105 g;366898;Nescafe;0.1050;kg;4.19;39.90;;;02.05.2025;4.19;8445290507860;Piæa
Romb veliki 1000-1500 g;366900;;1.0000;kg;21.99;21.99;;;02.05.2025;21.99;93856024301278;Hrana
SLAD. CORNETTO VANILIJA 120 ml;366915;Cornetto;0.1200;L;1.89;15.75;;;02.05.2025;1.89;8711327319714;Hrana
DEO SPRAY ISANA INVISI. 150 ml;366938;ISANA;0.1500;l;1.49;9.93;;;02.05.2025;1.49;4305615623221;Kozmetika
DET.DASH REGULAR 1,15 kg;366939;Dash;1.1500;kom;;7.82;8.99;10.99;02.05.2025;10.99;8006540920916;Sredstva za èi¹æenje
DEO SPRAY ISANA SOFT 150 ml;366941;ISANA;0.1500;L;1.49;9.93;;;02.05.2025;1.49;4305615610481;Kozmetika
DET.DASH COLOR 2x1,05 L;366942;Dash;2.1000;l;;6.19;12.99;15.99;02.05.2025;15.99;8006540937136;Sredstva za èi¹æenje
DEO SPRAY ISANA SENSIT. 150 ml;366943;ISANA;0.1500;l;1.49;9.93;;;02.05.2025;1.49;4305615610450;Kozmetika
DEO SPRAY ISANA MEN FR.150 ml ;366944;ISANA;0.1500;l;1.49;9.93;;;02.05.2025;1.49;4305615614137;Kozmetika
DEO SPRAY ISANA MEN ACT.150 ml;366945;ISANA;0.1500;l;1.49;9.93;;;02.05.2025;1.49;4305615633336;Kozmetika
KUPKA ISANA MAKADAMIJA 500 ml;366946;ISANA;0.5000;l;2.29;4.58;;;02.05.2025;2.29;4305615621661;Kozmetika
DET.DASH REGULAR 1,85 kg;366947;Dash;1.8500;kg;;6.48;11.99;15.99;02.05.2025;15.99;8006540920794;Sredstva za èi¹æenje
DET.DASH REGULAR 3,2 kg;366948;Dash;3.2000;kom;;5.00;15.99;17.99;02.05.2025;17.99;8006540920824;Sredstva za èi¹æenje
DET.DASH COLOR 1,05 L;366949;Dash;1.0500;l;;8.56;8.99;10.99;02.05.2025;10.99;8006540927717;Sredstva za èi¹æenje
DET.DASH REGULAR 2x1,05 L;366950;Dash;2.1000;l;;6.19;12.99;15.99;02.05.2025;15.99;8006540937112;Sredstva za èi¹æenje
KAPSULE DASH LAVANDER 31/1;366953;Dash;31.0000;kom;;0.39;11.99;19.49;02.05.2025;19.49;8006540991589;Sredstva za èi¹æenje
KAPSULE DASH LAVANDER 44/1;366954;Dash;44.0000;kom;;0.36;15.99;17.99;02.05.2025;17.99;8700216011778;Sredstva za èi¹æenje
KREMA ISANA KAKAO&SHEA 500 ml;366955;ISANA;0.5000;l;2.99;5.98;;;02.05.2025;2.99;4305615620442;Kozmetika
KAPSULE DASH AMBER 31/1;366956;Dash;31.0000;kom;;0.39;11.99;19.49;02.05.2025;19.49;8006540991619;Sredstva za èi¹æenje
MARGARIN S BUDGET 250 g;366958;S-BUDGET;0.2500;kg;0.79;3.16;;;02.05.2025;0.79;3856021223433;Hrana
KREMA ISANA UREA 100 ml;366959;ISANA;0.1000;l;1.39;13.90;;;02.05.2025;1.39;4305615609997;Kozmetika
©AMPON ISANA ARGAN 250 ml;366963;ISANA;0.2500;l;2.49;9.96;;;02.05.2025;2.49;4305615624877;Kozmetika
KREMA BIOBAZA MEN 100 ml;366971;Biobaza;0.1000;L;;39.50;3.95;5.30;02.05.2025;5.30;3856020911614;Kozmetika
PERECI OD LISNAT.TIJESTA 300 g;366975;;0.3000;kg;5.29;17.63;;;02.05.2025;5.29;9005300010361;Hrana
VINO AMARONE DELL VALP. 0,75 L;366978;;0.7500;L;38.22;50.96;;;02.05.2025;38.22;5750000103663;Piæa
KREMA COREGA MAX  40 g;366980;Corega;1.0000;kom;7.89;7.89;;;02.05.2025;7.89;5054563129390;Kozmetika
D®EM DIDA BO®A JAFFA EKO 240 g;367044;Dida Boza;0.2400;kg;3.69;15.38;;;02.05.2025;3.69;3859893011955;Hrana
NAMAZ LINO LADA CREAMY 350 g;367060;Podravka;0.3500;kg;3.99;11.40;;;02.05.2025;3.99;3856020265366;Hrana
NAMAZ LINO LADA CREAMY 700 g;367062;Podravka;0.7000;kg;6.39;9.13;;;02.05.2025;6.39;3856020265335;Hrana
VI©NJA BEZ KO©TICE HLAD 400 g;367067;;0.4000;kg;2.29;5.73;;;02.05.2025;2.29;3858894110865;Hrana
ULJE BUÈI.100% CESAREC 0,25 L ;367071;;0.2500;L;7.99;31.96;;;02.05.2025;7.99;3859893456367;Hrana
ULJE BUÈIN.100% CESAREC 0,5 L ;367072;;0.5000;L;14.99;29.98;;;02.05.2025;14.99;3859893456350;Hrana
ULJE BUÈIN.70% CESAREC 0,75 L ;367073;;0.7500;L;13.49;17.99;;;02.05.2025;13.49;3859893456473;Hrana
TEQUILA JOSE Q.SILVER 0,7 L;367106;;0.7000;L;20.59;29.41;;;02.05.2025;20.59;7501035042308;Piæa
RUM PAMPERO ANIVERSARIO 0,7 L;367107;;0.7000;L;31.88;45.54;;;02.05.2025;31.88;8028286000325;Piæa
WHISKEY JW BLONDE 0,7 L;367108;Johnnie Walker;0.7000;L;20.49;29.27;;;02.05.2025;20.49;5000267190525;Piæa
LIKER JAGERMEISTER 0,5 L;367109;Jägermeister;0.5000;L;12.49;24.98;;;02.05.2025;12.49;4067700018113;Piæa
INSTA.KAVA NESCAFE CREMA 190 g;367110;Nestle;0.1900;KG;11.39;59.95;;;02.05.2025;11.39;8445290699787;Piæa
KAVOVINA FRANCK CIKORIJA 250 g;367113;Franck;0.2500;KG;2.79;11.16;;;02.05.2025;2.79;3850291054087;Piæa
KAVOVINA FRANCK DIVKA 250 g;367115;Franck;0.2500;KG;2.79;11.16;;;02.05.2025;2.79;3850291054063;Piæa
UMAK BBQ CLASSIC PODRA.345 g;367125;Podravka;0.3450;kg;2.99;8.67;;;02.05.2025;2.99;3856020264321;Hrana
UMAK BBQ SPICY HOT PODRA.345 g;367126;Podravka;0.3450;kg;2.99;8.67;;;02.05.2025;2.99;3856020264352;Hrana
UMAK BBQ JALAPENO PODRA.345 g;367127;Podravka;0.3450;kg;2.99;8.67;;;02.05.2025;2.99;3856020264383;Hrana
UMAK BBQ MED PODRAVKA 345 g;367130;Podravka;0.3450;kg;2.99;8.67;;;02.05.2025;2.99;3856020264413;Hrana
OMEK©.LENOR ORCHID 2x925ml;367140;Lenor;1.8500;l;6.79;3.67;;;02.05.2025;6.79;8006540922859;Sredstva za èi¹æenje
OMEK©.LENOR COTT.FR.2x925ml;367142;Lenor;1.8500;l;6.79;3.67;;;02.05.2025;6.79;8006540890189;Sredstva za èi¹æenje
©AMPON ISANA MEN FRESH 300 ml;367151;ISANA;0.3000;L;1.39;4.63;;;02.05.2025;1.39;4305615633398;Kozmetika
©AMPON ISANA KAMILICA 300 ml;367153;ISANA;0.3000;L;1.39;4.63;;;02.05.2025;1.39;4305615566122;Kozmetika
©AMPON ISANA MENTA 300 ml;367155;ISANA;0.3000;L;1.39;4.63;;;02.05.2025;1.39;4305615566146;Kozmetika
GRANOLA CLASSIC KELLOGGS 380 g;367156;Kelloggs;0.3800;kg;5.49;14.45;;;02.05.2025;5.49;5059319020334;Hrana
GRANO.CHOCO NUT KELLOGS 380 g ;367157;Kelloggs;0.3800;kg;5.49;14.45;;;02.05.2025;5.49;5059319020365;Hrana
©AMPON ISANA COFFEIN 250 ml;367158;ISANA;0.2500;L;2.99;11.96;;;02.05.2025;2.99;4305615347813;Kozmetika
GEL TU©.ISANA PEARL 300 ml;367159;ISANA;0.3000;L;0.89;2.97;;;02.05.2025;0.89;4305615609461;Kozmetika
GEL TU©.ISANA LIMUN 300 ml;367162;ISANA;0.3000;L;0.89;2.97;;;02.05.2025;0.89;4305615609492;Kozmetika
GEL TU©.ISANA MEN FRE. 300 ml;367166;ISANA;0.3000;L;0.89;2.97;;;02.05.2025;0.89;4305615407616;Kozmetika
GEL TU©.ISANA MEN SENS. 300 ml;367168;ISANA;0.3000;L;0.89;2.97;;;02.05.2025;0.89;4305615407609;Kozmetika
GEL TU©.ISANA MEN ACT. 300 ml;367171;ISANA;0.3000;L;0.89;2.97;;;02.05.2025;0.89;4305615407630;Kozmetika
REGENERATOR ISANA ARGAN 200 ml;367175;ISANA;0.2000;L;2.49;12.45;;;02.05.2025;2.49;4305615624945;Kozmetika
ULJE KOSA ISANA ARGAN 100 ml;367185;ISANA;0.1000;L;4.99;49.90;;;02.05.2025;4.99;4305615625577;Kozmetika
CEDEVITA ANANAS MANGO 200 g  ;367188;Cedevita;0.2000;KG;2.09;10.45;;;02.05.2025;2.09;3850322016244;Piæa
KREMA ISANA DNEVNA Q10 50 ml;367191;ISANA;0.0500;L;3.49;69.80;;;02.05.2025;3.49;4305615551074;Kozmetika
KREMA ISANA NOCNA Q10 50 ml;367192;ISANA;0.0500;L;2.99;59.80;;;02.05.2025;2.99;4305615481579;Kozmetika
KREMA ISANA HYDRO BOOST. 50 ml;367193;ISANA;0.0500;L;3.39;67.80;;;02.05.2025;3.39;4305615838274;Kozmetika
SERUM ISANA Q10 30 ml;367195;ISANA;0.0300;L;3.99;133.00;;;02.05.2025;3.99;4305615481593;Kozmetika
SERUM ISANA HYDRO BOOST. 30 ml;367196;ISANA;0.0300;L;3.49;116.33;;;02.05.2025;3.49;4305615838311;Kozmetika
GIN TONIC DANA PINK 0,33 L;367200;Dana;0.3300;L;1.72;5.21;;;02.05.2025;1.72;3830055525503;Piæa
SERUM ISANA HYDRO BOOST. 15 ml;367202;ISANA;0.0150;L;4.99;332.67;;;02.05.2025;4.99;4305615838298;Kozmetika
GIN TONIC DANA CLASSIC 0,33 L;367203;Dana;0.3300;L;1.72;5.21;;;02.05.2025;1.72;3830055525527;Piæa
MASKA ZA OCI ISANA HYDR. 2 kom;367207;ISANA;2.0000;kom;0.99;0.50;;;02.05.2025;0.99;4305615797076;Kozmetika
RAKIJA KORLAT TRAVAR.BAR.0,7 L;367210;Korlat;0.7000;L;24.02;34.31;;;02.05.2025;24.02;3850112122506;Piæa
SOL ZA KUPANJE ISANA LAV. 80 g;367213;ISANA;0.0800;kg;0.99;12.38;;;02.05.2025;0.99;4305615982465;Kozmetika
LIKER KORLAT SMOKV.ROGAÈ 0,7 L;367214;Korlat;0.7000;L;24.02;34.31;;;02.05.2025;24.02;3850112112019;Piæa
RAKIJA KORLAT LOZA BARRI.0,7 L;367215;Korlat;0.7000;L;24.02;34.31;;;02.05.2025;24.02;3850112122483;Piæa
LIKER KORLAT TERANINO 0,7 L;367218;Korlat;0.7000;L;24.02;34.31;;;02.05.2025;24.02;3850112111975;Piæa
Velika kapica ;367219;;1.0000;kg;13.99;13.99;;13.99;02.05.2025;14.99;3856024300551;Hrana
LOSION ZA TIJELO ISANA 400 ml;367226;ISANA;0.4000;L;1.99;4.98;;;02.05.2025;1.99;4068134014702;Kozmetika
ODSTRANJ.MRLJA S BUDGET 1kg;367227;S-Budget;1.0000;kg;2.79;2.79;;;02.05.2025;2.79;8056149088166;Sredstva za èi¹æenje
S BUDGET ÈAJNO PECIVO 350 g;367230;S-BUDGET;0.3500;kg;2.99;8.54;;;02.05.2025;2.99;3856021223495;Hrana
DET.MERI MERINO COLOR 4 L;367236;Meri Merino;4.0000;l;11.49;2.87;;;02.05.2025;11.49;3850111105869;Sredstva za èi¹æenje
DEO SPRAY ISANA WILD 150 ml;367238;ISANA;0.1500;L;1.49;9.93;;;02.05.2025;1.49;4305615769080;Kozmetika
SRE.SUPER JON STAKLO 650 ml;367239;Super Jon;0.6500;L;1.99;3.06;;;02.05.2025;1.99;3850111505645;Sredstva za èi¹æenje
TEK.SAPUN ISANA ANTIB. 300 ml;367240;ISANA;0.3000;L;1.69;5.63;;;02.05.2025;1.69;4305615908090;Kozmetika
OSV.WC SANITAR RINGS CI.3x40 g;367242;Sanitar;0.1200;kg;3.65;30.42;;;02.05.2025;3.65;3850111901188;Sredstva za èi¹æenje
PJENA ISANA ÈI©ÆE.LICA 150 ml;367245;ISANA;0.1500;L;2.59;17.27;;;02.05.2025;2.59;4305615657172;Kozmetika
PILE HRVATSKO ;367246;Cekin;1.0000;kg;3.31;3.31;;;02.05.2025;3.18;3850159112829;Hrana
TEKUÆINA RAID ZA EL.APAR.36 ml;367250;Raid;1.0000;kom;9.69;9.69;;;02.05.2025;9.69;5000204243666;Proizvodi za kuæanstvo
TEKUÆINA RAID ZA EL.APAR.36 ml;367251;Raid;1.0000;kom;9.29;9.29;;;02.05.2025;9.29;5000204252798;Proizvodi za kuæanstvo
SPREJ RAID INSEKTICID 500 ml;367267;Raid;0.5000;L;6.49;12.98;;;02.05.2025;6.49;5000204284911;Proizvodi za kuæanstvo
SPREJ AUTAN TROPICAL 50 ml;367269;Raid;0.0500;L;5.99;119.80;;;02.05.2025;5.99;5000204022391;Kozmetika
SPR.AUTAN PROTI.KRPELJA 100 ml;367272;Autan;0.1000;L;7.69;76.90;;;02.05.2025;7.69;5000204300079;Proizvodi za kuæanstvo
PIVO ERDINGER BRU.HE.LIM.0,5 L;367276;Erdinger;0.5000;L;1.85;3.70;;;02.05.2025;1.85;4005873211740;Piæa
PIVO HEINEKEN LIMENKA 0,33 L;367277;Heineken;0.3300;L;1.38;4.18;;;02.05.2025;1.38;3850103902391;Piæa
PIVO HEINEKEN LIMENKA 4X0,33 L;367278;Heineken;1.3200;L;4.57;3.46;;;02.05.2025;4.57;3850103902414;Piæa
VODA JANA KOKOS LIMUN 0,5 L;367279;Jana;0.5000;L;1.35;2.70;;;02.05.2025;1.35;3858890879919;Piæa
VODA JANA KOKOS 0,5 L;367280;Jana;0.5000;L;1.35;2.70;;;02.05.2025;1.35;3858890879889;Piæa
TOALETNA TORBICA SPORT;367281;Vedeta;1.0000;kom;11.93;11.93;;;02.05.2025;11.93;3858883853537;Toaletne potrep¹tine
VODA JANA SÈ.0,75 L;367283;Jana;0.7500;L;.92;1.23;;;02.05.2025;.92;3858890879353;Piæa
TABL.S BUDGET LIMUN 40/1;367285;S-Budget;40.0000;kom;3.45;0.09;;;02.05.2025;3.45;8056149088180;Sredstva za èi¹æenje
®ITARICE NESTLE KIT KAT 330 g;367286;Nestle;0.3300;kg;4.59;13.91;;;02.05.2025;4.29;5900020043191;Hrana
VODA JAMNICA SEN.LUB.LIM.1,5 L;367287;Jamnica;1.5000;L;1.69;1.13;;;02.05.2025;1.69;3858890879827;Piæa
TABL.S BUDGET ZA WC 10/1;367289;S-Budget;10.0000;kom;1.69;0.17;;;02.05.2025;1.75;8056149088197;Sredstva za èi¹æenje
VAFEL FRO.KAK.MLI.KRA© 225 g;367294;Kra¹;0.2250;kg;2.59;11.51;;;02.05.2025;1.99;3850102007547;Hrana
KAVA ARABESCA CLASCIC 500 g;367299;Arabesca;0.5000;KG;7.49;14.98;;;02.05.2025;7.49;3858886804390;Piæa
ZUB.PAS.BIOREPAIR ZA©.75 m;367326;BIOREPAIR;0.0750;l;4.49;59.87;;;02.05.2025;4.49;8017331073735;Kozmetika
ZUB.PA.BIOREPAIR 2X75 ml;367327;BIOREPAIR;0.1500;l;6.99;46.60;;;02.05.2025;6.99;8017331092781;Kozmetika
VL.MAR.VIOLETA 5x51/1;367335;Violeta;255.0000;kom;4.89;0.02;;;02.05.2025;4.89;3870128036543;Toaletne potrep¹tine
PILEÆI STRIPS 350 g;367336;Cekin;0.3500;kg;5.25;15.00;;;02.05.2025;5.25;3850159112836;Hrana
PILEÆI MEDALJONI 400 g;367337;Cekin;0.4000;kg;6.29;15.73;;;02.05.2025;6.29;3850159112850;Hrana
MARINATO GRILL FILE ZABATKA;367340;Vindija;1.0000;kg;;9.29;9.29;9.99;02.05.2025;9.99;3850159150265;Hrana
SERUM AMBRE SOLAIRE ZF50 30 ml;367342;Ambre Solaire;0.0300;L;14.49;483.00;;;02.05.2025;14.49;3600542518376;Kozmetika
ML.AMBRE SOLAIRE ZF30 175 ml;367343;Ambre Solaire;0.1750;l;14.99;85.66;;;02.05.2025;14.99;3600542624916;Kozmetika
ML.AFRODITA SENSITIVZF50 200ml;367344;Afrodita;0.2000;l;26.99;134.95;;;02.05.2025;26.99;3831070658948;Kozmetika
VODA JANA VITAM.+COLLAGE.0,5 L;367346;Jana;0.5000;L;1.19;2.38;;;02.05.2025;1.19;3858890879940;Piæa
GAZ.PIÆE PIPI MAN.LUB.0,33 L;367347;Pipi;0.3300;L;1.12;3.39;;;02.05.2025;0.89;3859893637087;Piæa
PIVO O®UJSKO 6x0,33 L;367348;O¾ujsko;1.9800;L;5.97;3.02;;;02.05.2025;5.97;3850131006061;Piæa
GAZ.PIÆE SPAR COLA 1,5 L;367350;SPAR;1.5000;L;1.29;0.86;;;02.05.2025;1.29;5999138200183;Piæa
SALATA BABY LEAF S BUDG. 100 g;367351;S-BUDGET;0.1000;kg;1.09;10.90;;1.09;02.05.2025;1.09;3856021223112;Hrana
RAJÈICA YOOM 250 g;367360;;0.2500;kg;2.79;11.16;;;02.05.2025;2.79;3859890369196;Hrana
RI®A NA MLI.ÈOKO.S BUDG.200 g ;367362;S-Budget;0.2000;kg;0.79;3.95;;;02.05.2025;0.79;9100000982786;Hrana
SUSHI CALIFORNIA BOX XL;367363;;1.0000;kom;12.98;12.98;;;02.05.2025;12.98;3859894124159;Hrana
RI®A NA MLI.NATUR S BUD.200 g ;367365;S-BUDGET;0.2000;kg;0.79;3.95;;;02.05.2025;0.79;9100000982809;Hrana
RI®A NA MLI.CIMET S BUD.200 g ;367367;S-Budget;0.2000;kg;0.79;3.95;;;02.05.2025;0.79;9100000982830;Hrana
MESNI U©TIPCI PIKANT 300 g;367372;;0.3000;kg;2.59;8.63;;2.55;02.05.2025;3.19;3850139523515;Hrana
SLADOLED VANILIJA 1 L SPAR;367375;SPAR;1.0000;L;3.99;3.99;;;02.05.2025;3.99;9100000975603;Hrana
SLADOLED VAN.JAGODA 1 L SPAR;367377;SPAR;1.0000;L;3.99;3.99;;;02.05.2025;3.99;9100000975641;Hrana
PIVO 4 MUDRACA APA 0,33 L;367378;;0.3300;L;2.22;6.73;;;02.05.2025;2.22;3857500125743;Piæa
PIVO 4 MUDRACA STOUT 0,33 L;367379;;0.3300;L;2.02;6.12;;;02.05.2025;2.02;3857500125767;Piæa
TJESTENINA FEL.HELJDA BG.250 g;367400;FELICIA;0.2500;kg;3.79;15.16;;;02.05.2025;3.79;8032804431508;Hrana
TJESTENINA FELI.RI®A BG.250 g;367401;FELICIA;0.2500;kg;3.49;13.96;;;02.05.2025;3.49;8032804431041;Hrana
TJESTENINA FELI.RI®A BG.250 g;367403;FELICIA;0.2500;kg;3.49;13.96;;;02.05.2025;3.49;8032804436121;Hrana
ÈIPS LAY´S PIK.PAPRIKA 130 g;367405;Lays;0.1300;kg;2.19;16.85;;;02.05.2025;1.89;5900259130709;Hrana
NAPITAK SCOTTI ZOB 1 L ;367407;Scotti;1.0000;L;2.65;2.65;;;02.05.2025;2.65;8001860252846;Piæa
NAPITAK SCOTTI BADEM 1 L ;367409;Scotti;1.0000;L;2.92;2.92;;;02.05.2025;2.92;8001860222658;Piæa
ÈIPS LAY´S REBRASTI PAPR.130 g;367410;Lays;0.1300;kg;2.19;16.85;;;02.05.2025;1.89;8606017378617;Hrana
ÈIPS LAY´S MAXX PAPRIKA 120 g;367411;Lays;0.1200;kg;2.19;18.25;;;02.05.2025;1.89;5900259128966;Hrana
ÈIPS LAY´S SLANI 130 g;367412;Lays;0.1300;kg;2.19;16.85;;;02.05.2025;1.89;5900259127600;Hrana
ÈIPS CRUNCHIPS DIM.PAPRI.120 g;367413;Lorenz;0.1200;kg;;15.75;1.89;2.25;02.05.2025;2.25;4018077005497;Hrana
ÈIPS CRUNCHIPS PAPRIKA 130 g;367418;Lorenz;0.1300;kg;;14.54;1.89;2.25;02.05.2025;2.25;4018077005589;Hrana
ÈIPS CRUNCHIPS SLANI 130 g;367419;Lorenz;0.1300;kg;;14.54;1.89;2.25;02.05.2025;2.25;4018077005565;Hrana
ÈIPS CRUNCHIPS RED CHILI 130 g;367420;Lorenz;0.1300;kg;;14.54;1.89;2.25;02.05.2025;2.25;4018077005626;Hrana
ÈIPS CRUNCHIPS X-CUT SLA.130 g;367421;Lorenz;0.1300;kg;;14.54;1.89;2.25;02.05.2025;2.25;4018077005459;Hrana
ÈIPS CRUNC.X-CUT PAPRIKA 130 g;367422;Lorenz;0.1300;kg;;14.54;1.89;2.25;02.05.2025;2.25;4018077005411;Hrana
ÈIPS CRUNC.X-CUT SIR&LUK 130 g;367423;Lorenz;0.1300;kg;;14.54;1.89;2.25;02.05.2025;2.25;4018077005435;Hrana
SLADOLED NOUGAT 1 L SPAR;367424;SPAR Qualitätsmarke;1.0000;L;3.99;3.99;;;02.05.2025;3.99;9100000975627;Hrana
SLAD.VAN.BEZ LAKTOZE 1 L SPAR;367426;SPAR Qualitätsmarke;1.0000;L;3.99;3.99;;;02.05.2025;3.99;9100000974965;Hrana
SLAD.ÈOK. BEZ LAKT. 1 L SPAR;367427;SPAR Qualitätsmarke;1.0000;L;3.99;3.99;;;02.05.2025;3.99;9100000974989;Hrana
EL.REFIL AIRWICK LIG.&F.19 ml ;367428;Airwick;1.0000;KOM;5.49;5.49;;;02.05.2025;5.49;5999109543110;Sredstva za èi¹æenje
SLA.MINI-CONT.VAN.VEG 12x28 ml;367429;SPAR Veggie;0.3360;L;3.99;11.88;;;02.05.2025;3.39;9100000981048;Hrana
REF.AIRWICK FRESH COTTO.228 ml;367434;Airwick;0.2280;L;10.29;45.13;;;02.05.2025;10.29;5999109543295;Sredstva za èi¹æenje
REF.AIRWICK MONO.JAS.BO.228 ml;367435;Airwick;0.2280;L;10.99;48.20;;;02.05.2025;10.99;5999109543325;Sredstva za èi¹æenje
REF.AIRWICK JASMINE BOU.228 ml;367437;Airwick;0.2280;L;9.99;43.82;;;02.05.2025;9.99;5999109543301;Sredstva za èi¹æenje
KEBAB PILEÆI GREEN DONER 250 g;367438;;0.2500;kg;4.99;19.96;;;02.05.2025;4.99;5902082429999;Hrana
SLAD.SPAR VEGGIE VANILI.480 ml;367439;SPAR Veggie;0.4800;L;5.49;11.44;;;02.05.2025;5.49;9100000962450;Hrana
TAB.FINISH ULTIMATE PLUS 54/1;367447;Finish;54.0000;KOM;18.95;0.35;;;02.05.2025;18.95;5999109582454;Sredstva za èi¹æenje
GAZ.PI.COCA COLA VANILI.0,33 L;367453;Coca-Cola;0.3300;L;1.28;3.88;;;02.05.2025;1.28;5449000284617;Piæa
SIR CHEDD.BRIT.BIJ.SPAR 200 g ;367458;SPAR;0.2000;kg;3.49;17.45;;;02.05.2025;3.49;9100000976846;Hrana
KAP.DESPAR CORTADO 100,8 g;367461;Despar;0.1008;KG;4.19;41.57;;;02.05.2025;3.39;8001300502265;Piæa
GEL TU©.L´ANGELICA ZAG. 650 ml;367462;L'Angelica;0.6500;l;2.49;3.83;;;02.05.2025;2.49;8017331092910;Kozmetika
KAPSULE DESPAR DECAF.112 g;367466;Despar;0.1120;KG;4.49;40.09;;;02.05.2025;3.19;8001300502241;Piæa
SIR PARM.REGGI. PREMIUM 200 g ;367468;Premium;0.2000;kg;6.79;33.95;;;02.05.2025;6.79;9100000890654;Hrana
KOKICE CHIO SLANE 75 g;367469;Chio;0.0750;kg;1.39;18.53;;;02.05.2025;1.39;8595606209398;Hrana
SIR.NAMAZ ZAÈ. S-BUDGET 200 g;367470;S-Budget;0.2000;kg;1.49;7.45;;;02.05.2025;1.49;9100000948973;Hrana
ÈIPS ÈIPI ÈIPS PAPRIKA 55 g;367471;Chio;0.0550;kg;1.29;23.45;;;02.05.2025;1.29;3856021305702;Hrana
ÈIPS ÈIPI ÈIPS SLANI 60 g;367472;Chio;0.0600;kg;1.29;21.50;;;02.05.2025;1.29;3856021305689;Hrana
BOM.GUM.KIKI MEDO DUO 90 g;367474;Kiki;0.0900;kg;;10.56;0.95;1.03;02.05.2025;1.29;3850102508921;Hrana
BOM.GUM.KIKI KISELI CRVI 90 g;367475;Kiki;0.0900;kg;;10.56;0.95;1.03;02.05.2025;1.29;3850102006663;Hrana
BOM.GUM.KIKI KISELI CRVI 180 g;367476;Kiki;0.1800;kg;1.82;10.11;;1.82;02.05.2025;2.29;3850102006649;Hrana
BOM.GUM.KIKI COLA 180 g;367478;Kiki;0.1800;kg;1.82;10.11;;1.82;02.05.2025;2.29;3850102006656;Hrana
SIR RIBANI MIX S-BUDGET 300 g;367479;S-Budget;0.3000;kg;3.59;11.97;;;02.05.2025;3.59;8056149087589;Hrana
SIR TVRDI CUBE. S-BUDGET 400 g;367480;S-Budget;0.4000;kg;6.49;16.23;;;02.05.2025;6.49;8056149087596;Hrana
SIR RIBANAC VINTAG.PRESID.40 g;367509;President;0.0400;kg;1.59;39.75;;;02.05.2025;1.59;3850355007851;Hrana
JOG.SENS.FIB. MAREL/NAR 150 g ;367527;Dukat;0.1500;kg;0.79;5.27;;;02.05.2025;0.79;3850354017721;Hrana
CIKLA DOORA REZANA 540 g;367538;Doora;0.2900;kg;2.09;7.21;;;02.05.2025;2.09;3858894541645;Hrana
ÈIPS ÈIPI ÈIPS SLANI 220 g;367547;Chio;0.2200;kg;2.49;11.32;;;02.05.2025;2.49;3856021304354;Hrana
ÈIPS ÈIPI ÈIPS PAPRIKA 210 g;367551;Chio;0.2100;kg;2.49;11.86;;;02.05.2025;2.49;3856021304378;Hrana
SARDINA EVA POVRÆE 100 g ;367554;Eva;0.0700;kg;1.69;24.14;;;02.05.2025;1.69;3856020262587;Hrana
TUNA SALATA EVA BALANCE 160 g;367559;;0.1600;kg;4.29;26.81;;;02.05.2025;4.29;3856020263874;Hrana
BOMB.BAZOOKA JUICY DROP 57 g;367562;Ajax;0.0570;kg;3.09;54.21;;;02.05.2025;3.09;5011053022272;Hrana
TUNA SALATA EVA PROTEIN 160 g;367563;Eva;0.1600;kg;4.29;26.81;;;02.05.2025;4.29;3856020263904;Hrana
DET.ARIEL MOUNTA.SPRING 4,4 kg;367565;Ariel;4.4000;kg;20.99;4.77;;;02.05.2025;20.99;8006540940150;Sredstva za èi¹æenje
KA©ICA FRUTO.JAB.MAN.BRE.100 g;367567;Lino;0.1000;kg;1.29;12.90;;;02.05.2025;1.29;3856020261412;Hrana
KA©ICA FRUTO.KRU.JAB.KOM.100 g;367569;Lino;0.1000;kg;1.29;12.90;;;02.05.2025;1.29;3856020261382;Hrana
GEL ARIEL KAPSULE COLOR 63/1;367570;Aqipa;63.0000;kom;20.99;0.33;;;02.05.2025;20.99;8001090727541;Sredstva za èi¹æenje
®ITNA KA©ICA ÈOKOLE©NIK 450 g;367571;;0.4500;kg;4.59;10.20;;;02.05.2025;4.59;3856020262174;Hrana
KA©.BEB.LAKU NOÆ KAK.BAN.190 g;367573;Bebivita;0.1900;kg;1.35;7.11;;;02.05.2025;1.35;4018852035794;Hrana
KAVA CAPP. Z BREGOV 250 ml;367581;Z Bregov;0.2500;L;1.59;6.36;;;02.05.2025;1.59;3850108021943;Piæa
JAGODA TART KRI©KA SPAR 124 g;367583;;0.1240;kg;2.19;17.66;;;02.05.2025;2.19;3858890212013;Hrana
KAVA CAF. LAT. Z BREGOV 250 ml;367584;Z Bregov;0.2500;L;1.59;6.36;;;02.05.2025;1.59;3850108021936;Piæa
PILEÆI FILE ZABATKA 500 g;367587;Cekin;0.5000;kg;4.69;9.38;;;02.05.2025;4.69;3850159112843;Hrana
PILEÆI BATAK I FILE ZABATKA ;367593;Cekin;1.0000;kg;7.29;7.29;;;02.05.2025;7.29;3850159110924;Hrana
ZOB.KA©A ÈOKOLADA B.BOX 60 g;367594;Boom Box;0.0600;kg;0.99;16.50;;;02.05.2025;0.99;3856027800263;Hrana
ZOBENE PAHULJ.BOOM BOX 500 g;367595;Boom Box;0.5000;kg;1.99;3.98;;;02.05.2025;1.99;3856027800201;Hrana
KEKS ZOB.B.BOX ©UM.VOÆE 20 g;367596;Boom Box;0.0200;kg;0.49;24.50;;;02.05.2025;0.49;3856027800553;Hrana
KEKS ZOB.B.BOX LJE©NJ.ÈOK.20 g;367597;Boom Box;0.0200;kg;0.49;24.50;;;02.05.2025;0.49;3856027800515;Hrana
KEKS ZOB.B.BOX KOKOS BAD.20 g;367598;Boom Box;0.0200;kg;0.49;24.50;;;02.05.2025;0.49;3856027800539;Hrana
MLIJEÈNA PECIVA ÖLZ 350 g;367602;Ölz;0.3500;kg;4.99;14.26;;;02.05.2025;4.99;9005300010927;Hrana
DET.PUR RASPBERRY 750 ml;367606;Pur;0.7500;l;1.89;2.52;;1.79;02.05.2025;1.89;9000101386387;Sredstva za èi¹æenje
KAP.WEISSER RIESE LOTUS 40/1;367609;Weisser Riese;40.0000;kom;12.99;0.32;;;02.05.2025;12.99;9000101572872;Sredstva za èi¹æenje
NAPITAK OATLY ZOB ORIGIN.1 L ;367612;Oatly;1.0000;l;2.65;2.65;;;02.05.2025;2.65;7394376620744;Piæa
UMAK BARILLA MED.POVRÆE 400 g;367613;Barilla;0.4000;kg;3.79;9.48;;;02.05.2025;3.79;8076809583749;Hrana
SUSHI PROMO;367614;;1.0000;kom;5.98;5.98;;;02.05.2025;5.98;3859894124098;Hrana
UMAK TERIJAKI 28 g;367615;;1.0000;kom;1.90;1.90;;;02.05.2025;1.90;3859894124005;Hrana
PESTO BARILLA BOS.PISTAC.190 g;367616;Barilla;0.1900;kg;4.99;26.26;;;02.05.2025;4.99;8076809581868;Hrana
UMAK SWEET CHILI ;367617;;1.0000;kom;1.90;1.90;;;02.05.2025;1.90;3859894124012;Hrana
WASABI MIXTURE;367618;;1.0000;kom;1.90;1.90;;;02.05.2025;1.90;3859894124029;Hrana
UMAK KISELI ÐUMBIR/GARI;367619;;1.0000;kom;1.90;1.90;;;02.05.2025;1.90;3859894124036;Hrana
SALATA GOMA WACOME100 g;367620;;1.0000;kom;5.98;5.98;;;02.05.2025;5.98;3859894124043;Hrana
PROLJETNE ROLICE;367621;;1.0000;kom;6.28;6.28;;;02.05.2025;6.28;3859894124050;Hrana
GYOZE POVRTNE/VEGETABLES;367622;;1.0000;kom;6.98;6.98;;;02.05.2025;6.98;3859894124067;Hrana
GYOZE PILETINA/POVRÆE;367623;;1.0000;kom;6.98;6.98;;;02.05.2025;6.98;3859894124081;Hrana
GYOZE PILETINA;367624;;1.0000;kom;6.98;6.98;;;02.05.2025;6.98;3859894124074;Hrana
AKADIA DANISH WHITE 400 g;367626;Akadia;0.4000;KG;3.49;8.73;;;02.05.2025;3.49;5701638138978;Hrana
PUD.PROTEIN KARAME. ZOTT 200 g;367627;Zott;0.2000;kg;;4.45;0.89;1.19;02.05.2025;1.19;4014500520179;Hrana
SIR AKADIA KOZJI MEKI 400 g;367629;Akadia;0.4000;KG;6.99;17.48;;;02.05.2025;6.99;5701638150802;Hrana
SUSHI SIMPLY CALIFORNIA;367632;;1.0000;kom;7.38;7.38;;;02.05.2025;7.38;3859894124128;Hrana
SUSHI SIMPLY VEGETABLES;367634;;1.0000;kom;7.38;7.38;;;02.05.2025;7.38;3859894124197;Hrana
SUSHI CALIFORNIA SUPRIME;367636;;1.0000;kom;8.38;8.38;;;02.05.2025;8.38;3859894124135;Hrana
SUSHI SIMPLY SALMON;367638;;1.0000;kom;8.78;8.78;;;02.05.2025;8.78;3859894124227;Hrana
SUSHI SIMPLY SHRIMP;367641;;1.0000;kom;8.28;8.28;;;02.05.2025;8.28;3859894124289;Hrana
SUSHI SMOKED SALMON;367642;;1.0000;kom;8.78;8.78;;;02.05.2025;8.78;3859894124258;Hrana
SUSHI PHILADELPHIA;367643;;1.0000;kom;8.78;8.78;;;02.05.2025;8.78;3859894124265;Hrana
SUSHI SPICY TUNA TARTAR;367644;;1.0000;kom;8.78;8.78;;;02.05.2025;8.78;3859894124302;Hrana
SUSHI HOSOMAKI MIX;367645;;1.0000;kom;8.78;8.78;;;02.05.2025;8.78;3859894124111;Hrana
DES.RI®A NA MLI.PRO.ZOTT 220 g;367646;Zott;0.2200;kg;1.19;5.41;;;02.05.2025;1.19;4014500520247;Hrana
SUSHI CRISPY TIGER;367648;;1.0000;kom;8.98;8.98;;;02.05.2025;8.98;3859894124166;Hrana
SUSHI RED DRGAON;367649;;1.0000;kom;9.98;9.98;;;02.05.2025;9.98;3859894124173;Hrana
SUSHI TUNA COMBO;367650;;1.0000;kom;9.48;9.48;;;02.05.2025;9.48;3859894124319;Hrana
SUSHI EBI TEMPURA;367651;;1.0000;kom;9.98;9.98;;;02.05.2025;9.98;3859894124364;Hrana
DET.PERWOLL BLACK 990 ml;367654;Perwoll;0.9900;l;5.59;5.65;;;02.05.2025;5.59;9000101580266;Sredstva za èi¹æenje
BOMB.BEBETO SOUR BEANS 30 g;367655;Bebeto;0.0300;kg;0.49;16.33;;;02.05.2025;0.49;8690146128717;Hrana
BOMB.BEBETO BERRY BEANS 30 g;367657;Bebeto;0.0300;kg;0.49;16.33;;;02.05.2025;0.49;8690146127109;Hrana
GEL OLD SPICE CAPTAIN 1L;367658;Old Spice;1.0000;kom;7.99;7.99;;;02.05.2025;7.99;8006540818824;Kozmetika
GEL OLD SPICE WHITEWATER 1L;367659;Old Spice;1.0000;kom;7.99;7.99;;;02.05.2025;7.99;8006540818862;Kozmetika
SUSHI VEGETABLES  MIX BOX;367676;;1.0000;kom;9.78;9.78;;;02.05.2025;9.78;3859894124203;Hrana
SUSHI CALIFONIA MIX  BOX;367677;;1.0000;kom;10.58;10.58;;;02.05.2025;10.58;3859894124142;Hrana
SUSHI SALMON COMBO MIX BOX;367680;;1.0000;kom;12.58;12.58;;;02.05.2025;12.58;3859894124234;Hrana
SUSHI PHILADELPHIA COMBO BOX;367681;;1.0000;kom;12.58;12.58;;;02.05.2025;12.58;3859894124272;Hrana
SUSHI TUNA SALMON MIX BOX;367683;;1.0000;kom;12.58;12.58;;;02.05.2025;12.58;3859894124326;Hrana
SUSHI SALMON COMBO  XL BOX;367687;;1.0000;kom;14.68;14.68;;;02.05.2025;14.68;3859894124241;Hrana
NUGGETS APPETIPLANT 220 g;367692;;0.2200;kg;2.99;13.59;;;02.05.2025;2.99;8006473905486;Hrana
MAJONEZA FAM.PAC.ZVIJEZD.500 g;367693;Zvijezda;0.5000;kg;3.99;7.98;;;02.05.2025;3.99;3856015327451;Hrana
GEL TU©. FA RED 400 ml;367694;Fa;0.4000;l;4.19;10.48;;;02.05.2025;4.19;9000101641073;Kozmetika
GEL TU© FA EKSTRA 400 ml;367696;Fa;0.4000;l;4.19;10.48;;;02.05.2025;4.19;9000101709605;Kozmetika
PRIJANJAJUÆA FOLIJA 20M,ALUFIX;367697;;1.0000;kom;;1.99;1.99;3.99;02.05.2025;3.99;5949509001291;Proizvodi za kuæanstvo
BOJA PALETTE ICC 5-1;367706;Palette;1.0000;kom;;3.49;3.49;4.25;02.05.2025;4.25;9000101704174;Kozmetika
BOJA PALETTE ICC 7-1;367707;Palette;1.0000;kom;;3.49;3.49;4.25;02.05.2025;4.25;9000101704853;Kozmetika
RI®A SMEÐA ENCIAN VAKUM 900 g;367714;Encian;0.9000;kg;3.99;4.43;;;02.05.2025;3.99;3858890104509;Hrana
GIN MINTIS AMARENA 0,7 L;367718;;0.7000;l;25.02;35.74;;;02.05.2025;25.02;8595676600170;Piæa
GIN MINTIS BLACKCURRANT 0,7 L ;367719;;0.7000;L;25.02;35.74;;;02.05.2025;25.02;8595676600200;Piæa
GIN MINTIS ORIGINAL 0,7 L;367723;;0.7000;L;23.49;33.56;;;02.05.2025;23.49;8595676600132;Piæa
VINO ROSSO NOB.AL CIOC. 0,75 L;367727;;0.7500;L;9.02;12.03;;;02.05.2025;9.02;3263280124362;Piæa
LIKER MOZART COFFE 0,5 L ;367728;Mozart;0.5000;L;17.22;34.44;;;02.05.2025;17.22;9013100011563;Piæa
WHISKEY EVAN WILLIAMS 0,7 L;367729;Whiskas;0.7000;L;20.02;28.60;;;02.05.2025;20.02;0096749021345;Piæa
ÈAJNA KOBASICA XXL 300 g PODR.;367735;Podravka;0.3000;kg;6.49;21.63;;;02.05.2025;6.49;3856020261870;Hrana
KULEN XXL 300 g PODRAVKA;367736;Podravka;0.3000;kg;6.49;21.63;;;02.05.2025;6.49;3856020261849;Hrana
ZIMSKA XXL 300 g PODRAVKA;367738;Podravka;0.3000;kg;6.49;21.63;;;02.05.2025;6.49;3856020261900;Hrana
POSL.ZA MAÈKE VITAKRAFT 6X15 g;367742;Vitakraft;0.0900;kg;2.29;25.44;;;02.05.2025;2.29;4008239235213;Proizvodi za kuæanstvo
SUSHI NIGIRI MIX 6 PC;367746;;1.0000;kom;9.68;9.68;;;02.05.2025;9.68;3859894124340;Hrana
SUSHI CALIFONIA ASIAN WRAP;367749;;1.0000;kom;8.38;8.38;;;02.05.2025;8.38;3859894124470;Hrana
SUSHI SALMON ASIAN WRAP;367750;;1.0000;kom;8.38;8.38;;;02.05.2025;8.38;3859894124500;Hrana
POKE VEGETABLES  BOWL;367752;;1.0000;kom;7.58;7.58;;;02.05.2025;7.58;3859894124449;Hrana
POKE CALIFORNIA BOWL;367753;;1.0000;kom;7.98;7.98;;;02.05.2025;7.98;3859894124425;Hrana
POKE SALMON  BOWL ;367754;;1.0000;kom;9.78;9.78;;;02.05.2025;9.78;3859894124401;Hrana
POKE TUNA  BOWL ;367755;;1.0000;kom;9.78;9.78;;;02.05.2025;9.78;3859894124418;Hrana
POKE SHRIMP BOWL ;367756;;1.0000;kom;9.48;9.48;;;02.05.2025;9.48;3859894124432;Hrana
WHISKEY JACK DAN.APPLE 0,7 L ;367767;Whiskas;0.7000;L;24.59;35.13;;;02.05.2025;24.22;5099873017623;Piæa
LIKER ROSSI AMARO 0,50 L;367769;;0.5000;L;19.52;39.04;;;02.05.2025;19.52;3859891585571;Piæa
EN.NAP.MONSTER KHAOTIC 0,5 L;367771;Monster;0.5000;L;1.95;3.90;;;02.05.2025;1.95;5060947544185;Piæa
EN.NAP.MONSTER UL.FIESTA 0,5 L;367772;Monster;0.5000;L;1.95;3.90;;;02.05.2025;1.95;5060947544451;Piæa
OS.PIÆE CAPPY LEMONA.ZE.1,25 L;367774;Cappy;1.2500;L;1.89;1.51;;;02.05.2025;1.89;5449000059185;Piæa
OS.PIÆE CAPPY LEMONADE 0,4 L ;367775;Cappy;0.4000;L;1.19;2.98;;;02.05.2025;1.19;5449000056245;Piæa
RO©TILJ KOBASICA;367778;Vajda;1.0000;kg;7.99;7.99;;;02.05.2025;7.99;3858890804201;Hrana
GAZ.PIÆE SCHWEP.PINK TONIC 1 L;367805;Schweppes;1.0000;L;1.79;1.79;;;02.05.2025;1.79;5449000307347;Piæa
SOK SPAR BIJELO GRO®ÐE 0,20 L;367807;SPAR;0.2000;L;0.45;2.25;;;02.05.2025;0.45;9100000973319;Piæa
GEL ZA BRI.GILLETTE 200+40 ml;367808;Gillette;0.2400;l;3.99;16.63;;3.99;02.05.2025;3.79;7702018405015;Kozmetika
PIVO ZMAJSKO POZOJ 0,5 L;367810;;0.5000;L;2.98;5.96;;;02.05.2025;2.98;3858895210182;Piæa
GEL ZA BRI.GILLETTE PRO 200 ml;367811;Gillette;0.2000;l;5.79;28.95;;5.79;02.05.2025;5.79;7702018604005;Kozmetika
BRIJAÈ GILLETTE M3 + 5 PATRONA;367817;Gillette;1.0000;kom;16.49;16.49;;16.49;02.05.2025;16.49;7702018610181;Kozmetika
ENERGETSKO PIÆE URAGAN 0,25 L;367818;;0.2500;L;.79;3.16;;;02.05.2025;.79;3850108073119;Piæa
PIVO PULFER ZIH.PALE ALE 0,5 L;367819;;0.5000;L;2.69;5.38;;;02.05.2025;2.69;3859893612312;Piæa
PIVO PULFER LANDSKY SESS.0,5 L;367821;;0.5000;L;2.69;5.38;;;02.05.2025;2.69;3859893612329;Piæa
BILJNI LIKER S-BUDGET 0,7 L;367822;S-BUDGET;0.7000;L;5.29;7.56;;;02.05.2025;5.22;3856021223570;Piæa
PIVO PULFER LA.MUN.HELLE.0,5 L;367823;;0.5000;L;2.59;5.18;;;02.05.2025;2.59;3859893612336;Piæa
GIN SAX ORGINAL 0,7 L;367827;Badel 1862;0.7000;L;12.48;17.83;;;02.05.2025;12.48;3850112142894;Piæa
BRITVICE GILLETTE VENUS 3 6/1;367828;Gillette;6.0000;kom;5.49;0.92;;4.99;02.05.2025;4.99;7702018426201;Kozmetika
BRIT.GILLETTE VENUS SEN. 6 kom;367829;Gillette;6.0000;kom;;0.92;5.49;5.59;02.05.2025;5.59;7702018487158;Kozmetika
BRITVICE GILLETTE VENUS 8/1;367831;Gillette;8.0000;kom;5.99;0.75;;5.99;02.05.2025;5.99;7702018465767;Kozmetika
BRIJAÈ GILLETTE VENUS ROSEGOLD;367832;Gillette;1.0000;kom;9.99;9.99;;9.99;02.05.2025;9.89;7702018517886;Kozmetika
SRE.KH7 ZA DRVO&KO®U 750 ml;367851;KH 7;0.7500;L;5.45;7.27;;;02.05.2025;5.45;8420822131423;Proizvodi za kuæanstvo
PATRONE GILLETTE VENUS SEN.4/1;367853;Gillette;4.0000;kom;23.79;5.95;;;02.05.2025;23.79;7702018352883;Kozmetika
PATRONE GILLETTE SPA BREE. 4/1;367861;Gillette;4.0000;kom;19.89;4.97;;;02.05.2025;19.89;7702018966783;Kozmetika
LOSION DIPTEROL 125 ml;367873;Dipterol;0.1250;l;8.99;71.92;;;02.05.2025;8.99;3856007910937;Kozmetika
DIPTEROL KREMA  PO.UBODA 50 ml;367874;Dipterol;0.0500;l;5.49;109.80;;;02.05.2025;5.49;3856007910883;Kozmetika
AFTER SHAVE GILLETTE C. 100 ml;367875;Gillette;0.1000;l;5.99;59.90;;5.99;02.05.2025;5.99;8001090302588;Kozmetika
AFTER SHAVE GILLETTE I. 100 ml;367876;Gillette;0.1000;l;4.49;44.90;;4.49;02.05.2025;4.39;7702018620180;Kozmetika
AFTER SHAVE GILLETTE S. 100 ml;367877;Gillette;0.1000;l;4.49;44.90;;4.49;02.05.2025;4.39;7702018620265;Kozmetika
AF.SHAVE OLD SPICE ORIG.100 ml;367878;Old Spice;0.1000;l;5.99;59.90;;;02.05.2025;5.99;5011321772335;Kozmetika
BRIJAÈ GILLETTE MACH3 RED 3UP;367881;Gillette;1.0000;kom;8.99;8.99;;8.79;02.05.2025;8.79;7702018616527;Kozmetika
SERUM DELIA KOLAGEN  30 ml;367882;DELIA;0.0300;l;5.99;199.67;;;02.05.2025;5.99;5906750801605;Kozmetika
PATRONE GILLETTE PROGLIDE 8/1;367886;Gillette;8.0000;kom;;4.35;34.79;43.49;02.05.2025;43.49;7702018085545;Kozmetika
TAB.FINISH ULTIMATE PLUS 45/1;367892;Finish;45.0000;KOM;14.99;0.33;;;02.05.2025;14.99;5999109582478;Sredstva za èi¹æenje
BRI.WILKINSON HYD.5 +1 PATRONA;367894;Wilkinson;1.0000;kom;8.49;8.49;;;02.05.2025;8.49;4027800439935;Kozmetika
NAPOLITANKE S BUDGET  800 g;367895;S-Budget;0.8000;kg;2.49;3.11;;;02.05.2025;2.49;9100000982915;Hrana
©AMPON PLANTUR 39 250 ml;367896;;0.2500;L;11.99;47.96;;;02.05.2025;11.99;4008666700902;Kozmetika
®ITAR.LINO PILLOWS MILK 700 g;367903;Lino;0.7000;kg;5.79;8.27;;;02.05.2025;5.79;3856020262730;Hrana
KAPS.S-BUDGET 100% ARAB. 104 g;367907;Despar;0.1040;kg;5.19;49.90;;;02.05.2025;5.19;8056149086971;Piæa
BOJA SYOSS 6-1;367927;Syoss;1.0000;kom;6.19;6.19;;;02.05.2025;6.19;9000101713473;Kozmetika
BOJA PALETTE DELUXE 9-11;367929;Palette;1.0000;kom;;4.99;4.99;5.99;02.05.2025;5.99;9000101714739;Kozmetika
BOJA LIVE LIFT L76 ;367930;LIVE;1.0000;kom;7.95;7.95;;;02.05.2025;7.95;9000101245967;Kozmetika
©AMP.SYOSS OLEO 440 ml;367932;Syoss;0.4400;l;4.59;10.43;;4.49;02.05.2025;4.49;9000101712353;Kozmetika
BOMBONI GUMENI NAT.PUR 200 g;367934;Spar Natur pur;0.2000;kg;2.39;11.95;;;02.05.2025;2.39;9100000981840;Hrana
HRANA ZA PSE SCOTTY MIN.1,5 kg;367946;Scotty;1.5000;kg;3.99;2.66;;;02.05.2025;3.99;9100000985541;Proizvodi za kuæanstvo
HRANA ZA PSE SCOT.NAT.2,5 kg;367949;Scotty;2.5000;kg;9.99;4.00;;;02.05.2025;9.99;9100000985527;Proizvodi za kuæanstvo
NAMAZ MARGO S MASLACEM 225 g;367954;Zvijezda;0.2250;kg;1.99;8.84;;;02.05.2025;1.99;3856015325419;Hrana
SLA.©TAP.BIJ.BADEM SB 6x120 ml;367971;S-Budget;0.7200;L;4.99;6.93;;;02.05.2025;4.99;9100000038797;Hrana
ROLL-ON REXONA W BIO. 50 ml ;367981;Rexona;0.0500;l;4.79;95.80;;;02.05.2025;2.99;59099284;Kozmetika
INSTANT KAVA 3U1 STRONG 140 g;367989;Nescafe;0.1400;kg;2.99;21.36;;;02.05.2025;2.99;8445290749413;Piæa
ÈAJ ENG.TEA SHOP EARL GR. 45 g;367991;;0.0450;kg;4.39;97.56;;;02.05.2025;4.39;0680275029144;Piæa
DEO SPRAY DOVE W TALCO 150 ml;368029;Dove;0.1500;l;5.20;34.67;;;02.05.2025;5.20;8720181291876;Kozmetika
VINO ROSE VRHUN.ANDRIJA 0,75 L;368038;Blatina Andrija;0.7500;L;11.02;14.69;;;02.05.2025;11.02;3871126000567;Piæa
FLIPS POM BAR SOUR CREAM 50 g;368040;Pom Bär;0.0500;kg;0.99;19.80;;0.99;02.05.2025;1.19;3856021302770;Hrana
SLADOLED SNACK DESPAR 250 g;368054;Despar;0.2500;kg;3.49;13.96;;;02.05.2025;3.49;8001300673354;Hrana
SLAD.KEKS 3 OKUSA DESPAR 480 g;368055;Despar;0.4800;kg;3.99;8.31;;;02.05.2025;3.99;8001300673996;Hrana
VAFLI NOUGAT SPAR 250 g;368056;SPAR Qualitätsmarke;0.2500;kg;;5.96;1.49;1.99;02.05.2025;1.99;3856021223594;Hrana
SLA.PISTAC.S ÈOK. DESPAR 500 g;368057;Despar;0.5000;kg;3.99;7.98;;;02.05.2025;3.99;8001300670759;Hrana
SLAD.LJE©. BACIO DESPAR 500 g;368058;Despar;0.5000;kg;3.99;7.98;;;02.05.2025;3.99;8001300670742;Hrana
©EÆER SPAR KRISTAL 50/1 250 g;368059;SPAR;0.2500;kg;1.49;5.96;;;02.05.2025;1.49;9100000986012;Hrana
Pangasius prugasti filet;368064;;1.0000;kg;9.99;9.99;;;02.05.2025;8.49;93856024301797;Hrana
INSTANT KAVA NES.GOLD 190+20 g;368068;Nescafe;0.2100;kg;13.49;64.24;;;02.05.2025;13.49;8445290585103;Piæa
DEO SPRAY NIVEA FRESH 150 ml;368086;Nivea;0.1500;l;4.99;33.27;;;02.05.2025;4.99;9005800365732;Kozmetika
DEO ROLL ON NIVEA FRESH 50 ml;368087;Nivea;0.0500;l;4.99;99.80;;;02.05.2025;4.99;9005800366449;Kozmetika
DEO SPRAY NIVEA FRESH 150 ml;368089;Nivea;0.1500;l;4.99;33.27;;;02.05.2025;4.99;9005800365749;Kozmetika
TONIK NIVEA DERMA 200 ml;368090;Nivea;0.2000;l;7.89;39.45;;;02.05.2025;7.89;9005800361536;Kozmetika
PJENA NIVEA DERMA 150 ml;368091;Nivea;0.1500;l;7.89;52.60;;;02.05.2025;7.89;9005800361529;Kozmetika
VINA KOPER ROSE 0,75 L;368093;;0.7500;l;9.29;12.39;;;02.05.2025;9.29;3830000700139;Piæa
PIVO PAN ZLATNI 6X0,5 L;368115;Pan;3.0000;L;7.47;2.49;;;02.05.2025;6.87;3858887583454;Piæa
PIVO PAN LAGER 6X0,5 L;368118;Pan;3.0000;L;7.47;2.49;;;02.05.2025;6.87;3858887581993;Piæa
PIVO CARLSBERG 0,4 L P.A.;368125;Carlsberg;0.4000;L;1.05;2.63;;;02.05.2025;1.05;8600331002203;Piæa
TONIC THOMAS HENRY MYS.MA.0,2L;368128;;0.2000;L;2.29;11.45;;;02.05.2025;2.29;4251760800102;Piæa
TONIC THOM.HEN.PINK GRA.0,75 L;368135;;0.7500;L;5.02;6.69;;;02.05.2025;5.02;4251760801994;Piæa
SIR ®IGLJEN SIRAN.GLIGOR.190 g;368140;;0.1900;kg;4.99;26.26;;;02.05.2025;4.99;3858891773810;Hrana
KAVA COSTA CREMA 1 kg;368144;Costa;1.0000;kg;19.99;19.99;;;02.05.2025;19.99;5012547003210;Piæa
SIR MLAD.TRAPIST GLIGORA 190 g;368145;;0.2250;kg;3.89;17.29;;;02.05.2025;3.89;3858891773865;Hrana
SIR KOLAN DIMLJ. GLIGORA 190 g;368149;;0.1900;kg;5.59;29.42;;;02.05.2025;5.59;3858891773919;Hrana
SIR JADRANSKI GLIGORA 190 g;368150;;0.1900;kg;5.59;29.42;;;02.05.2025;5.59;3858891773872;Hrana
SIR TE®AÈKI GLIGORA 190 g;368152;;0.1900;kg;4.19;22.05;;;02.05.2025;4.19;3858891773834;Hrana
SIR DINARSKI SIR.GLIGORA 190 g;368153;;0.1900;kg;5.49;28.89;;;02.05.2025;5.49;3858891773841;Hrana
SIR KOZLAR SIRANA GLIGOR.190 g;368155;;0.1900;kg;6.29;33.11;;;02.05.2025;6.29;3858891773858;Hrana
Svinjska leða s kosti HR;368157;SPAR Qualitätsmarke;1.0000;kg;4.29;4.29;;3.99;02.05.2025;3.99;3859892958732;Hrana
SIR TRAPIST KOLAN GLIGOR.190 g;368158;;0.1900;kg;4.59;24.16;;;02.05.2025;4.59;3858891773827;Hrana
ÈET.ZA ZUBE SIGNAL CLEAN 2 kom;368159;Signal;2.0000;kom;3.75;1.88;;;02.05.2025;3.75;8720181275401;Kozmetika
ÈET.ZA ZUBE SIGNAL ACT. 4 kom;368160;Signal;4.0000;kom;6.49;1.62;;;02.05.2025;6.49;8720181239311;Kozmetika
ZUB.PASTA SIGNAL WHITE 75 ml;368161;Signal;0.0750;l;4.29;57.20;;;02.05.2025;4.29;8720181327162;Kozmetika
DEO SPRAY DOVE M. FRESH 150 ml;368163;Dove;0.1500;l;5.20;34.67;;;02.05.2025;5.20;8720181284922;Kozmetika
DEO SPRAY DOVE W SOFT 150 ml;368165;Dove;0.1500;l;5.20;34.67;;;02.05.2025;5.20;8720181291852;Kozmetika
ÈOKOLADNA KRA© TORTICA 50 g;368180;Kra¹;0.0500;kg;;13.80;0.69;0.95;02.05.2025;0.95;3850102005086;Hrana
RAKIJA ZVEÈ.VOÆ.©LJIVA 0,35 L;368199;Zvecevo;0.3500;L;7.02;20.06;;;02.05.2025;7.02;3858894170142;Piæa
DET.WEISSER RIESE UNIV.4,5 L;368200;Weisser Riese;4.5000;l;23.99;5.33;;;02.05.2025;23.99;9000101564426;Sredstva za èi¹æenje
BOM.GUM.HARIBO MIX FIZZ 100 g;368215;Haribo;0.1000;kg;1.59;15.90;;;02.05.2025;1.59;9002975331579;Hrana
BOJA PALETTE ICC 7-77;368217;Palette;1.0000;kom;;3.49;3.49;4.25;02.05.2025;4.25;9000101706321;Kozmetika
BOMB.MENTHOPLUS VI©NJA 27,2 g;368250;;0.0272;kg;0.99;36.40;;;02.05.2025;0.99;77944405;Hrana
SPARKLING SPRI.J.P.CH. 0,75 L;368256;J.P.Chenet;0.7500;L;8.02;10.69;;;02.05.2025;8.02;3500610156267;Piæa
BOMB.MENTHOPLUS JABUKA 28 g;368259;;0.0280;kg;0.99;35.36;;;02.05.2025;0.99;77952455;Hrana
TUNA SAL.RIO MARE MEX.3X160 g;368264;Rio Mare;0.4800;kg;12.69;26.44;;;02.05.2025;12.69;8004030347120;Hrana
ÈAJ ENGLISH TEA SHOP SH.L.30 g;368276;;0.0300;kg;4.39;146.33;;;02.05.2025;4.39;0680275029137;Piæa
ÈAJ ENGLISH TEA SHOP PE.P. 30g;368279;;0.0300;kg;4.39;146.33;;;02.05.2025;4.39;0680275029243;Piæa
ÈAJ ENG.TEA SHOP SUP.BER. 40 g;368280;;0.0400;kg;4.39;109.75;;;02.05.2025;4.39;0680275029236;Piæa
VINO TERAN KRAVATA 0,75 L;368287;;0.7500;L;10.18;13.57;;;02.05.2025;10.18;3859889132565;Piæa
PATRONE GILLETTE MACH 3 5/1;368315;Gillette;5.0000;kom;21.99;4.40;;;02.05.2025;21.99;7702018552344;Kozmetika
FLIPS LORENZ CLASSIC 120 g;368322;Lorenz;0.1200;kg;;14.08;1.69;2.29;02.05.2025;2.29;4018077006654;Hrana
SRE.ZA ÈI©Æ.PEÆNICE K2R 500 ml;368339;K2R;0.5000;L;3.99;7.98;;;02.05.2025;3.99;9000101552126;Sredstva za èi¹æenje
©TAPIÆI CHIO 190 g;368340;Chio;0.1900;kg;1.99;10.47;;;02.05.2025;1.99;5996253001541;Hrana
INDIJSKI ORA©.U ÈOKO.NP.80 g;368342;Natur pur;0.0800;kg;2.49;31.13;;;02.05.2025;2.49;9100000978772;Hrana
INDIJSKI ORA©.MALINA NP.80 g;368367;Natur pur;0.0800;kg;2.49;31.13;;;02.05.2025;2.49;9100000978802;Hrana
ENER.PIÆE HELL BL.CHERR.0,25 L;368384;;0.2500;L;1.02;4.08;;;02.05.2025;1.02;5999571051434;Piæa
EN.PIÆE HELL ZE.RED CUR.0,25 L;368385;;0.2500;L;1.02;4.08;;;02.05.2025;1.02;5999571050659;Piæa
JUICY KIDS JAGODA KIVI 0,33 L;368395;Juicy;0.3300;L;1.42;4.30;;;02.05.2025;1.42;3858890974164;Piæa
SARDINA EVA BILJNO ULJE 100 g;368404;Eva;0.0700;kg;1.59;22.71;;;02.05.2025;1.59;3856020262525;Hrana
®ITAR.ZA DOR.ÈOKOLE©NIK 950 g;368419;;0.9500;kg;7.99;8.41;;;02.05.2025;7.99;3856020262204;Hrana
VEGAN.BURGER SPAR VEGGIE 226 g;368445;SPAR Veggie;0.2260;kg;3.49;15.44;;;02.05.2025;2.96;9100000983011;Hrana
MEXICO MIX BONDUELLE 150 g;368450;Bonduelle;0.1300;kg;2.19;16.85;;;02.05.2025;2.19;3083681155303;Hrana
MAÈJA HRANA GOURMET GOVED.85 g;368467;Gourmet;0.0850;kg;0.99;11.65;;;02.05.2025;0.99;7613038042039;Proizvodi za kuæanstvo
MAÈJA HRANA GOURMET PILET.85 g;368468;Gourmet;0.0850;kg;0.99;11.65;;;02.05.2025;0.99;7613038059853;Proizvodi za kuæanstvo
MAÈJA HRANA GOURMET PURET.85 g;368469;Gourmet;0.0850;kg;0.99;11.65;;;02.05.2025;0.99;7613038056036;Proizvodi za kuæanstvo
MAÈJA HRANA GOURMET PIL.4X85 g;368470;Gourmet;0.3400;kg;3.19;9.38;;;02.05.2025;3.99;7613038055350;Proizvodi za kuæanstvo
JU.TEKUÆA BUNDEVA PODRA.500 ml;368471;Podravka;0.5000;l;2.29;4.58;;;02.05.2025;2.29;3856020264666;Hrana
JUHA TEKUÆA GLJIVE PODR.500 ml;368472;Podravka;0.5000;l;2.79;5.58;;;02.05.2025;2.79;3856020264697;Hrana
KA©ICA GERBER BAT.BUND.190 g;368473;;0.1900;kg;2.49;13.11;;;02.05.2025;2.49;7613038813196;Hrana
JU.TEKUÆA RAJÈICA PODR.500 ml;368474;Podravka;0.5000;l;2.29;4.58;;;02.05.2025;2.29;3856020264727;Hrana
KA©ICA GERBER BAT.POVR.190 g;368475;;0.1900;kg;2.49;13.11;;;02.05.2025;2.49;7613036986458;Hrana
JUHA TEKUÆA POVRTNA POD.500 ml;368476;Podravka;0.5000;l;2.29;4.58;;;02.05.2025;2.29;3856020264758;Hrana
KA©ICA GERBER MRK.PUR.190 g;368477;;0.1900;kg;2.59;13.63;;;02.05.2025;2.59;7613038557045;Hrana
KA©ICA GERBER POVR.TEL.190 g;368478;;0.1900;kg;2.59;13.63;;;02.05.2025;2.59;7613039018484;Hrana
KA©ICA GERBER JAB.BRE.125 g;368479;;0.1250;kg;1.59;12.72;;;02.05.2025;1.59;7613036047517;Hrana
VOÆNI PIRE GERBER KRU©KA 80 g;368480;;0.0800;kg;1.29;16.13;;;02.05.2025;1.29;8445290167170;Hrana
NAMAZ BATAT JEDNOBOJNI 250 g;368484;BATELA;0.2500;kg;4.49;17.96;;;02.05.2025;4.49;3859893981227;Hrana
NAMAZ BATAT DVOBOJNI 250 g;368485;BATELA;0.2500;kg;4.49;17.96;;;02.05.2025;4.49;3859893981234;Hrana
BRA©NO MJE©AV.BAUCK.BG.200 g;368486;;0.2000;kg;2.99;14.95;;;02.05.2025;2.99;4015637826554;Hrana
MUESLI ZOBENI BAUCK.B.G.425 g;368487;;0.4250;kg;3.99;9.39;;;02.05.2025;3.99;4015637018775;Hrana
JUHA GOVEÐA PODRAVKA 3x65 g;368488;Podravka;0.1950;kg;2.49;12.77;;;02.05.2025;2.49;3856020236410;Hrana
SOK SPAR KRU©KA 100% 1L;368493;SPAR;1.0000;L;2.49;2.49;;;02.05.2025;2.49;9100000764412;Piæa
®IT.NESTLE ÈOKOL.LOPTICE 225 g;368504;Nestle;0.2250;kg;3.19;14.18;;;02.05.2025;3.05;5900020042255;Hrana
®ITARICE NESTLE CHOCAPIC 250 g;368508;Nestle;0.2500;kg;3.19;12.76;;;02.05.2025;3.05;5900020000958;Hrana
TAGLIATELLE BARILLA B.G.300 g;368509;;0.3000;kg;4.65;15.50;;;02.05.2025;4.65;8076809571586;Hrana
HRENOVKA PREMIUM 200 g HISTRIS;368510;Histris;0.2000;kg;2.99;14.95;;;02.05.2025;2.99;3859893167904;Hrana
JOG.VOÆ.MIX Z´BREGOV 400 g;368511;Vindija;0.4000;kg;1.49;3.73;;;02.05.2025;1.49;3850108037975;Hrana
KA©ICA HIPP JABUKA BOROV.160 g;368516;Hipp;0.1600;kg;1.79;11.19;;;02.05.2025;1.80;4062300441484;Hrana
KA©ICA HIPP KRU.©LJI.®IT.160 g;368517;Hipp;0.1600;kg;1.79;11.19;;;02.05.2025;1.79;4062300441422;Hrana
KA©ICA HIPP JAG.BRE.GRIZ 160 g;368518;Hipp;0.1600;kg;1.79;11.19;;;02.05.2025;1.79;4062300441392;Hrana
KA©ICA HIPP KRU©.©LJIVA 160 g;368519;Hipp;0.1600;kg;1.79;11.19;;;02.05.2025;1.80;4062300441170;Hrana
KA©ICA HIPP JABU.MALINA 160 g;368520;Hipp;0.1600;kg;1.79;11.19;;;02.05.2025;1.80;4062300441514;Hrana
KA©ICA HIPP LEÆA RI®.GRA.190 g;368521;Hipp;0.1900;kg;1.99;10.47;;;02.05.2025;2.00;4062300455887;Hrana
KA©ICA HIPP POVRÆE BATAT 220 g;368522;Hipp;0.2200;kg;2.05;9.32;;;02.05.2025;2.05;4062300439948;Hrana
KA©ICA HIPP SPAG.RAJÈ.250 g;368523;Hipp;0.2500;kg;2.25;9.00;;;02.05.2025;2.25;4062300439665;Hrana
RIBICE BOBI SLANE 200 g;368524;Bobi;0.2000;kg;1.79;8.95;;;02.05.2025;1.79;3858891590240;Hrana
SMOOTHIE HIPPIS ZOB JAB.120 g;368525;Hipp;0.1200;kg;1.75;14.58;;;02.05.2025;1.75;4062300437074;Hrana
SMOOTHIE HIPPIS ZOB BRES.120 g;368526;Hipp;0.1200;kg;1.75;14.58;;;02.05.2025;1.75;4062300437036;Hrana
®VAKAÆ GUMA ZUMBIEZZ 20 g;368528;;0.0200;kg;0.46;23.00;;;02.05.2025;0.46;7898633980881;Hrana
KOB. NOSTALGIÈNA 330 g PIVAC;368530;Pivac;0.3300;kg;5.99;18.15;;;02.05.2025;5.99;3858884998145;Hrana
BOMBONI S BUDGET MIX 800 g ;368535;S-Budget;0.8000;kg;3.59;4.49;;;02.05.2025;3.59;8033954551184;Hrana
VAFEL ÈOK.ROL.ML.S BUD.200 g;368541;S-Budget;0.2000;kg;2.99;14.95;;;02.05.2025;2.99;9100000985213;Hrana
PA©TETA ARGETA LOVAÈKA 95 g;368542;Argeta;0.0950;kg;1.39;14.63;;;02.05.2025;1.39;3838471043977;Hrana
RIBICE CHIO SEZAM 80 g;368544;Chio;0.0800;kg;1.29;16.13;;;02.05.2025;1.29;5996253001237;Hrana
TEK.POSLAS.ZA MAÈKE WANPY 90 g;368545;;0.0900;kg;2.19;24.33;;;02.05.2025;2.19;6927749871545;Proizvodi za kuæanstvo
BOMB.GUM.HARIBO SUP.MARIO 85 g;368546;Haribo;0.0850;kg;1.19;14.00;;;02.05.2025;1.19;4001686376089;Hrana
SORBET LIMUN KADULJ.CRO.500 ml;368547;;0.5000;L;7.49;14.98;;;02.05.2025;7.49;3859894052148;Hrana
KREM SLAD.PINA CO.CROCC.500 ml;368548;;0.5000;L;7.99;15.98;;;02.05.2025;7.99;3859894052186;Hrana
KREM SLAD.CHEESCA.CROCC.500 ml;368549;;0.5000;L;7.99;15.98;;;02.05.2025;7.99;3859894052162;Hrana
TEK.POSLAS.ZA MAÈKE WANPY 90 g;368550;;0.0900;kg;2.19;24.33;;;02.05.2025;2.19;6927749871538;Proizvodi za kuæanstvo
TEK.POSLAS.ZA PSE WANPY 90 g;368551;;0.0900;kg;2.49;27.67;;;02.05.2025;2.49;6927749870227;Proizvodi za kuæanstvo
TEK.POSLAS.ZA PSE WANPY 90 g;368552;;0.0900;kg;2.49;27.67;;;02.05.2025;2.49;6927749870210;Proizvodi za kuæanstvo
HRENOVKE WUDY KLASIK 1 kg;368574;Wudy;1.0000;kg;2.69;2.69;;;02.05.2025;2.69;8008110037369;Hrana
HRENOVKE HOT DOG PAVO 1 kg;368579;Pavo;1.0000;kg;2.69;2.69;;;02.05.2025;2.19;8008110037277;Hrana
BRESAOLA NAREZAK 80 g;368585;Montorsi;0.0800;kg;5.39;67.38;;;02.05.2025;5.39;8005153010076;Hrana
TUNA PA©TETA LINO 95 g;368590;Lino;0.0950;kg;1.89;19.89;;;02.05.2025;1.89;3856020260460;Hrana
PA©TETA PILEÆA LINO 95 g;368591;Lino;0.0950;kg;1.49;15.68;;;02.05.2025;1.49;3856020260439;Hrana
TUNA PA©TETA GAVRIL.3X100 g;368595;Gavrilovic;0.3000;kg;4.99;16.63;;;02.05.2025;4.99;3858892725320;Hrana
ÈOK.MIKADO 72% NARANÈA 100 g;368602;Mikado;0.1000;kg;2.19;21.90;;;02.05.2025;2.19;3858881061750;Hrana
LASAG.S TIKVICAMA&PROV.350 g;368608;Rana;0.3500;kg;3.49;9.97;;;02.05.2025;3.49;8001665723732;Hrana
LASAGNE BOLOGNESE RANA 350 g;368609;Rana;0.3500;kg;3.49;9.97;;;02.05.2025;3.49;8001665127684;Hrana
ÈOK.PR.KROKANT MIKADO 100 g;368616;Zvecevo;0.1000;kg;1.89;18.90;;;02.05.2025;1.89;3858881061330;Hrana
ÈOK.PR.PISTACIO MIKADO 100 g ;368618;Zvecevo;0.1000;kg;1.89;18.90;;;02.05.2025;1.89;3858881061125;Hrana
PECIVO  BURGER RUSTICO 300 g;368619;;0.3000;kg;1.99;6.63;;;02.05.2025;1.99;8410087366166;Hrana
DET.ZA SUÐE S BUDGET 2 L;368621;S-Budget;2.0000;L;1.99;1.00;;;02.05.2025;1.99;8056149087466;Sredstva za èi¹æenje
PECIVO  HOT DOG RUSTICO 330 g;368624;;0.3300;kg;1.99;6.03;;;02.05.2025;1.99;8410087402383;Hrana
BOMB.MAMBA TROPICS 106 g;368625;Mamba;0.1060;kg;1.25;11.79;;;02.05.2025;1.25;4014400933581;Hrana
BRUSNICA  S BUDGET 200 g;368626;S-Budget;0.2000;kg;2.25;11.25;;;02.05.2025;2.25;9100000830513;Hrana
CINZANO TO SPRITZ 0,75 L;368627;Cinzano;0.7500;L;7.99;10.65;;;02.05.2025;7.52;8000020107057;Piæa
SVJ.RUÈNO VUÈE.TIJE.SPAR 500 g;368660;SPAR Qualitätsmarke;0.5000;kg;2.19;4.38;;;02.05.2025;2.19;3856021224102;Hrana
FLIPS SMOKI 80 g;368661;Smoki;0.0800;kg;0.89;11.13;;;02.05.2025;0.89;8600939508190;Hrana
DET.ARIEL COLOR 1,1 kg;368663;Ariel;1.1000;kg;9.79;8.90;;;02.05.2025;9.79;8006540940259;Sredstva za èi¹æenje
DET.ARIEL MOUNTA.SPRING 1,1 kg;368664;Ariel;1.1000;kg;9.79;8.90;;;02.05.2025;9.79;8006540940334;Sredstva za èi¹æenje
DET.ARIEL COLOR 1,98 kg;368666;Ariel;1.9800;kg;;6.06;11.99;13.99;02.05.2025;13.99;8006540940099;Sredstva za èi¹æenje
DET.ARIEL COLOR 3,3 kg;368669;Ariel;3.3000;kg;18.99;5.75;;16.49;02.05.2025;18.99;8006540940433;Sredstva za èi¹æenje
DET.ARIEL COLOR 1 L;368671;Ariel;1.0000;l;;8.99;8.99;9.79;02.05.2025;9.79;8006540869727;Sredstva za èi¹æenje
DET.ARIEL CARE 1,7 L;368672;Ariel;1.7000;l;;7.05;11.99;13.99;02.05.2025;13.99;8006540878989;Sredstva za èi¹æenje
DET.ARIEL MOUNTAI.SPRING 3,5 L;368674;Ariel;3.5000;l;18.99;5.43;;16.49;02.05.2025;18.99;8006540869482;Sredstva za èi¹æenje
OME.SILAN MAGNOLIA 2,772 L;368676;Silan;2.7720;l;5.99;2.16;;5.99;02.05.2025;5.99;9000101581508;Sredstva za èi¹æenje
OME.SILAN COOL FRESH 2,772 L;368677;Silan;2.7720;l;5.99;2.16;;5.99;02.05.2025;5.99;9000101582475;Sredstva za èi¹æenje
DET.ARIEL M.SPRING 1,98 kg;368680;Ariel;1.9800;kg;;6.06;11.99;13.99;02.05.2025;13.99;8006540940204;Sredstva za èi¹æenje
SIR ZRNATI MEGGLE NATUR 180 g;368681;Meggle;0.1800;kg;1.69;9.39;;;02.05.2025;1.69;8594007096033;Hrana
DET.ARIEL SENSITIVE 0,85 L;368682;Ariel;0.8500;l;;10.58;8.99;9.79;02.05.2025;9.79;8006540874882;Sredstva za èi¹æenje
OME.SILAN FRESH SKY 2,86 L;368686;Silan;2.8600;l;5.99;2.09;;5.99;02.05.2025;5.99;9000101581256;Sredstva za èi¹æenje
OME.SILAN SENSITIVE 2,86 L;368687;Silan;2.8600;l;5.99;2.09;;5.99;02.05.2025;5.99;9000101590128;Sredstva za èi¹æenje
SRE.SPLENDID ULTRAPOWER 750 ml;368706;Splendid;0.7500;L;1.99;2.65;;;02.05.2025;1.99;3856021224300;Sredstva za èi¹æenje
SIR CAPRODUR 280 g;368720;;0.2800;kg;8.99;32.11;;;02.05.2025;8.99;3850108052848;Hrana
SIR BOVIDUR 280 g;368721;;0.2800;kg;6.49;23.18;;;02.05.2025;6.49;3850108052824;Hrana
SIR OVIDUR 280 g;368725;;0.2800;kg;8.79;31.39;;;02.05.2025;8.79;3850108052855;Hrana
DET.TETA VIOLETA BLACK 1,8 L;368726;Violeta;1.8000;L;4.64;2.58;;4.45;02.05.2025;4.45;3870128035393;Sredstva za èi¹æenje
SIR ORODUR 280 g;368727;;0.2800;kg;7.99;28.54;;;02.05.2025;7.99;3850108052893;Hrana
DET.TETA VIOLETA COLOR 1,8 L;368728;Teta Violeta;1.8000;L;4.64;2.58;;4.45;02.05.2025;4.45;3870128035362;Sredstva za èi¹æenje
UMAK TARTAR ZVIJEZDA 260 g;368729;Zvijezda;0.2600;kg;1.99;7.65;;;02.05.2025;1.99;3856015328441;Hrana
VL.TOAL.PAPIR VIOLETA 100/1;368730;Violeta;100.0000;kom;2.79;0.03;;;02.05.2025;2.79;3870128031326;Toaletne potrep¹tine
VL.MAR.VIOLETA 51/1;368731;Violeta;51.0000;kom;1.29;0.03;;;02.05.2025;1.29;3870128036512;Toaletne potrep¹tine
PIZZA FELIC.4 VRSTE SIRA 325 g;368742;Dr. Oetker;0.3250;kg;4.29;13.20;;;02.05.2025;4.29;5900437007137;Hrana
PIZZA FELIC.SALAMI CHOR. 320 g;368743;Dr. Oetker;0.3200;kg;4.29;13.41;;;02.05.2025;4.29;5900437007151;Hrana
PIZZA FELIC.PR©UT I PEST.360 g;368746;Dr. Oetker;0.3600;kg;4.29;11.92;;;02.05.2025;4.29;5900437007113;Hrana
PEL.PRETTY BABY MIDI 56/1;368749;Pretty Baby;56.0000;kom;6.79;0.12;;;02.05.2025;6.79;9100000980867;Toaletne potrep¹tine
PEL.PRETTY BABY MAXI 50/1;368751;Pretty Baby;50.0000;kom;6.75;0.14;;;02.05.2025;6.75;9100000980836;Toaletne potrep¹tine
PEL.PRETTY BABY XL 38/1;368752;Pretty Baby;38.0000;kom;8.49;0.22;;;02.05.2025;8.49;9100000980904;Toaletne potrep¹tine
PEL.PRETTY BABY JUNIOR 40/1;368753;Pretty Baby;40.0000;kom;7.49;0.19;;;02.05.2025;7.49;9100000980805;Toaletne potrep¹tine
PEL.PRETTY BABY MINI 64/1;368755;Pretty Baby;64.0000;kom;7.99;0.12;;;02.05.2025;7.99;9100000980881;Toaletne potrep¹tine
MLJEVENO POP 250 g;368757;Pik;0.2500;kg;4.49;17.96;;;02.05.2025;4.49;3850139522808;Hrana
RAMA PB S MASLIN.ULJE.200 g;368761;Rama;0.2000;kg;2.19;10.95;;;02.05.2025;2.19;8719200252950;Hrana
UL.ALWAYS FRESH DNEVNI 52/1;368796;Always;52.0000;kom;3.29;0.06;;;02.05.2025;3.29;8006540791394;Toaletne potrep¹tine
ZIMSKA SAL.CLASS.KOMETA 400 g ;368812;KOMETA;0.4000;kg;5.79;14.48;;;02.05.2025;5.79;5998002053924;Hrana
ULO.ALWAYS NIGHT QUATTRO 28/1;368826;Always;28.0000;kom;4.95;0.18;;;02.05.2025;4.95;4015400489764;Toaletne potrep¹tine
BOMB.BAZOOKA JUICY DIPPER.96 g;368829;Bazooka;0.0960;kg;4.39;45.73;;;02.05.2025;4.39;5011053025891;Hrana
ULO.ALWAYS UL.SU.PL.QUATR.32/1;368833;Always;32.0000;KOM;4.95;0.15;;;02.05.2025;4.95;4015400095132;Toaletne potrep¹tine
ULO.ALWAYS ULTRA NIGHT 22/1;368837;Always;22.0000;kom;5.16;0.23;;;02.05.2025;5.16;8001841913919;Toaletne potrep¹tine
POSEBNA PILEÆA KOB.300 g CEKIN;368839;Cekin;0.3000;kg;1.59;5.30;;;02.05.2025;1.49;3850159125164;Hrana
POSEB.PIL.SA SIROM 300 g CEKIN;368840;Cekin;0.3000;kg;1.69;5.63;;;02.05.2025;1.49;3850159125171;Hrana
DET.ECOVER UNIVERZALNI 1 L ;368841;Ecover;1.0000;l;8.79;8.79;;;02.05.2025;8.79;5000204246520;Sredstva za èi¹æenje
DET.ECOVER ZA OBOJANO RUB.1 L ;368842;Ecover;1.0000;l;8.79;8.79;;;02.05.2025;8.79;5000204246643;Sredstva za èi¹æenje
DET.ECOVER ZA OSJETLJIV.750 ml;368843;Ecover;0.7500;l;7.19;9.59;;;02.05.2025;7.19;5000204246766;Sredstva za èi¹æenje
OME.ECOVER GARD.&VANIL.750 ml ;368844;Ecover;0.7500;l;3.29;4.39;;;02.05.2025;3.29;5000204247121;Sredstva za èi¹æenje
OME.ECOVER JABUK.&BADEM 750 ml;368845;Ecover;0.7500;l;3.29;4.39;;;02.05.2025;3.29;5000204247008;Sredstva za èi¹æenje
DET.ECOVER LIMUN.&ALOE.450 ml;368846;Ecover;0.4500;l;2.49;5.53;;;02.05.2025;2.49;5000204246070;Sredstva za èi¹æenje
DET.ECOVER KAMIL.&KLEME.450 ml;368847;Ecover;0.4500;l;2.39;5.31;;;02.05.2025;2.39;5000204246223;Sredstva za èi¹æenje
TAB.ECOVER CLASSIC 25/1;368848;Ecover;25.0000;kom;12.09;0.48;;;02.05.2025;12.09;5000204254761;Sredstva za èi¹æenje
TAB.ECOVER ALL IN ONE 22/1;368850;Ecover;22.0000;kom;12.09;0.55;;;02.05.2025;12.09;5000204254822;Sredstva za èi¹æenje
SRE.ECOVER VI©ENAMJENS.500 ml ;368851;Ecover;0.5000;l;5.29;10.58;;;02.05.2025;5.29;5000204255454;Sredstva za èi¹æenje
Kruh Fini polubijeli 350 g;368852;Bäckerei SPAR;0.3500;kg;0.59;1.69;;;02.05.2025;0.59;;Hrana
©AM.JOHNSON BABY NATUR 395 ml ;368856;Johnson's;0.3950;l;6.79;17.19;;;02.05.2025;5.05;3574661709352;Kozmetika
KRPICE TO.TO SOFT 60/1;368858;To.To;60.0000;KOM;6.99;0.12;;;02.05.2025;6.99;3838985898681;Toaletne potrep¹tine
TAB.FROSCH LIMETA 30/1;368860;Frosch;30.0000;kom;8.49;0.28;;;02.05.2025;8.49;4001499963339;Sredstva za èi¹æenje
TJES.SCOTTI VENERE PENNE 400 g;368861;Scotti;0.4000;kg;3.29;8.23;;;02.05.2025;3.29;8001860184819;Hrana
TJ.SCOTTI VENERE FUSILLI 400 g;368862;Scotti;0.4000;kg;3.29;8.23;;;02.05.2025;3.29;8001860184833;Hrana
TJ.SCOTTI VENE.SPAGHETTI 400 g;368863;Scotti;0.4000;kg;3.29;8.23;;;02.05.2025;3.29;8001860185144;Hrana
TJE.DE CECCO ORECCHIETTE 500 g;368867;De Cecco;0.5000;kg;3.39;6.78;;;02.05.2025;3.39;8001250120915;Hrana
©AMPON PRECIOUS ARGAN  500 ml;368868;;0.5000;l;4.99;9.98;;;02.05.2025;4.99;4260379939172;Kozmetika
REGEN.PRECIUOS ARAGAN 500  ml;368869;;0.5000;l;4.99;9.98;;;02.05.2025;4.99;4260379939219;Kozmetika
MASKA PRECIOUS ARGAN   250 ml;368870;;0.2500;l;4.99;19.96;;;02.05.2025;4.99;4260728418297;Kozmetika
TJE.SCOTTI VENE.RIGATONI 400 g;368872;Scotti;0.4000;kg;3.29;8.23;;;02.05.2025;3.29;8001860184796;Hrana
KREMA MELEM ZA RUKE CICA 50 ml;368876;Melem;0.0500;l;3.30;66.00;;;02.05.2025;3.30;3856007910906;Kozmetika
KREMA MELEM  ZA RUKE  50 ml;368878;Melem;0.0500;l;3.30;66.00;;;02.05.2025;3.30;3856007910913;Kozmetika
NAMAZ LINO LADA MILK POD.160 g;368879;Podravka;0.1600;kg;2.09;13.06;;;02.05.2025;2.06;3856020265106;Hrana
ZUB.PASTA SENSODY.COM.PR.75 ml;368885;Sensodyne;0.0750;l;7.49;99.87;;;02.05.2025;5.59;5054563119773;Kozmetika
JUHA ABECEDA PILEÆA PODRA.60 g;368900;Podravka;0.0600;kg;0.99;16.50;;;02.05.2025;0.99;3856020261634;Hrana
©AM.BOTANIC THER. MAGN.400 ml;368915;Bothanic therapy;0.4000;L;4.49;11.23;;;02.05.2025;4.49;3600542512374;Kozmetika
REG.BOTANIC THERAPY MAG 200 ml;368916;Bothanic therapy;0.2000;L;3.59;17.95;;;02.05.2025;3.59;3600542512268;Kozmetika
MASKA BOTANIC THE. MAG.340 ml ;368917;Bothanic therapy;0.3400;L;6.29;18.50;;;02.05.2025;6.29;3600542510349;Kozmetika
MAS.LICE GARNIER CRYO JELLY ;368918;Garnier;1.0000;kom;3.49;3.49;;;02.05.2025;3.49;3600542500586;Kozmetika
MAS. GARNIER ZA OÈI CRY JELLY ;368919;Garnier;1.0000;kom;2.99;2.99;;;02.05.2025;2.99;3600542500517;Kozmetika
VINO ROSE CLASS.TIKVE© 0,75 L;368920;Tikves;0.7500;L;5.29;7.05;;;02.05.2025;5.29;5310008005750;Piæa
KREMA GARNIER  VITAMIN C 15 ml;368921;Garnier;0.0150;l;7.99;532.67;;;02.05.2025;7.99;3600542514149;Kozmetika
VINO GRA©EVINA CLA.TIK. 0,75 L;368922;Tikves;0.7500;L;5.29;7.05;;;02.05.2025;5.29;5310008006283;Piæa
REG.FRU.HAIR FOOD ANAN. 350 ml;368923;Garnier;0.3500;L;5.19;14.83;;;02.05.2025;5.19;3600542528177;Kozmetika
INST.KAVA NESCAFE GOLD 2x190 g;368924;Nescafe;0.3800;kg;19.99;52.61;;;02.05.2025;19.99;8445290820662;Piæa
©AM.FR.HAIR FOOD ANANAS 350 ml;368925;Garnier;0.3500;L;5.19;14.83;;;02.05.2025;5.19;3600542528160;Kozmetika
MASKA FRUCTIS ANANAS 390 ml;368926;Garnier;0.3900;l;7.49;19.21;;;02.05.2025;7.49;3600542500364;Kozmetika
©A.GARNIER FRUCTIS OIL 250 ml;368927;Garnier;0.2500;L;3.39;13.56;;;02.05.2025;3.39;3600542514279;Kozmetika
ÈET.ORAL B SENSITIVE;368930;Oral B;1.0000;kom;3.49;3.49;;;02.05.2025;3.49;3014260101503;Kozmetika
KREMA BAD ZA UÈVR©È.ZUBI 47 g;368932;Blend a dent;1.0000;kom;4.49;4.49;;;02.05.2025;4.49;8001841900612;Kozmetika
HAVANA CLUB COLA 0,33 L;368940;Urban;0.3300;L;3.12;9.45;;;02.05.2025;3.12;4005971394307;Piæa
DEO SPR.OLD SPICE WHI.250 ml;368941;Old Spice;0.2500;l;5.97;23.88;;;02.05.2025;5.97;8700216875677;Kozmetika
MALIBU COLA 0,25 L;368942;Urban;0.2500;L;2.82;11.28;;;02.05.2025;2.82;5012461002566;Piæa
VANILIN ©EÆER PODR.DOLCELA 8 g;368943;Dolcela;0.0080;kg;0.20;25.00;;;02.05.2025;0.20;3856020258511;Hrana
DEO ST.OLD SPICE CAPTAIN 85 ml;368944;Old Spice;0.0850;l;5.97;70.24;;;02.05.2025;5.97;8700216879866;Kozmetika
VINO KUNÈIÆ SAUVIGNON 0,75 L;368945;;0.7500;L;12.12;16.16;;;02.05.2025;12.12;3857500065759;Piæa
VANILIN ©EÆER PODRA.8 g (5+1);368946;Dolcela;0.0480;kg;0.99;20.63;;;02.05.2025;0.99;3856020258726;Hrana
SMIRNOFF ICE RED 0,25 L;368947;;0.2500;L;3.85;15.40;;;02.05.2025;3.85;5410316997980;Piæa
GEL TU©.OLD SPICE WHITE.675 ml;368948;Old Spice;0.6750;l;5.97;8.84;;;02.05.2025;5.97;8006540280195;Kozmetika
TOST INTEGRALNI 460 g;368949;;0.4600;kg;1.72;3.74;;;02.05.2025;1.72;8410087414874;Hrana
VINO MERLOT ZIGAN.TART. 0,75 L;368951;;0.7500;L;17.02;22.69;;;02.05.2025;17.02;3858891981253;Piæa
TOST KRUH  460 g;368952;;0.4600;kg;1.59;3.46;;;02.05.2025;1.59;8410087414881;Hrana
VINO CAVES D´ESCLANS 0,75 L;368954;;0.7500;L;12.29;16.39;;;02.05.2025;12.29;3666140029423;Piæa
GEL TU©.OLD SPICE CAP. 675 ml;368956;Old Spice;0.6750;l;5.97;8.84;;;02.05.2025;5.97;8006540280140;Kozmetika
GEL TU©.OLD SPICE WHITE.400 ml;368957;Old Spice;0.4000;l;;7.70;3.08;3.85;02.05.2025;3.85;8006540838761;Kozmetika
DEO STI.OLD SPICE WHITEW.85 ml;368958;Old Spice;0.0850;l;5.97;70.24;;;02.05.2025;5.97;8006540315118;Kozmetika
SOK HAPPY DAY IMMUN IRON 1 L;368962;Happy Day;1.0000;L;2.49;2.49;;;02.05.2025;2.49;9008700219297;Piæa
GAZ.PIÆE S.PELL.©IP.NAR.0,33 L;368963;San Pellegrino;0.3300;L;1.79;5.42;;;02.05.2025;1.99;8002270576850;Piæa
TONIC TH.HENRY BITT.LEMO.0,2 L;368965;;0.2000;L;2.29;11.45;;;02.05.2025;2.29;4251760800058;Piæa
PIVO O®UJSKO 0,33 L;368967;O¾ujsko;0.3300;L;1.12;3.39;;;02.05.2025;1.12;3850131006047;Piæa
Kruh kukuruzni beskvasni 400 g;368968;Bäckerei SPAR;0.4000;kg;1.45;3.63;;;02.05.2025;1.45;;Hrana
SOK SPAR JABUKA MUTNI 100% 1 L;368969;SPAR;1.0000;L;2.39;2.39;;;02.05.2025;2.39;9100000023977;Piæa
PUDING KIDSWORLD 70 g;368973;;0.0700;kg;1.19;17.00;;;02.05.2025;1.19;8595588202561;Hrana
KREMA COXIR PEPTIDI 80 ml;368976;COXIR;0.0800;L;15.99;199.88;;;02.05.2025;15.99;8809080826164;Kozmetika
KREMA COXIR INT. PEPTIDI 50 ml;368978;COXIR;0.0500;L;17.99;359.80;;;02.05.2025;17.99;8809080826157;Kozmetika
KREMA COXIR ULTRA HYALUR.50 ml;368981;COXIR;0.0500;L;17.99;359.80;;;02.05.2025;17.99;8809080826249;Kozmetika
KREMA COXIR VITA C  BRI. 50 ml;368982;COXIR;0.0500;L;17.99;359.80;;;02.05.2025;17.99;8809080826287;Kozmetika
KREMA COXIR CRNI PU® 50 ml;368983;COXIR;0.0500;L;17.99;359.80;;;02.05.2025;17.99;8809080826201;Kozmetika
TONIK COXIR C.PU® 150 ml;368986;COXIR;0.1500;L;15.99;106.60;;;02.05.2025;15.99;8809080826171;Kozmetika
GEL COXIR GREEN TEA 150 ml;368989;COXIR;0.1500;L;15.99;106.60;;;02.05.2025;15.99;8809080826331;Kozmetika
TONIK COXIR GREEN TEA 150 ml;368990;COXIR;0.1500;L;15.99;106.60;;;02.05.2025;15.99;8809080826102;Kozmetika
SERUM COXIR  PEPTIDI 50 ml;368993;COXIR;0.0500;L;16.99;339.80;;;02.05.2025;16.99;8809080826140;Kozmetika
SERUM COXIR  VITA C 50 ml;368994;COXIR;0.0500;L;16.99;339.80;;;02.05.2025;16.99;8809080826270;Kozmetika
MASKA  EYENLIP ZA LICE KOLAGEN;368995;EYENLIP;1.0000;KOM;2.59;2.59;;;02.05.2025;2.59;8809555250210;Kozmetika
MASKA  EYENLIP ZA LICE ALOE V.;368996;EYENLIP;1.0000;KOM;2.59;2.59;;;02.05.2025;2.59;8809555250241;Kozmetika
MASKA  EYENLIP ZA LI.HYLARO.K.;368997;EYENLIP;1.0000;KOM;2.59;2.59;;;02.05.2025;2.59;8809555250111;Kozmetika
TJEST.PU®IÆI BR.2 KOLEDA 400 g;369012;Koleda;0.4000;kg;2.25;5.63;;;02.05.2025;2.25;3859888433557;Hrana
REZANCI ©IR.RAV.KOLEDA 400 g;369013;Koleda;0.4000;kg;2.25;5.63;;;02.05.2025;2.25;3859888433540;Hrana
REZANCI ©IR.RAV.KOLEDA 400 g;369014;Koleda;0.4000;kg;2.25;5.63;;;02.05.2025;2.25;3859888433533;Hrana
REZANCI JU©.MAM.KOLEDA 400 g;369015;Koleda;0.4000;kg;2.25;5.63;;;02.05.2025;2.25;3859888433519;Hrana
REZANCI JU©.MAM.KOLEDA 400 g;369016;Koleda;0.4000;kg;2.25;5.63;;;02.05.2025;2.25;3859888433526;Hrana
DEKOR MIX SPAR 120 g;369045;SPAR;0.1200;kg;3.99;33.25;;;02.05.2025;3.99;9100000068107;Hrana
NAMAZ DESPAR LJE©NJAK 400 g;369049;Despar;0.4000;kg;3.49;8.73;;;02.05.2025;3.49;8001300803096;Hrana
KAVA CLASSIC ESPRESSO 500 g;369051;Franck;0.5000;kg;12.69;25.38;;;02.05.2025;12.69;3850291054001;Piæa
TORT.KRA© CRUNCHY DUO 42 g;369053;Kra¹;0.0420;kg;;16.43;0.69;0.95;02.05.2025;0.95;3850102006724;Hrana
KAVA STRETTO ESPRESSO 500 g;369054;Franck;0.5000;kg;14.69;29.38;;;02.05.2025;14.69;3850291054018;Piæa
KAVA SUPERIORE ESPRESSO 500 g;369056;Franck;0.5000;kg;18.69;37.38;;;02.05.2025;18.69;3850291054025;Piæa
KAVA 1892 EDIT ESPRESSO 500 g;369057;Franck;0.5000;kg;16.19;32.38;;;02.05.2025;16.19;3850291054032;Piæa
SERUM GARNIER VITAMIN C  50 ml;369061;Garnier;0.0500;l;13.09;261.80;;;02.05.2025;13.09;3600542553728;Kozmetika
PAN.PIL.MINI FILE SA SEZ.500 g;369063;Vindija;0.5000;kg;6.49;12.98;;;02.05.2025;6.49;3850159141201;Hrana
SPARE RIBS;369070;;1.0000;kg;18.99;18.99;;;02.05.2025;18.99;3850139282023;Hrana
GAZ.PIÆE JUPI TANGERINE 1,25 L;369072;;1.2500;L;2.09;1.67;;;02.05.2025;1.72;3877000209958;Piæa
GAZ.PIÆE JUPI NARANÈA 1,25 L;369073;;1.2500;L;2.09;1.67;;;02.05.2025;1.72;3877000209934;Piæa
SOK S-BUDGET MULTIVIT.100% 1 L;369075;S-Budget;1.0000;L;1.85;1.85;;;02.05.2025;1.85;9100000984445;Piæa
SALAMA S JELENOM 80 g LOVSKI;369097;Lovski;0.0800;kg;2.25;28.13;;;02.05.2025;2.25;3859893534003;Hrana
PELENE PRETTY BABY JUNIOR 44/1;369100;Pretty Baby;44.0000;kom;6.39;0.15;;;02.05.2025;6.39;9100000980782;Toaletne potrep¹tine
©TAPIÆI CHIO 40 g;369103;Chio;0.0400;kg;0.49;12.25;;;02.05.2025;0.49;4000522061653;Hrana
VOÆNI TROP.MIX EUROCO.125 g;369104;EUROCOMPANY;0.1250;kg;1.51;12.08;;1.49;02.05.2025;1.51;3872084014566;Hrana
KEKS DESPAR MLIJEÈNA ÈOK.250 g;369112;Despar;0.2500;kg;2.49;9.96;;;02.05.2025;2.49;8001300800095;Hrana
BOM.DESPAR TOFFEE MILK 150 g;369115;Despar;0.1500;kg;1.29;8.60;;;02.05.2025;1.29;8001300502555;Hrana
KARAMELE DESPAR TOF. FR. 150 g;369116;Despar;0.1500;kg;1.29;8.60;;;02.05.2025;1.29;8001300502562;Hrana
BOM.NIMM2 COLA BUDDIES 90 g;369127;Nimm 2;0.0900;kg;1.25;13.89;;;02.05.2025;1.25;4014400934137;Hrana
BOM.NIMM2 FLUFFIES 90 g;369128;Nimm 2;0.0900;kg;1.25;13.89;;;02.05.2025;1.25;4014400934151;Hrana
BOMBONI GUM.NIMM2 SOUR 100 g;369132;Nimm 2;0.1000;kg;1.25;12.50;;;02.05.2025;1.25;4014400911039;Hrana
TOFFIFEE 400 g;369134;Toffifee;0.4000;kg;8.49;21.23;;;02.05.2025;8.49;4014400900576;Hrana
ÈOK.KIND.BUENO WHITE 97,5 g;369136;Kinder;0.0980;kg;2.49;25.41;;;02.05.2025;2.49;8000500394694;Hrana
ÈIPS LAY´S VRHNJE I LUK 130 g;369142;Lays;0.1300;kg;2.19;16.85;;;02.05.2025;1.89;5900259128409;Hrana
KAVA JULIUS MEINL ME.1 KG ZRNO;369143;JULIUS MEINL;1.0000;KG;35.49;35.49;;;02.05.2025;32.49;9000403953317;Piæa
KAVA JUL.MEINL MLJEVENA 220 g ;369144;JULIUS MEINL;0.2200;KG;6.49;29.50;;;02.05.2025;5.89;9000403975524;Piæa
ÈIPS LAY´S ZELENI LUK 130 g;369148;Lays;0.1300;kg;2.19;16.85;;;02.05.2025;1.89;5900259128898;Hrana
ÈIPS LAY´S MAXX SIR I LU.120 g;369149;Lays;0.1200;kg;2.19;18.25;;;02.05.2025;1.89;5900259127754;Hrana
ÈIPS LAYS OB JOGURT 110 g;369150;Lays;0.1100;kg;1.99;18.09;;1.99;02.05.2025;2.59;5900259128843;Hrana
ÈIPS LAYS OB SLANI 110 g;369152;Lays;0.1100;kg;1.99;18.09;;1.99;02.05.2025;2.59;5900259128652;Hrana
ÈIPS LAYS OB POVRÆE 110 g;369153;Lays;0.1100;kg;1.99;18.09;;1.99;02.05.2025;2.59;5900259127679;Hrana
TONIC VINDI ZERO 1,5 L;369155;Vindija;1.5000;L;1.59;1.06;;;02.05.2025;1.59;3850108071450;Piæa
ZAÈIN VEGETA I SPIRULINA 140 g;369157;Vegeta;0.1400;kg;2.79;19.93;;;02.05.2025;2.75;3856020265816;Hrana
PEL.GAÆ.PRETTY BABY XL 31/1;369160;Pretty Baby;31.0000;KOM;7.49;0.24;;;02.05.2025;7.49;9100000969107;Toaletne potrep¹tine
SALAMA S DIVLJ.SVINJOM 80 g ;369168;Lovski;0.0800;kg;2.29;28.63;;;02.05.2025;2.29;3859893534010;Hrana
KREKERI BIO NATUR PUR 120 g;369172;Natur pur;0.1200;kg;2.79;23.25;;;02.05.2025;2.79;9100000988009;Hrana
KOBASICA ÈAJNA 300 g PREMIUM;369185;Gavrilovic;0.3000;kg;;16.63;4.99;5.89;02.05.2025;6.49;3858892725849;Hrana
KREKERI BIO N.P.KURKUMA 120 g;369186;Natur pur;0.1200;kg;2.79;23.25;;;02.05.2025;2.79;9100000987989;Hrana
GEL TU©.FA MYSTIC MOM.2x400 ml;369188;Fa;0.8000;l;4.99;6.24;;;02.05.2025;4.99;3838824432915;Kozmetika
MASKA LICE ISANA HYDRO 1 kom;369190;ISANA;1.0000;kom;0.99;0.99;;;02.05.2025;0.99;4068134028129;Kozmetika
KOB.SRIJEMSKA 300 g PREMIUM;369192;Gavrilovic;0.3000;kg;4.99;16.63;;4.99;02.05.2025;6.19;3858892725689;Hrana
KOB.GRANIÈARSKA 300 g PREMIUM;369194;Gavrilovic;0.3000;kg;6.35;21.17;;;02.05.2025;6.35;3858892725467;Hrana
ZIMSKA SALAMA 300 g GAVRILOVIÆ;369195;Gavrilovic;0.3000;kg;8.49;28.30;;8.49;02.05.2025;8.49;3858892725719;Hrana
SALAMA ROMANA 300 g GAVRILOVIÆ;369196;Gavrilovic;0.3000;kg;5.99;19.97;;5.99;02.05.2025;6.34;3858892725733;Hrana
KULENOVA SEKA 300 g PREMIUM;369197;Gavrilovic;0.3000;kg;6.49;21.63;;;02.05.2025;6.49;3858892725825;Hrana
KOB.ÈAJNA MAKSI 600 g GAVRIL.;369199;Gavrilovic;0.6000;kg;12.29;20.48;;;02.05.2025;12.29;3858892725771;Hrana
ÈOKOLADA MERCI MARCIPAN 112 g;369202;Merci;0.1120;kg;2.79;24.91;;;02.05.2025;2.79;4014400916744;Hrana
KULEN.SEKA MAKSI 600 g GAVRIL.;369204;Gavrilovic;0.6000;kg;12.29;20.48;;;02.05.2025;12.29;3858892725900;Hrana
Pastrva kalifornijska;369206;;1.0000;kg;5.89;5.89;;;02.05.2025;5.89;;Hrana
LASAGNE BARILLA 250 g;369234;Barilla;0.2500;kg;2.49;9.96;;;02.05.2025;2.49;8076809542517;Hrana
TJ.BARILLA FUSILLIONI BR.400 g;369240;Barilla;0.4000;kg;1.49;3.73;;;02.05.2025;2.59;8076809580854;Hrana
GEL TU©.CARA  BIO  200 ml;369242;Nussyy;0.2000;L;3.99;19.95;;;02.05.2025;3.99;9120079622048;Kozmetika
JOGURT VANILIJA SPAR 500 g;369245;SPAR;0.5000;kg;1.29;2.58;;;02.05.2025;1.29;9100000983950;Hrana
JOG.VOÆ.MÜSLI SPAR 500 g;369254;SPAR Qualitätsmarke;0.5000;kg;1.29;2.58;;;02.05.2025;1.29;9100000985176;Hrana
TEK.SAPUN CARA BIO  300 ml;369258;Nussyy;0.3000;L;4.99;16.63;;;02.05.2025;4.99;9120079622079;Kozmetika
SIR ASIAGO DOP DESPAR 250 g;369261;Despar;0.2500;kg;3.99;15.96;;;02.05.2025;3.99;8001300683049;Hrana
KREMA CARA ZA RUKE BIO  75 ml;369263;Nussyy;0.0750;l;3.99;53.20;;;02.05.2025;3.99;9120079622062;Kozmetika
SOL PA©KA MORSKA SOL.CV.150 g;369268;;0.1500;kg;7.99;53.27;;;02.05.2025;7.99;3859888155763;Hrana
VAFLI KOESTLIN MIGNON 200 g;369276;Koestlin;0.2000;kg;2.39;11.95;;2.39;02.05.2025;2.89;3856014106057;Hrana
VAFLI KOESTLIN KARAT 200 g;369278;Koestlin;0.2000;kg;2.39;11.95;;2.39;02.05.2025;2.89;3856014106026;Hrana
VAFLI KOESTLIN RUM 200 g;369280;Koestlin;0.2000;kg;2.39;11.95;;2.39;02.05.2025;2.89;3856014106088;Hrana
SLA.KEKS SO.SPAR VEGGIE 6x50 g;369289;SPAR Veggie;0.3000;kg;4.49;14.97;;;02.05.2025;4.49;8001300674368;Hrana
HRANA ZA MAÈKE SHEBA PILE.85 g;369290;Sheba;0.0850;kg;1.09;12.82;;;02.05.2025;1.09;4770608257170;Proizvodi za kuæanstvo
©AMPON ZA PSE 250 ml;369292;;0.2500;l;3.99;15.96;;;02.05.2025;3.99;8007229003623;Proizvodi za kuæanstvo
MASKA PANTENE INFINITE 300 ml;369301;Pantene;0.3000;l;5.79;19.30;;;02.05.2025;5.79;8700216058056;Kozmetika
©AMP.PANT.INFINITE 400 ml;369304;Pantene;0.4000;l;5.59;13.98;;;02.05.2025;5.59;8700216058155;Kozmetika
ÈOK.BIJELA KANDI KOKOS 80 g;369328;Kandit;0.0800;kg;1.69;21.13;;;02.05.2025;1.69;3856024804905;Hrana
ÈOK.KANDI NOUGAT MAGIC 80 g;369329;Kandit;0.0800;kg;1.69;21.13;;;02.05.2025;1.69;3856024804929;Hrana
KAP.S-BUDGET LUNGO FORTE 156 g;369339;S-Budget;0.1560;KG;8.49;54.42;;;02.05.2025;8.49;9100000984582;Piæa
Alpska kobasica Gavriloviæ;369340;Gavrilovic;1.0000;kg;7.99;7.99;;7.39;02.05.2025;7.39;3858890209709;Hrana
KOB. KRANJSKA 150 g GAVRILOVIÆ;369349;Gavrilovic;0.1500;kg;2.55;17.00;;;02.05.2025;2.55;3858892725382;Hrana
ZU.PAS.COLGATE MAX WHI.75 ml;369352;Colgate;0.0750;l;3.79;50.53;;;02.05.2025;3.79;8718951540033;Kozmetika
ÈETK.COLGATE ZA ZUBE DENSITY ;369353;Colgate;1.0000;kom;4.69;4.69;;;02.05.2025;4.69;8718951307117;Kozmetika
ZU.PAS.COLGATE CAV.PRO 75 m;369354;Colgate;0.0750;l;2.35;31.33;;;02.05.2025;2.35;6920354836176;Kozmetika
ZU.PAS.COLGATE  WHITENI.75 ml;369355;Colgate;0.0750;l;2.35;31.33;;;02.05.2025;2.35;6920354836091;Kozmetika
MUSLI FREE FROM ZOB.VOÆ.400 g;369358;SPAR free from;0.4000;kg;3.99;9.98;;;02.05.2025;3.99;9100000983684;Hrana
LUTENICA SPAR PREMIUM 340 g;369361;SPAR REMIUM;0.3400;kg;3.49;10.26;;;02.05.2025;3.49;3831115332864;Hrana
PIVO STAROÈE©KO 6X0,5 L;369397;Staroèesko;3.0000;L;6.93;2.31;;;02.05.2025;6.93;3859893750366;Piæa
Kruh chia 500 g;369409;Bäckerei SPAR;0.5000;kg;2.19;4.38;;;02.05.2025;2.19;;Hrana
ÈET. COLGATE S.SOFT 3/1;369480;Colgate;3.0000;kom;9.00;3.00;;;02.05.2025;9.00;8714789940557;Kozmetika
FER.SOJIN PROIZ.ALPR.NAT.400 g;369490;Alpro;0.4000;kg;2.79;6.98;;;02.05.2025;2.79;5411188137979;Hrana
PASTA  ELMEX  JUNIOR 75 ml;369492;Elmex;0.7500;l;5.49;7.32;;;02.05.2025;5.49;8718951573345;Kozmetika
SIRNICA JAMI 10x90 g;369494;Jami;0.9000;kg;3.99;4.43;;;02.05.2025;2.99;3871832023775;Hrana
ZELJANICA JAMI 10x90 g;369498;Jami;0.9000;kg;3.99;4.43;;;02.05.2025;2.99;3871832023799;Hrana
KRUMPIRU©A JAMI 10x90 g;369501;Jami;0.9000;kg;3.99;4.43;;;02.05.2025;2.99;3871832023782;Hrana
BOM.GUM.JELAXY KOLA 600 g;369517;;0.6000;kg;2.99;4.98;;;02.05.2025;2.99;8693029050686;Hrana
®VAKE ORBIT TROP.BOÈICA 67 g;369536;Orbit;0.0670;kg;4.19;62.54;;;02.05.2025;4.19;4009900540551;Hrana
SIR EDAM REZANI 40% M.M. 300 g;369539;;0.3000;kg;3.49;11.63;;;02.05.2025;3.49;3830019420691;Hrana
SIR GAUDA REZA. 48% M.M. 300 g;369543;;0.3000;kg;3.49;11.63;;;02.05.2025;3.49;3830019420714;Hrana
GUM.BOM.GUMMI ZONE BURGER 28 g;369547;DUPIN;0.0280;kg;0.59;21.07;;;02.05.2025;0.59;8992741906890;Hrana
GUM.BOMB.GUMMI ZONE PIZZA 14 g;369553;DUPIN;0.0140;kg;0.29;20.71;;;02.05.2025;0.29;8992741906920;Hrana
®VAKE AIRWAVES GINGER LIM.14 g;369554;Wrigley;0.0140;kg;.99;70.71;;;02.05.2025;.99;40099569;Hrana
ÈOK.S BUDGET TAMNA 100 g;369578;S-BUDGET;0.1000;kg;0.99;9.90;;;02.05.2025;0.99;9100000993089;Hrana
PASSIONFRUIT 150 g;369579;;0.1500;kg;2.29;15.27;;;02.05.2025;2.29;3859891295661;Hrana
ÈETKICA ZA ZUBE ADVAN.SING.;369596;Colgate;1.0000;kom;4.49;4.49;;;02.05.2025;4.49;8718951111660;Kozmetika
ZUB.PAS.PLID SUPERFR.PL.125 ml;369604;Plidenta;0.1250;l;;15.04;1.88;2.69;02.05.2025;2.69;3856007910784;Kozmetika
VEG.NUGGETS SPAR VEGGIE 320 g;369608;SPAR Veggie;0.3200;kg;4.99;15.59;;;02.05.2025;4.99;9100000982717;Hrana
VE.MLJEVENO SPAR VEGGIE 200 g;369610;SPAR Veggie;0.2000;kg;2.99;14.95;;;02.05.2025;2.99;9100000983035;Hrana
GRAH S-BUDGET SMEÐI 800 g;369617;S-Budget;0.4800;kg;1.59;3.31;;;02.05.2025;1.59;3856021224935;Hrana
LIKER KRU©KOVAC ZVEÈEVO 1L;369620;Zvecevo;1.0000;L;10.02;10.02;;;02.05.2025;10.02;3858894170883;Piæa
GRAH S-BUDGET SMEÐI 400 g;369622;S-Budget;0.2400;kg;0.79;3.29;;;02.05.2025;0.79;3856021224959;Hrana
GEL ZA TU©.FA MEN SPORT 750 ml;369625;Fa;0.7500;l;4.99;6.65;;;02.05.2025;4.99;5201143728942;Kozmetika
SLAD.MOCHI KOKOS WAO 210 g;369633;;0.2100;kg;5.99;28.52;;;02.05.2025;5.99;8421826410033;Hrana
SLAD.MOCHI MANGO WAO 210 g;369634;;0.2100;kg;5.99;28.52;;;02.05.2025;5.99;8421826410026;Hrana
SLAD.MOCHI ÈOKOLADA WAO 210 g;369635;;0.2100;kg;5.99;28.52;;;02.05.2025;5.99;8421826410057;Hrana
SLAD.MOCHI PISTACIJA WAO 210 g;369636;;0.2100;kg;5.99;28.52;;;02.05.2025;5.99;8421826410101;Hrana
KUPKA FA MYSTIC MOMENTS 750 ml;369649;Fa;0.7500;l;4.99;6.65;;;02.05.2025;4.99;5201143729024;Kozmetika
PIVO BENEDIKTINER P©EN.4X0,5 L;369679;Benediktiner;2.0000;L;6.11;3.06;;;02.05.2025;6.11;4052197002806;Piæa
GAZIRANO PIÆE PEPSI 0,25 L;369680;Pepsi;0.2500;L;.85;3.40;;;02.05.2025;.85;3830065023167;Piæa
OSVJ.PIÆE FRUC MULTIVITA.1,5 L;369682;;1.5000;L;1.72;1.15;;;02.05.2025;1.72;3838945501231;Piæa
BOMB.GUM.TROL.TWIST 175 g;369683;Trolli;0.1750;kg;1.32;7.54;;;02.05.2025;1.32;4000512364962;Hrana
LED.ÈAJ SPAR MALI.BOROV.0,33 L;369684;SPAR;0.3300;L;.59;1.79;;0.59;02.05.2025;.69;9100000994079;Piæa
OSVJ.PIÆE MIRAC.NAR.JAB.0,33 L;369689;Exclusive bei SPAR;0.3300;L;1.22;3.70;;;02.05.2025;1.22;9120111881013;Piæa
OSVJ.PIÆE BARBIE GRO®ÐE 0,33 L;369692;Exclusive bei SPAR;0.3300;L;1.22;3.70;;;02.05.2025;1.22;9120111880993;Piæa
OSVJ.PIÆE PAW KRU©.JABU.0,33 L;369695;Exclusive bei SPAR;0.3300;L;1.22;3.70;;;02.05.2025;1.22;9120111880955;Piæa
OSVJ.PIÆE PEPPA JAB.VI©.0,33 L;369696;Exclusive bei SPAR;0.3300;L;1.22;3.70;;;02.05.2025;1.22;9120111880979;Piæa
®U-®U SA SEZAMOM S-BUDGET 1 kg;369700;S-Budget;1.0000;kg;2.49;2.49;;;02.05.2025;2.49;3856021224249;Hrana
UKRASI ZA SLADOLED 100 g;369705;;0.1000;kg;1.99;19.90;;;02.05.2025;1.99;8015854191127;Hrana
KORNETI 14/1 GECCHELE 175 g;369708;;0.1750;kg;1.99;11.37;;;02.05.2025;1.99;8015854191141;Hrana
KORNETI 12/1 GECCHELE 74 g;369709;;0.0740;kg;1.99;26.89;;;02.05.2025;1.99;8015854191134;Hrana
PIRE KRUMPIR S-BUDGET 460 g;369711;S-Budget;0.4600;kg;2.99;6.50;;;02.05.2025;2.99;9100000988818;Hrana
ZAÈ.BURBON VANILIJA 5 g BIO;369715;Spar Natur pur;0.0050;kg;5.99;1198.00;;;02.05.2025;5.99;9100000976310;Hrana
BEZALKO.VINO JM FONSECA 0,75 L;369729;;0.7500;L;7.52;10.03;;;02.05.2025;7.52;5601174822006;Piæa
BEZALKO.VINO JM FON.BL. 0,75 L;369731;;0.7500;L;7.52;10.03;;;02.05.2025;7.52;5601174821009;Piæa
BEZALK.PJENU©AC VILARN. 0,75 L;369732;;0.7500;L;8.52;11.36;;;02.05.2025;8.52;8410023096171;Piæa
BEZALK.VINO JM FONS.TIN 0,75 L;369733;;0.7500;L;7.52;10.03;;;02.05.2025;7.52;5601174820002;Piæa
KEKS McVITIE´S SENDVIÈ 100 g;369755;Mc Vitie's;0.1000;kg;0.99;9.90;;;02.05.2025;0.99;8690504083900;Hrana
VAF.ROL.SWING SL.KARAMEL.150 g;369756;DUPIN;0.1500;kg;1.69;11.27;;;02.05.2025;1.69;5908234812312;Hrana
VAF.ROL.SWING KOKOS 150 g;369759;DUPIN;0.1500;kg;1.69;11.27;;;02.05.2025;1.69;5908234805659;Hrana
ÈOK.LINDT LIN.PISTACIJA 100 g;369762;Lindt;0.1000;kg;2.79;27.90;;;02.05.2025;2.79;8003340801094;Hrana
MLIJ.LAG.JUT.DUKAT 1,5% 0,5 L;369769;Dukat;0.5000;L;1.39;2.78;;;02.05.2025;1.39;3850354006855;Hrana
MJE©AV.HELJDIN KRUH B.G.375 g;369775;;0.3750;kg;4.99;13.31;;;02.05.2025;4.99;3857500135223;Hrana
MJE©AV.KUKUR.KRUH B.G.375 g;369777;;0.3750;kg;4.99;13.31;;;02.05.2025;4.99;3857500135247;Hrana
MJE©AV.RI®IN KRUH B.G.375 g;369778;;0.3750;kg;4.99;13.31;;;02.05.2025;4.99;3857500135209;Hrana
KARAMEL.LJE©.ALL SWEET 100 g ;369780;Sweet&Beauty;0.1000;kg;3.49;34.90;;;02.05.2025;3.49;3857500134707;Hrana
BOMB.GUM.GF.MEDO 80 g;369789;DUPIN;0.0800;kg;1.89;23.63;;;02.05.2025;1.89;8436554792214;Hrana
BOMB.GUM.GF.COLA 80 g;369791;DUPIN;0.0800;kg;1.89;23.63;;;02.05.2025;1.89;8436554792122;Hrana
BOMB.GUM.GF.KUPINA 80 g;369795;DUPIN;0.0800;kg;1.89;23.63;;;02.05.2025;1.89;8436554792207;Hrana
©AMP.SYOSS KER. 750 ml;369821;Syoss;0.7500;l;8.99;11.99;;;02.05.2025;8.99;5201143725606;Kozmetika
©AMP.SCHAUMA REGENE. 750 ml;369823;Schauma;0.7500;l;5.99;7.99;;3.49;02.05.2025;6.99;9000101681246;Kozmetika
©AMP.SCHAUMA 7 TRAVA 750 ml;369827;Schauma;0.7500;l;5.99;7.99;;3.49;02.05.2025;6.99;9000101681123;Kozmetika
©AMP.SCHAUMA MEN 750 ml;369829;Schauma;0.7500;l;5.99;7.99;;3.49;02.05.2025;6.99;9000101681185;Kozmetika
D®EM DOORA MIJE©ANO VOÆE 680 g;369841;Doora;0.6800;kg;3.49;5.13;;;02.05.2025;3.49;3858894541737;Hrana
VINO PINOT CRNI DVANAJ. 0,75 L;369844;;0.7500;L;15.02;20.03;;;02.05.2025;15.02;3859893380051;Piæa
WHISKY BALLANTINES 7YO 0,7 L;369848;Ballantines;0.7000;L;20.52;29.31;;;02.05.2025;20.52;5000299628034;Piæa
SRE.SPLENDID ULTRAPOWER 750 ml;369852;Splendid;0.7500;L;1.99;2.65;;;02.05.2025;1.99;3856021224324;Sredstva za èi¹æenje
SET SPU®VICA ULTRA FRESH 3/1;369899;;3.0000;kom;3.79;1.26;;;02.05.2025;3.79;4023103239500;Proizvodi za kuæanstvo
VINO ANTUNOVIÆ ZE.SILVA.0,75 L;369905;;0.7500;l;11.99;15.99;;;02.05.2025;11.99;3859892364052;Piæa
FLIPS DE.KUKUR.SIR 100 g;369917;Despar;0.1000;kg;0.89;8.90;;;02.05.2025;0.89;8001300501640;Hrana
KAVA DESPAR PREMIUM BOHE. 52 g;369942;SPAR PREMIUM;0.0520;kg;3.49;67.12;;;02.05.2025;3.09;8001300805298;Piæa
KAVA DESPAR PREM.TOSCA 162 g;369943;SPAR PREMIUM;0.1620;kg;8.69;53.64;;;02.05.2025;7.65;8001300805304;Piæa
DEO SP.DOVE ORIGINA.XXL 200 ml;369947;Dove;0.2000;l;5.99;29.95;;;02.05.2025;5.99;8720181291999;Kozmetika
DEO SP.DOVE INVISIBLE 200ml;369953;Dove;0.2000;l;5.99;29.95;;;02.05.2025;5.99;8720181291951;Kozmetika
DEO SP.DOVE FRESH 200 ml;369955;Dove;0.2000;l;5.99;29.95;;;02.05.2025;5.99;8720181292033;Kozmetika
KAVA DESPAR PREMIUM TOSCA 52 g;369956;SPAR PREMIUM;0.0520;kg;3.49;67.12;;;02.05.2025;3.09;8001300805250;Piæa
DEO SP.DOVE MEN CLEAN 200 ml;369957;Dove;0.2000;l;5.99;29.95;;;02.05.2025;5.99;8720181284946;Kozmetika
KAVA DESPAR PREMIUM DECA 52 g;369958;SPAR PREMIUM;0.0520;kg;3.49;67.12;;;02.05.2025;3.09;8001300805281;Piæa
SIR SA TARTUFIMA ZIGANTE 240 g;369960;Zigante;0.2400;kg;11.99;49.96;;;02.05.2025;11.99;3858891982113;Hrana
KAVA DESPAR PRE.EL.D´AMOR 52 g;369964;SPAR PREMIUM;0.0520;kg;3.49;67.12;;;02.05.2025;3.09;8001300805267;Piæa
KAVA DESPAR PREMIUM AIDA 52 g;369965;SPAR REMIUM;0.0520;kg;3.49;67.12;;;02.05.2025;3.09;8001300805274;Piæa
KAVA DESPAR PREMIUM RIGO. 52 g;369966;SPAR PREMIUM;0.0520;kg;3.49;67.12;;;02.05.2025;3.09;8001300805311;Piæa
KAVA DESPAR PREMIUM TURA. 52 g;369967;SPAR PREMIUM;0.0520;kg;3.49;67.12;;;02.05.2025;3.09;8001300805328;Piæa
ROLL-ON REXONA COTTON 50 ml;369971;Rexona;0.0500;l;4.79;95.80;;;02.05.2025;2.99;59095620;Kozmetika
DEO SPRAY REXONA BOUQU.200 ml;369973;Rexona;0.2000;l;6.49;32.45;;;02.05.2025;3.99;8720181334719;Kozmetika
LIZ.BAZOOK.JUICY DROP POP 26 g;369979;Bazooka;0.0260;kg;3.09;118.85;;;02.05.2025;3.09;5011053013591;Hrana
TAMPONI O.B.ORGANIC MINI 16/1;369984;o.b.;16.0000;KOM;3.70;0.23;;;02.05.2025;3.70;3574661732565;Toaletne potrep¹tine
KIKIRIKI MOGYI VRH.LUK 60 g;369986;Filir;0.0600;kg;0.89;14.83;;;02.05.2025;0.89;5997347542902;Hrana
KIKIRIKI MOGYI ÈILI 60 g;369988;Filir;0.0600;kg;0.89;14.83;;;02.05.2025;0.89;5997347542049;Hrana
GEL TU©.DOVE N.CARE XXL 450 ml;369989;Dove;0.4500;l;5.99;13.31;;;02.05.2025;5.99;8720181364334;Kozmetika
GEL TU©.DOVE ALOE XXL 450 ml;369990;Dove;0.4500;l;5.99;13.31;;;02.05.2025;5.99;8720181356780;Kozmetika
GEL ZA T.DOVE CHAM XXL 450 ml;369991;Dove;0.4500;l;5.99;13.31;;;02.05.2025;5.99;8720181360589;Kozmetika
GIN CAPONE MADRE BADES. 0,7 L;370011;;0.7000;L;25.49;36.41;;;02.05.2025;25.49;3858894970124;Piæa
KEKS McVITIE´S SENDVIÈ 90 g;370012;Mc Vitie's;0.0900;kg;0.99;11.00;;;02.05.2025;0.99;8690504087298;Hrana
RAKIJA ©LJ.MADRE BADES. 0,7 L;370015;;0.7000;L;25.49;36.41;;;02.05.2025;25.49;3858894970100;Piæa
GIN MILLHILLS LONDON DRY 0,7 L;370017;;0.7000;L;15.02;21.46;;;02.05.2025;15.02;5902573008979;Piæa
KEKS McVITIE´S SENDVIÈ 87 g;370018;Mc Vitie's;0.0870;kg;0.99;11.38;;;02.05.2025;0.99;8690504083986;Hrana
VINO ZLATAN BOGDANU©A 0,75 L;370021;;0.7500;L;12.02;16.03;;;02.05.2025;12.02;3859888437449;Piæa
VINO BIRD´S TREE ROSE 0,75 L;370055;;0.7500;L;4.02;5.36;;;02.05.2025;4.02;5998623530613;Piæa
NAMAZ OMEGOL B1 ZVIJEZDA 225 g;370065;Zvijezda;0.2250;kg;1.69;7.51;;;02.05.2025;1.69;3856015328625;Hrana
VODKA PURE DIVINE 0,2 L;370069;;0.2000;L;2.62;13.10;;;02.05.2025;2.62;3263280123983;Piæa
GEL ZA TU©.DOVE CHERRY 250 ml;370079;Dove;0.2500;l;2.99;11.96;;;02.05.2025;2.99;8720181365652;Kozmetika
ENER.PIÆE SB.MARE.JAGOD.0,25 L;370091;S-Budget;0.2500;L;.63;2.52;;;02.05.2025;.63;9100000988238;Piæa
KREKER NATUREL KUKUR.100 g;370095;Naturel;0.1000;kg;1.59;15.90;;;02.05.2025;1.59;3858889366260;Hrana
KEKS SCHAR VANILLA CREAM 115 g;370103;Schar;0.1150;kg;;31.22;3.59;4.49;02.05.2025;4.49;8008698040867;Hrana
Svinjska leða bez kosti;370104;SPAR Qualitätsmarke;1.0000;kg;6.99;6.99;;;02.05.2025;6.99;3859894326102;Hrana
TJESTEN.FELIC.FUSILLI BG.250 g;370107;FELICIA;0.2500;kg;3.49;13.96;;;02.05.2025;3.49;8032804431652;Hrana
NAMAZ RISO SCOT.LJE©.KAK.350 g;370108;RISO SCOTTI;0.3500;kg;3.49;9.97;;;02.05.2025;3.49;8001860184147;Hrana
ÈOK.KNOPPERS NUTBAR 200 g;370119;Storck;0.2000;kg;2.29;11.45;;;02.05.2025;2.29;4014400929065;Hrana
OSV.WC BREF WEL.HARMONY 2x50 g;370122;Bref;0.1000;kg;4.95;49.50;;;02.05.2025;4.95;9000101587722;Sredstva za èi¹æenje
KOMPOT DOORA VI©NJA 560 g;370123;Doora;0.2800;kg;2.99;10.68;;;02.05.2025;2.99;3858894541652;Hrana
SKU©A EVA FIL.BILJ.ULJE 100 g;370127;Eva;0.0700;kg;2.69;38.43;;;02.05.2025;2.69;3856020263034;Hrana
SARDINA EVA PIKANT 100 g ;370133;Eva;0.0700;kg;1.69;24.14;;;02.05.2025;1.69;3856020262679;Hrana
HRA.ZA PSE ONE MINI PUR.4X85 g;370144;One;0.3400;kg;3.49;10.26;;;02.05.2025;3.49;8445290299079;Proizvodi za kuæanstvo
HRA.ZA PSE ONE MINI PIL.4X85 g;370147;One;0.3400;kg;3.49;10.26;;;02.05.2025;3.49;8445290299512;Proizvodi za kuæanstvo
ROOT RETOUCH PALETTE SMEÐA 3g;370169;Palette;0.0030;kg;;1330.00;3.99;5.49;02.05.2025;5.49;9000101664065;Kozmetika
ROOT RETOUCH PALETTE CRNA 3 g;370171;Palette;0.0030;kg;;1330.00;3.99;5.49;02.05.2025;5.49;9000101663655;Kozmetika
ROOT RETOUCH PALETTE PLAVA 3 g;370173;Palette;0.0030;kg;;1330.00;3.99;5.49;02.05.2025;5.49;9000101664140;Kozmetika
PIZZA VEGAN VEGGIE 375 g;370180;SPAR Veggie;0.3750;kg;4.49;11.97;;;02.05.2025;4.49;5999033893862;Hrana
JUMBO ROLA S-BUDGET MINI 1/1;370193;S-Budget;1.0000;KOM;2.69;2.69;;;02.05.2025;2.69;3856021224904;Proizvodi za kuæanstvo
OME.SILAN COOL FRESH 770 ml;370196;Silan;0.7700;l;2.99;3.88;;;02.05.2025;2.99;9000101583861;Sredstva za èi¹æenje
TAB.SPLENDID ZA PERILICU 51/1;370210;Splendid;51.0000;KOM;3.25;0.06;;;02.05.2025;3.25;9100000976716;Sredstva za èi¹æenje
TAB.SPLENDID ZA WC 16/1;370213;Splendid;16.0000;KOM;2.39;0.15;;;02.05.2025;2.25;9100000976730;Sredstva za èi¹æenje
KAPSULE SPLENDID NATUR 30/1;370214;Splendid;30.0000;KOM;4.49;0.15;;;02.05.2025;4.49;9100000976693;Sredstva za èi¹æenje
KUGLA ZA KUPKU ISANA KIDS 1kom;370215;ISANA;1.0000;kom;3.39;3.39;;;02.05.2025;3.39;4305615828183;Kozmetika
TAB.SPLENDID LIMUN 100/1;370216;Splendid;100.0000;KOM;7.49;0.07;;;02.05.2025;7.49;9100000973722;Sredstva za èi¹æenje
PECIVO BUNS ÈOKOLADA 250 g;370217;;0.2500;kg;2.13;8.52;;;02.05.2025;2.13;3800093511530;Hrana
PECIVO BUNS VANILIJA 250 g;370218;;0.2500;kg;2.13;8.52;;;02.05.2025;2.13;3800093511523;Hrana
PECIVO BUNS VI©NJA 250 g;370219;;0.2500;kg;2.13;8.52;;;02.05.2025;2.13;3800093511561;Hrana
SOK S-BUDGET ANANAS 100% 1 L;370234;S-Budget;1.0000;L;2.29;2.29;;;02.05.2025;2.29;8056149082256;Piæa
SRE.SPLENDID ULTRAPOWER 600 g;370236;Splendid;0.6000;KG;2.11;3.52;;;02.05.2025;2.11;3856021225321;Sredstva za èi¹æenje
PROSECCO CIVA VILLA FO. 0,75 L;370252;;0.7500;L;8.02;10.69;;;02.05.2025;8.02;8058333060262;Piæa
PJENU©AC BOTTEGA GOLD 0,75 L;370261;;0.7500;L;27.49;36.65;;;02.05.2025;27.49;8005829230333;Piæa
PJENU©AC BOTT.ROSE GOLD 0,75 L;370262;;0.7500;L;27.49;36.65;;;02.05.2025;27.49;8005829230388;Piæa
GIN S-BUDGET 0,7 L;370268;S-BUDGET;0.7000;L;5.99;8.56;;;02.05.2025;6.02;3856021224461;Piæa
PJENU©AC FREIXENET ROSE 0,2 L;370269;;0.2000;L;5.59;27.95;;;02.05.2025;5.59;8410036001131;Piæa
PROSECCO FREIXEN.EX.DRY 0,2 L;370270;;0.2000;L;4.79;23.95;;;02.05.2025;4.79;3859890211815;Piæa
VINO GRA©.CR.SVINJA MAR.0,75 L;370271;;0.7500;L;6.22;8.29;;;02.05.2025;6.22;3859893430329;Piæa
ENJOY SALATA PILETINA 175 g;370293;SPAR enjoy;0.1750;kg;3.69;21.09;;;02.05.2025;3.69;3856021224126;Hrana
UMAK POP PLANET OF PLANT.260 g;370304;;0.2600;kg;2.29;8.81;;;02.05.2025;2.29;3856015328533;Hrana
SAL.SPAR MIX MLADI LISTO.125g;370307;SPAR Qualitätsmarke;0.1250;kg;1.49;11.92;;;02.05.2025;1.49;3856021224164;Hrana
SALATA SPAR ICEBERG MRKVA 250g;370310;SPAR Qualitätsmarke;0.2500;kg;1.59;6.36;;;02.05.2025;1.59;3856021224140;Hrana
BOMB.BAZOOKA DROP CHEWS 67 g;370330;Bazooka;0.0670;kg;3.09;46.12;;;02.05.2025;3.09;5011053021800;Hrana
PAP.RUÈ.PALOMA DESIGN 3/1;370336;Paloma;3.0000;kom;2.79;0.93;;;02.05.2025;2.79;3838952033930;Proizvodi za kuæanstvo
DET.VESH GEL COLOR 3 L ;370365;Vesh;3.0000;L;13.29;4.43;;11.85;02.05.2025;11.85;3870128033856;Sredstva za èi¹æenje
DET.VESH GEL WHITE 3 L ;370366;Vesh;3.0000;L;13.29;4.43;;11.85;02.05.2025;11.85;3870128033948;Sredstva za èi¹æenje
SPAR VITAL ©PINAT 250 g;370386;SPAR Vital;0.2500;kg;;4.76;1.19;1.35;02.05.2025;1.69;3856021224188;Hrana
TJESTEN.FELIC.HELJDA BG.250 g;370485;FELICIA;0.2500;kg;3.89;15.56;;;02.05.2025;3.89;8032804431676;Hrana
HRANA ZA MAÈKE KITEKAT 85 g;370491;Kitekat;0.8500;kg;0.79;0.93;;;02.05.2025;0.79;5900951307355;Proizvodi za kuæanstvo
KOZICE U TEMPURI SPAR 200 g;370517;SPAR;0.2000;kg;;23.95;4.79;5.99;02.05.2025;5.99;9100000978048;Hrana
SRE.KH 7 DUO PACK 2X750 ml;370522;KH 7;1.5000;L;7.99;5.33;;;02.05.2025;7.99;3858893721918;Sredstva za èi¹æenje
INS.KAVA JACO.CRE.GOLD 2X200 g;370538;Jacobs;0.4000;KG;19.99;49.98;;;02.05.2025;17.99;3858893904786;Piæa
KRAST.SPAR PIKANT SL.KIS.670 g;370548;SPAR;0.3500;kg;2.79;7.97;;;02.05.2025;2.79;3856021224003;Hrana
VODA PROLOM PRIROD.MINER.0,5 L;370562;;0.5000;L;1.32;2.64;;;02.05.2025;1.32;8600169600046;Piæa
VODA PROLOM PRIR.MINERAL.1,5 L;370563;;1.5000;L;;1.13;1.69;1.92;02.05.2025;2.02;8600169600022;Piæa
ENERGETSKO PIÆE HELL AI 0,25 L;370565;;0.2500;L;1.09;4.36;;;02.05.2025;1.09;5999571051793;Piæa
PROTEIN SPAR HIGH PR.VAN.30 g;370571;SPAR;0.0300;kg;1.09;36.33;;;02.05.2025;1.09;3856021223907;Hrana
PROTEIN SPAR HIGH PR.ÈOK.30 g;370573;SPAR;0.0300;kg;1.09;36.33;;;02.05.2025;1.09;3856021223884;Hrana
PROTEIN SPAR HIGH PR.CLAS.30 g;370574;SPAR;0.0300;kg;1.09;36.33;;;02.05.2025;1.09;3856021223860;Hrana
PROT.ZOB.KA©A SP.HP.ÈOKOL.60 g;370576;SPAR;0.0600;kg;1.09;18.17;;;02.05.2025;1.09;3856021223808;Hrana
PROT.ZOB.KA©A SP.HP.MAL.60 g;370578;SPAR;0.0600;kg;1.09;18.17;;;02.05.2025;1.09;3856021223822;Hrana
PROTEIN SPAR HIGH PR.ÈOK.500 g;370581;SPAR;0.5000;kg;14.99;29.98;;;02.05.2025;11.99;3856021223921;Hrana
PROTEIN SPAR HIGH PR.VAN.500 g;370582;SPAR;0.5000;kg;14.99;29.98;;;02.05.2025;11.99;3856021223945;Hrana
HUMMUS MASLINE RIBELLA 200 g;370583;;0.2000;kg;2.25;11.25;;;02.05.2025;2.25;8606011895677;Hrana
VODKA PURE DIVINE 0,7 L;370586;;0.7000;L;7.52;10.74;;;02.05.2025;7.52;3263280123938;Piæa
MASLAC TRAD.TALIJAN.PREM.125 g;370602;SPAR PREMIUM;0.1250;kg;2.29;18.32;;;02.05.2025;2.29;8001300643890;Hrana
UL.HIG.VIOLETA DAY&NIGHT 18/1;370603;Violeta;18.0000;KOM;2.39;0.13;;2.12;02.05.2025;2.12;3870128037427;Toaletne potrep¹tine
KREMA AZENA ZA RUKE LAV. 50 ml;370618;AZENA;0.0500;l;4.99;99.80;;;02.05.2025;4.99;3859888549319;Kozmetika
KREMA AZENA ZA RUKE LIM. 50 ml;370619;AZENA;0.0500;l;4.99;99.80;;;02.05.2025;4.99;3859888549326;Kozmetika
FRANCUSKA SALATA SPAR 500 g;370620;SPAR;0.5000;kg;3.29;6.58;;;02.05.2025;3.29;3831115317915;Hrana
VEG.KOM.OKUS PILET.S.VEG.200 g;370621;SPAR Veggie;0.2000;kg;3.49;17.45;;;02.05.2025;3.49;3831115327389;Hrana
ULJE BUÈINO GRANA EKO 250 ml;370622;Grana;0.2500;L;8.99;35.96;;;02.05.2025;8.99;3859893457524;Hrana
 CROSTATINE MARELICA  240 g;370648;DESPAR;0.2400;kg;1.39;5.79;;;02.05.2025;1.39;8001300802389;Hrana
 CROSTATINE KAKAO  240 g;370658;DESPAR;0.2400;kg;1.49;6.21;;;02.05.2025;1.49;8001300802396;Hrana
SALAMA TRIO S BUDGET 150 g;370735;S-Budget;0.1500;kg;3.39;22.60;;;02.05.2025;3.39;9100000937823;Hrana
KOBASICA NARODNA 300 g GAVRIL.;370773;Gavrilovic;0.3000;kg;2.69;8.97;;;02.05.2025;2.69;3858892725429;Hrana
ÈOKOLINO PROTEIN PODRAV.350 g;370854;Èokolino;0.3500;kg;5.59;15.97;;;02.05.2025;5.59;3856020264789;Hrana
MIX.ORA©.PLOD.S BUDGET 200 g;370861;S-Budget;0.2000;kg;2.89;14.45;;;02.05.2025;2.89;9100000817828;Hrana
BRUSC.DESPAR  MASL.ULJE 150 g;370862;DESPAR;0.1500;kg;1.59;10.60;;;02.05.2025;1.59;8001300800200;Hrana
KRE.ITINERA ZA TIJELO 370 ml;370863;ITINERA;0.3700;L;3.99;10.78;;;02.05.2025;3.99;7640438367417;Kozmetika
©AMPON ITINERA  ZA KOS.370 ml ;370865;ITINERA;0.3700;L;3.79;10.24;;;02.05.2025;3.79;7640438367219;Kozmetika
REG.ITINERA ZA KOSU  370 ml;370870;ITINERA;0.3700;L;4.99;13.49;;;02.05.2025;4.99;7640438367240;Kozmetika
REG.ITINERA ZA KOSU  370 ml;370871;ITINERA;0.3700;L;4.99;13.49;;;02.05.2025;4.99;7640438367233;Kozmetika
D®EM DOORA MARELICA 680 g;370916;Doora;0.6800;kg;4.19;6.16;;;02.05.2025;4.19;3858894541720;Hrana
SERUM ZORINA MAST VIT.C 30 ml;370923;ZORINA MAST;0.0300;l;17.19;573.00;;;02.05.2025;17.19;3859894008336;Kozmetika
MIC.ZORINA MAST VODA S.300 ml;370925;ZORINA MAST;0.3000;L;8.99;29.97;;;02.05.2025;8.99;3859894008275;Kozmetika
KREM.ZORINA MAST ZA RUKE 50 ml;370927;ZORINA MAST;0.0500;L;4.19;83.80;;;02.05.2025;4.19;3859894008237;Kozmetika
SAVIJ.JAB. I CIM. PEPAS 600 g;370934;;0.6000;kg;6.99;11.65;;;02.05.2025;6.99;3857500135940;Hrana
SAVIJ.SVJ.SIR VI©. PEPAS 600 g;370938;;0.6000;kg;6.99;11.65;;;02.05.2025;6.99;3857500135964;Hrana
SAVIJ.SVJE®I SIR PEPAS 600 g;370940;;0.6000;kg;6.99;11.65;;;02.05.2025;6.99;3857500135902;Hrana
JOG.NATUR 1% M.M. S BUDG.500 g;370942;S-Budget;0.5000;kg;0.99;1.98;;;02.05.2025;0.99;9100000993492;Hrana
JOG.NATUR 3,6% M.M.S BUD.500 g;370943;S-Budget;0.5000;kg;0.99;1.98;;;02.05.2025;0.99;9100000993515;Hrana
TIJ.ZA PIZZ.UM.RAJÈ.SPAR 600 g;370945;SPAR;0.6000;kg;2.59;4.32;;;02.05.2025;2.59;9100000160207;Hrana
SPARE RIBS S BBQ UMAKOM;370954;;1.0000;kg;18.99;18.99;;;02.05.2025;18.99;3859894177018;Hrana
SPARE RIBS S CLASSIC UMAKOM;370955;;1.0000;kg;18.99;18.99;;;02.05.2025;18.99;3859894177025;Hrana
SPARE RIBS S KIKIRIKI UMAKOM;370957;;1.0000;kg;18.99;18.99;;;02.05.2025;18.99;3859894177001;Hrana
PULLED PORK 400 g;370958;;0.4000;kg;6.49;16.23;;;02.05.2025;6.49;3859894177032;Hrana
NAMAZ SPAR SPECULAAS 400 g;370974;SPAR;0.4000;kg;3.79;9.48;;;02.05.2025;3.79;8710671203533;Hrana
HRANA ZA PSE ONE GOV.KRUM.85 g;371002;One;0.0850;kg;0.99;11.65;;;02.05.2025;0.99;8445290298287;Proizvodi za kuæanstvo
POSLAS.ZA PSE TREAT.BITS 120 g;371004;;0.1200;kg;2.59;21.58;;;02.05.2025;2.59;4008239367204;Proizvodi za kuæanstvo
POSLAS.ZA PSE BEEF STRIP.80 g;371007;Vitakraft;0.0800;kg;3.49;43.63;;;02.05.2025;3.49;4008239586018;Proizvodi za kuæanstvo
Svinjska lopatica bez kosti;371014;SPAR Qualitätsmarke;1.0000;kg;5.19;5.19;;;02.05.2025;5.19;3858891521169;Hrana
SIR U LIST.TOAST DESPAR 400 g;371020;Despar;0.4000;kg;3.39;8.48;;;02.05.2025;3.39;8001300620198;Hrana
JOG.DUO VANI+CHOC.RIN.DE 150 g;371027;Despar;0.1500;kg;0.89;5.93;;;02.05.2025;0.89;8001300660880;Hrana
JOG.DUO KOM.LJE©.ÈOK.DE 150 g;371028;Despar;0.1500;kg;0.89;5.93;;;02.05.2025;0.89;8001300660903;Hrana
GRANOLA ©UM.VOÆ.BOOM BOX 300 g;371036;Boom Box;0.3000;kg;3.99;13.30;;;02.05.2025;3.99;3856027800805;Hrana
GRANOLA KAKAO BOOM BOX 300 g;371037;Boom Box;0.3000;kg;3.99;13.30;;;02.05.2025;3.99;3856027800836;Hrana
BOMB.BEBETO MARSHMALLOW.275 g;371041;Bebeto;0.2750;kg;3.49;12.69;;;02.05.2025;3.49;8690146118473;Hrana
BOMB.LINDT SWISS LUXURY 230 g;371047;Lindt;0.2300;kg;17.99;78.22;;;02.05.2025;17.99;7610400096652;Hrana
BILJNI PRIPRAVAK MEGGLE 500 ml;371114;Meggle;0.5000;L;1.69;3.38;;;02.05.2025;1.99;8585002509628;Hrana
HRENOVÈICA PILEÆA KIDS 100 g;371118;Cekin;0.1000;kg;0.59;5.90;;;02.05.2025;0.59;3850159126994;Hrana
PIZZA MARGHERIT.S-BUDGET 300 g;371119;S-Budget;0.3000;kg;1.99;6.63;;;02.05.2025;1.99;3856021224997;Hrana
SALAMICA PILEÆA KIDS 350 g;371120;Cekin;0.3500;kg;1.79;5.11;;;02.05.2025;1.79;3850159127069;Hrana
PIZZA CAPRICCI. S-BUDGET 330 g;371121;S-Budget;0.3300;kg;2.29;6.94;;;02.05.2025;2.29;3856021224973;Hrana
PIZZA 4 FORMAGG.S-BUDGET 330 g;371123;S-Budget;0.3300;kg;2.29;6.94;;;02.05.2025;2.29;3856021225017;Hrana
SALAMICA PILEÆA KIDS 80 g;371125;Cekin;0.0800;kg;0.95;11.88;;;02.05.2025;0.95;3850159127083;Hrana
©UNKICA PILEÆA KIDS 80 g;371126;Cekin;0.0800;kg;1.59;19.88;;;02.05.2025;1.59;3850159127090;Hrana
PA©TET.PILEÆA JETR. KIDS 100 g;371129;Cekin;0.1000;kg;0.89;8.90;;;02.05.2025;0.89;3850159132742;Hrana
ZOB.KA©A MY LIFE ÈOKOLADA 65 g;371134;My Life;0.0650;kg;0.99;15.23;;;02.05.2025;0.99;3858891294520;Hrana
ZOB.KA©A MY LIFE LJE©NJAK 65 g;371137;My Life;0.0650;kg;0.99;15.23;;;02.05.2025;0.99;3858891294537;Hrana
ZOB.KA©A MY LIFE MALINA 65 g;371140;My Life;0.0650;kg;0.99;15.23;;;02.05.2025;0.99;3858891294544;Hrana
BOMB.GUM.HARIBO STARMIX 100 g;371152;Haribo;0.1000;kg;1.59;15.90;;;02.05.2025;1.59;9002975726481;Hrana
PEKMEZ DOORA ©LJIVA 680 g;371164;Doora;0.6800;kg;4.49;6.60;;;02.05.2025;4.49;3858894541751;Hrana
Kulen premium Pivac;371171;Pivac;1.0000;kg;16.99;16.99;;16.99;02.05.2025;16.99;3858884997865;Hrana
KULEN PREMIUM NAR.PIVAC 80 g;371186;Pivac;0.0800;kg;2.69;33.63;;;02.05.2025;2.69;3858884998251;Hrana
DA© POP.BIO MIX DE.6M+ 3x35 ml;371214;;0.1050;L;4.99;47.52;;;02.05.2025;4.99;3858894360000;Hrana
HRANA ZA MAÈKE MOL.PREM.1,5 kg;371231;Molly;1.5000;kg;5.49;3.66;;;02.05.2025;5.49;9100000995199;Proizvodi za kuæanstvo
SAPUN L´ANGELICA SENSITIVE 80g;371234;L´Angelica;0.0800;kg;1.39;17.38;;;02.05.2025;1.39;8017331093665;Kozmetika
JAFFA KOLAÈ DONUT CHOCO  75 g;371236;;0.0750;kg;0.99;13.20;;;02.05.2025;0.99;8600114010852;Hrana
JAFFA KOLAÈ TRIPLE CHOCO  58 g;371237;;0.0580;kg;0.99;17.07;;;02.05.2025;0.99;8600114010838;Hrana
GEL HERBAL THERAPY MASA.200 ml;371238;Herbal Therapy;0.2000;l;9.99;49.95;;;02.05.2025;9.99;3859893603440;Kozmetika
PR©UT PARMA DESPAR 100 g;371239;Despar;0.1000;kg;5.39;53.90;;;02.05.2025;5.39;8001300552208;Hrana
Svinjska lopatica bez kosti HR;371240;SPAR Qualitätsmarke;1.0000;kg;5.69;5.69;;;02.05.2025;4.79;3859892958930;Hrana
Juneæi but bez kosti;371241;SPAR Qualitätsmarke;1.0000;kg;14.69;14.69;;;02.05.2025;14.69;3859893251306;Hrana
Svinjska potrbu¹ina HR;371242;SPAR Qualitätsmarke;1.0000;kg;;3.99;3.99;4.29;02.05.2025;3.99;3859892958893;Hrana
HREN ZVIJEZDA 260 g;371243;Zvijezda;0.2600;kg;2.19;8.42;;;02.05.2025;2.19;3856015328472;Hrana
KIDS PILEÆI POPSIÆI 500 g;371244;Cekin;0.5000;kg;7.79;15.58;;;02.05.2025;7.79;3850159141935;Hrana
HREN ZVIJEZDA UMAK 260 g;371245;Zvijezda;0.2600;kg;2.19;8.42;;;02.05.2025;2.19;3856015328410;Hrana
KIDS PILEÆI DINOSI 600 g;371246;Cekin;0.6000;kg;7.79;12.98;;;02.05.2025;7.79;3850159141911;Hrana
KIDS PILEÆA ©KOLICA 600 g;371247;Cekin;0.6000;kg;7.79;12.98;;;02.05.2025;7.79;3850159141928;Hrana
GRICKALICA TITANIA 1052/9 1kom;371249;Titania;1.0000;kom;2.99;2.99;;;02.05.2025;2.99;3838562899179;Toaletne potrep¹tine
GEL ZA TU©.LACTOVIT FIR 600 ml;371250;Lactovit;0.6000;L;3.98;6.63;;;02.05.2025;3.98;8411135008199;Kozmetika
MLIJ. LACTOVIT FIRMING 400 ml;371251;Lactovit;0.4000;L;5.79;14.48;;;02.05.2025;5.79;8411135008205;Kozmetika
GRICKALICA TITANIA 1052/1 kom;371252;Titania;1.0000;kom;4.99;4.99;;;02.05.2025;4.99;3838419290159;Toaletne potrep¹tine
©KARICE TITANIA 1050/1H PI 1/1;371253;Titania;1.0000;kom;8.99;8.99;;;02.05.2025;8.99;3838419248815;Toaletne potrep¹tine
PINCETA TITANIA 1072/BL B 1/1;371254;Titania;1.0000;kom;6.99;6.99;;;02.05.2025;6.99;3838419248792;Toaletne potrep¹tine
TURPIJA TITANIA 1452 B 1/1;371255;Titania;1.0000;kom;2.99;2.99;;;02.05.2025;2.99;3838419261470;Toaletne potrep¹tine
POLIRNI BLOK TITANIA 1449B 1/1;371256;Titania;1.0000;kom;3.49;3.49;;;02.05.2025;3.49;3838419261487;Toaletne potrep¹tine
Gro¾ðe bijelo S Budget rfs;371257;S-BUDGET;1.0000;kg;3.99;3.99;;;02.05.2025;3.99;813;Hrana
TURPIJA TITANIA 1210 1/1;371258;Titania;1.0000;kom;2.49;2.49;;;02.05.2025;2.49;3838419261494;Toaletne potrep¹tine
Gro¾ðe crno S-Budget rfs;371259;S-BUDGET;1.0000;kg;4.59;4.59;;;02.05.2025;4.59;3858885876503;Hrana
ÈETKA TERMO TITANIA 1783 1/1;371260;Titania;1.0000;kom;6.99;6.99;;;02.05.2025;6.99;3838419317887;Toaletne potrep¹tine
ÈETKA TERMO TITANIA 1782 1/1;371261;Titania;1.0000;kom;6.39;6.39;;;02.05.2025;6.39;3838419317610;Toaletne potrep¹tine
ÈETKA TERMO TITANIA 1781 1/1;371262;Titania;1.0000;kom;5.79;5.79;;;02.05.2025;5.79;3838419317603;Toaletne potrep¹tine
ÈETKA TITANIA 1873 1/1;371264;Titania;1.0000;kom;7.49;7.49;;;02.05.2025;7.49;3838419317696;Toaletne potrep¹tine
ÈETKA TITANIA 1382 1/1;371267;Titania;1.0000;kom;5.49;5.49;;;02.05.2025;5.49;3838419317672;Toaletne potrep¹tine
ÈETKA TITANIA 1320 1/1;371268;Titania;1.0000;kom;4.49;4.49;;;02.05.2025;4.49;3838419317627;Toaletne potrep¹tine
ÈETKA TITANIA DETANG. 2880 1/1;371269;Titania;1.0000;kom;6.99;6.99;;;02.05.2025;6.99;3838419317665;Toaletne potrep¹tine
ÈETKA TITANIA DETANGL.1875 1/1;371270;Titania;1.0000;kom;7.49;7.49;;;02.05.2025;7.49;3838419317931;Toaletne potrep¹tine
ÈETKA TITANIA 1321 1/1;371271;Titania;1.0000;kom;4.99;4.99;;;02.05.2025;4.99;3838419317634;Toaletne potrep¹tine
ÈETKA TITANIA 1380 1/1;371273;Titania;1.0000;kom;6.99;6.99;;;02.05.2025;6.99;3838419317924;Toaletne potrep¹tine
ÈETKA TERMO TITANIA 1302 1/1;371275;Titania;1.0000;kom;7.49;7.49;;;02.05.2025;7.49;3838419317948;Toaletne potrep¹tine
ÈETKA TERMO TITANIA 1303 1/1;371276;Titania;1.0000;kom;8.49;8.49;;;02.05.2025;8.49;3838419317955;Toaletne potrep¹tine
ÈETKA TITANIA 2866 1/1;371277;Titania;1.0000;kom;14.99;14.99;;;02.05.2025;14.99;3838419317900;Toaletne potrep¹tine
ÈETKA TITANIA 2865 1/1;371278;Titania;1.0000;kom;17.99;17.99;;;02.05.2025;17.99;3838419317689;Toaletne potrep¹tine
ÈETKA OVALNA PARSA 96419 1/1;371285;;1.0000;kom;4.99;4.99;;;02.05.2025;4.99;4001065636919;Toaletne potrep¹tine
ÈETKA PARSA 3665 1/1;371289;PARSA;1.0000;kom;10.49;10.49;;;02.05.2025;10.49;4001065331319;Toaletne potrep¹tine
ÈETKA PARSA WET&DRY 3664 1/1;371291;PARSA;1.0000;kom;9.49;9.49;;;02.05.2025;9.49;4001065331302;Toaletne potrep¹tine
OSV.WC BREF WEL.HARMONY 3x50 g;371294;Bref;0.1500;kg;5.95;39.67;;;02.05.2025;5.95;9000101588392;Sredstva za èi¹æenje
PINCETA PARSA 2824 1/1;371295;PARSA;1.0000;kom;5.29;5.29;;;02.05.2025;5.29;4001065178693;Toaletne potrep¹tine
©KARICE PARSA 2819 1/1;371296;PARSA;1.0000;kom;13.49;13.49;;;02.05.2025;13.49;4001065178051;Toaletne potrep¹tine
©KARICE PARSA 2822 1/1;371299;PARSA;1.0000;kom;11.49;11.49;;;02.05.2025;11.49;4001065178099;Toaletne potrep¹tine
SET ZA MANIKURU PARSA 3/1;371300;PARSA;3.0000;kom;20.99;7.00;;;02.05.2025;20.99;4001065770880;Toaletne potrep¹tine
ZUB.PA.PLIDENTA HERBAL 125 ml;371313;Plidenta;0.1250;l;;15.04;1.88;2.69;02.05.2025;2.69;3856007910791;Kozmetika
ZUB.PASTA PLIDENTA EX.W.125 ml;371314;Plidenta;0.1250;l;;15.04;1.88;2.69;02.05.2025;2.69;3856007910777;Kozmetika
MANDUL.DE.PREM. 227 g;371323;Despar;0.2270;kg;6.99;30.79;;;02.05.2025;6.99;8001300803683;Hrana
PINCETA TITANIA 1090/60 B 1/1;371326;Titania;1.0000;kom;4.49;4.49;;;02.05.2025;4.49;3838562907829;Toaletne potrep¹tine
TJ.PREPELICE ©IR.REZANCI 500 g;371392;;0.5000;kg;3.49;6.98;;;02.05.2025;3.49;3857500009128;Hrana
TJ.PREPELICE ©IR.REZANCI 500 g;371393;;0.5000;kg;3.49;6.98;;;02.05.2025;3.49;3857500009135;Hrana
ZUB.PASTA PARODONTAX 75 ml;371396;Parodontax;0.0750;L;;74.53;5.59;6.99;02.05.2025;6.99;5054563177797;Kozmetika
PAPR.PUNJ.INÆUN.PEPEFI© 190 g;371401;;0.1200;kg;9.99;83.25;;;02.05.2025;9.99;3859894189011;Hrana
SALATA OD HOBOTN.PEPEFI© 200 g;371404;;0.2000;kg;9.99;49.95;;;02.05.2025;9.99;3859894189004;Hrana
TEM.ANIN CR.RI®O.PEPEFI© 200 g;371406;;0.2000;kg;9.99;49.95;;;02.05.2025;9.99;3859894189028;Hrana
LOSION OLIVAL PISKAVICA 150 ml;371409;Olival;0.1500;l;6.99;46.60;;;02.05.2025;6.99;3858892694367;Kozmetika
ULJE OLIVAL RU®MARIN  60 ml;371410;Olival;0.0600;l;5.30;88.33;;;02.05.2025;5.30;3858892694626;Kozmetika
KETCH.ZVIJE.BLAGI B.©EÆ.500 g ;371415;Zvijezda;0.5000;kg;2.29;4.58;;;02.05.2025;2.29;3856015329134;Hrana
MLIJ.ÈOK.DISNEY Z´BREG.0,2 L;371416;Z Bregov;0.2000;L;0.99;4.95;;;02.05.2025;0.99;3850108022971;Hrana
NEKTAR VINDI DISNEY MULT.0,2 L;371430;Vindija;0.2000;L;0.79;3.95;;;02.05.2025;0.79;3850108078237;Piæa
NEKTAR VINDI DISNEY NARA.0,2 L;371431;Vindija;0.2000;L;0.79;3.95;;;02.05.2025;0.79;3850108078220;Piæa
NEKTAR VINDI DISNEY JABU.0,2 L;371436;Vindija;0.2000;L;0.79;3.95;;;02.05.2025;0.79;3850108078183;Piæa
NEKTAR VINDI DISNEY BORO.0,2 L;371440;Vindija;0.2000;L;0.89;4.45;;;02.05.2025;0.89;3850108078176;Piæa
SOK VINDI NARANÈA 100% 0,2 L;371441;Vindija;0.2000;L;0.89;4.45;;;02.05.2025;0.89;3850108075489;Piæa
SOK VINDI JABUKA 100% 0,2 L;371443;Vindija;0.2000;L;0.89;4.45;;;02.05.2025;0.89;3850108075472;Piæa
SOK VINDI JABUKA 100% 2 L;371444;Vindija;2.0000;L;2.99;1.50;;;02.05.2025;2.99;3850108076240;Piæa
MJE©.4 GODI©.DOBA LEDO 400 g ;371456;Ledo;0.4000;kg;2.99;7.48;;;02.05.2025;2.99;3850116059754;Hrana
MJE©.POVRÆ.PROVANSA LEDO 400 g;371457;Ledo;0.4000;kg;2.99;7.48;;;02.05.2025;2.99;3850116059785;Hrana
MJE©.POVRÆA GURMAN LEDO 400 g;371459;Ledo;0.4000;kg;2.99;7.48;;;02.05.2025;2.99;3850116059815;Hrana
KA©ICA FRUT.JAB.MRK.BIO 190 g;371468;Fructal;0.1900;kg;1.75;9.21;;;02.05.2025;1.75;3838945016469;Hrana
VEGETA NATUR PASTA LUK 190 g;371469;Podravka;0.1900;kg;1.79;9.42;;;02.05.2025;1.79;3856020263508;Hrana
VEGETA NAT.PASTA ÈE©NJAK 90 g;371470;Podravka;0.0900;kg;1.69;18.78;;;02.05.2025;1.69;3856020263539;Hrana
VEGETA NAT.PASTA POVRTNA 190 g;371473;Podravka;0.1900;kg;1.69;8.89;;;02.05.2025;1.69;3856020263416;Hrana
Sir Edamer S Budget 40%m.m.;371475;S-BUDGET;1.0000;kg;6.99;6.99;;;02.05.2025;6.99;94000436601740;Hrana
Sir Gouda S-Budget min.48%m.m.;371476;S-BUDGET;1.0000;kg;6.29;6.29;;6.29;02.05.2025;6.49;4000436612156;Hrana
KLIPIÆ DOMAÆI LATICA 10x60 g;371477;Latica;0.6000;kg;3.99;6.65;;;02.05.2025;3.99;3850261357736;Hrana
OMEK.SILAN SENSITIVE 880 ml;371515;Silan;0.8800;l;2.99;3.40;;;02.05.2025;2.99;9000101590531;Sredstva za èi¹æenje
OMEK.SILAN FRESH SKY 880 ml;371517;Silan;0.8800;l;2.99;3.40;;;02.05.2025;2.99;9000101581195;Sredstva za èi¹æenje
OMEK.SILAN MAGNOLIA 770 ml;371518;Silan;0.7700;l;2.99;3.88;;;02.05.2025;2.99;9000101581416;Sredstva za èi¹æenje
MAJONEZA ZVIJEZDA 260 g;371557;Zvijezda;0.2600;kg;2.99;11.50;;;02.05.2025;2.99;3856015329103;Hrana
SLA.CRUNCHY ALMOND SPAR 465 ml;371592;SPAR;0.4650;L;;10.30;4.79;5.99;02.05.2025;5.99;9100000987316;Hrana
©AMP.BOJA CAMELEO  5,6 40 ml;371594;Cameleo;0.0400;kom;1.49;37.25;;;02.05.2025;1.49;5901350451441;Kozmetika
SLAD. HALF BAKED SPAR 465 ml;371595;SPAR;0.4650;L;;10.30;4.79;5.99;02.05.2025;5.99;9100000987330;Hrana
©AMPON BOJA CAMELEO  6.3 40 ml;371596;Cameleo;0.0400;kom;1.49;37.25;;;02.05.2025;1.49;5901350474327;Kozmetika
SLAD.CHOCO BROWNIE SPAR 465 ml;371597;SPAR;0.4650;L;;10.30;4.79;5.99;02.05.2025;5.99;9100000987293;Hrana
SLAD.COOKIE DOUGH SPAR 465 ml;371598;SPAR;0.4650;L;;10.30;4.79;5.99;02.05.2025;5.99;9100000987279;Hrana
©AMPON BOJA CAMELEO 66,5 40 ml;371599;Cameleo;0.0400;kom;1.49;37.25;;;02.05.2025;1.49;5901350427859;Kozmetika
©AMPON BOJA CAMELEO 10.2 40 ml;371605;Cameleo;0.0400;kom;1.49;37.25;;;02.05.2025;1.49;5901350474310;Kozmetika
IZOTO.OSHEE MULTIF.ZERO 0,75 L;371607;;0.7500;L;;1.80;1.35;1.42;02.05.2025;1.69;5908260251574;Piæa
©AMPON BOJA CAMELEO 10,1 40 ml;371608;Cameleo;0.0400;kom;1.49;37.25;;;02.05.2025;1.49;5906750890203;Kozmetika
IZOTONI.NAP.OSHEE LEMON 0,75 L;371611;;0.7500;L;;1.80;1.35;1.42;02.05.2025;1.69;5908260251970;Piæa
VITAMINS.VODA OSHEE ZE.0,555 L;371614;;0.5550;L;;2.43;1.35;1.42;02.05.2025;1.69;5908260259143;Piæa
VIT.VO. OSHEE MAG.ZERO 0,555 L;371619;;0.5550;L;;2.43;1.35;1.42;02.05.2025;1.69;5908260253578;Piæa
IZOTO.PIÆE GATORADE NARA.0,5 L;371621;Gatorade;0.5000;L;1.65;3.30;;;02.05.2025;1.65;8001160001144;Piæa
BEZALKOH.PJEN.VILA.ROSE 0,75 L;371625;;0.7500;l;8.52;11.36;;;02.05.2025;8.52;8410023096188;Piæa
IZO.PIÆ.GATORADE BLU.MAL.0,5 L;371626;Gatorade;0.5000;L;1.65;3.30;;;02.05.2025;1.65;8001160001113;Piæa
PIVO GRIF IPA 0,5 L;371628;;0.5000;L;2.82;5.64;;;02.05.2025;2.82;3859893353697;Piæa
MIRISNE PERLICE LENOR 140 g;371643;Lenor;0.1400;kg;3.49;24.93;;3.49;02.05.2025;3.49;8006540780824;Sredstva za èi¹æenje
PRELJ.ZA SAL.KÜHN.BALSAM.50 ml;371649;;0.0500;l;0.99;19.80;;;02.05.2025;0.99;4012200397695;Hrana
SIR KOLANJAC MIH 200 g;371654;;0.2000;kg;4.99;24.95;;;02.05.2025;4.99;3859893853456;Hrana
LIZ.BO®.SWIRL LOLIBONI 50 g;371655;Loliboni;0.0500;kg;1.19;23.80;;;02.05.2025;1.19;5949093515433;Hrana
SIR OTOÈAN MIH 200 g;371656;;0.2000;kg;5.99;29.95;;;02.05.2025;5.99;3859893853470;Hrana
GIN LORDSON STRAWBERRY 0,7 L;371661;;0.7000;l;;8.56;5.99;8.39;02.05.2025;8.49;3263280125826;Piæa
Sir Kolanjac MIH;371665;;1.0000;kg;18.99;18.99;;;02.05.2025;18.99;3859891700073;Hrana
Sir Otoèan  MIH;371666;;1.0000;kg;24.99;24.99;;;02.05.2025;15.99;3859891700066;Hrana
TP.ZEWA ECO COMFORT 8/1;371688;Zewa;8.0000;kom;2.79;0.35;;;02.05.2025;2.79;7322542227008;Toaletne potrep¹tine
INSTANT KAVA ARABESCA 396 g;371769;Arabesca;0.3960;kg;6.79;17.15;;;02.05.2025;6.79;3858886804314;Piæa
KAVA J.MEINL BUONAROMA 220 g;371770;JULIUS MEINL;0.2200;kg;6.49;29.50;;;02.05.2025;5.89;9000403977443;Piæa
INSTANT KAVA NESC.GOLD 150 g;371780;Nestle;0.1500;kg;10.29;68.60;;;02.05.2025;10.29;8445290795083;Piæa
RAKIJA ZL.KAJSIJA 0,7 L+ÈA©E;371784;Coca-Cola;0.7000;L;27.02;38.60;;;02.05.2025;27.02;3859893954146;Piæa
RAKIJA ZLATNA DUNJA 0,7 L+ÈA©E;371788;Coca-Cola;0.7000;L;24.02;34.31;;;02.05.2025;24.02;3859893954184;Piæa
TP ZEWA KAMILICA 3SL.8/1;371790;Zewa;8.0000;kom;2.79;0.35;;;02.05.2025;2.79;7322541171708;Toaletne potrep¹tine
SALVETE 33x33cm,20/1 DOTS PPD ;371797;;1.0000;kom;1.99;1.99;;;02.05.2025;1.99;4021766254458;Proizvodi za kuæanstvo
SALVETE 33x33cm,20/1 PPD ;371803;;1.0000;kom;1.99;1.99;;;02.05.2025;1.99;4021766268356;Proizvodi za kuæanstvo
SALVETE 33x33cm,20/1 PPD ;371804;;1.0000;kom;1.99;1.99;;;02.05.2025;1.99;4021766258456;Proizvodi za kuæanstvo
SALVETE 33x33cm,20/1 PPD ;371806;;1.0000;kom;1.99;1.99;;;02.05.2025;1.99;4021766287463;Proizvodi za kuæanstvo
SALVETE 33x33cm,20/1 PPD ;371809;;1.0000;kom;1.99;1.99;;;02.05.2025;1.99;4021766258555;Proizvodi za kuæanstvo
SALVETE 33x33cm,20/1 PPD ;371811;;1.0000;kom;1.99;1.99;;;02.05.2025;1.99;4021766267908;Proizvodi za kuæanstvo
SALVETE 33x33cm,20/1 PPD ;371812;;1.0000;kom;1.99;1.99;;;02.05.2025;1.99;4021766273671;Proizvodi za kuæanstvo
SALVETE 33x33cm,20/1 PPD ;371813;;1.0000;kom;1.99;1.99;;;02.05.2025;1.99;4021766287913;Proizvodi za kuæanstvo
SALVETE 33x33cm,20/1 PPD ;371814;;1.0000;kom;1.99;1.99;;;02.05.2025;1.99;4021766258487;Proizvodi za kuæanstvo
SALVETE 33x33cm,20/1 PPD ;371816;;1.0000;kom;1.99;1.99;;;02.05.2025;1.99;4021766272773;Proizvodi za kuæanstvo
SALVETE 33x33cm,20/1 PPD ;371818;;1.0000;kom;1.99;1.99;;;02.05.2025;1.99;4021766230278;Proizvodi za kuæanstvo
SALVETE 33x33cm,20/1 PPD ;371821;;1.0000;kom;1.99;1.99;;;02.05.2025;1.99;4021766236003;Proizvodi za kuæanstvo
SALVETE 33x33cm,20/1 PPD ;371823;;1.0000;kom;1.99;1.99;;;02.05.2025;1.99;4021766248297;Proizvodi za kuæanstvo
SALVETE 33x33cm,20/1 PPD ;371824;;1.0000;kom;1.99;1.99;;;02.05.2025;1.99;4021766218436;Proizvodi za kuæanstvo
POK.PAK.AFRODITA SIC.LEMON ;371893;Afrodita;1.0000;kom;15.99;15.99;;;02.05.2025;15.99;3831070660576;Kozmetika
ÈET.ZA ZUBE DENTA KISS 1/1;371899;Denta Kiss;1.0000;kom;1.49;1.49;;;02.05.2025;1.49;9100000033679;Kozmetika
KAVA 2U1 BEZ LAKTOZE 120 g;371923;Anamarija;0.1200;kg;3.49;29.08;;;02.05.2025;3.49;3858881776067;Piæa
KAVA 3U1 BEZ LAKTOZE 140 g;371924;Anamarija;0.1400;kg;3.49;24.93;;;02.05.2025;3.49;3858881776043;Piæa
CAPP.ANAMAR.BEZ LAKTOZE 200 g;371925;Anamarija;0.2000;kg;3.29;16.45;;;02.05.2025;3.29;3858881776029;Piæa
HRANA ZA PSE VOLI PIL.GOV.3 kg;371928;;3.0000;kg;5.99;2.00;;;02.05.2025;5.99;3859893822520;Proizvodi za kuæanstvo
HRANA ZA PSE VOLI GOV.3 kg;371929;;3.0000;kg;4.99;1.66;;;02.05.2025;4.99;3859893822506;Proizvodi za kuæanstvo
LIKER LIMONCE DUOPACK 2X0,5 L;371931;Stock;1.0000;L;12.12;12.12;;;02.05.2025;12.12;8000440393092;Piæa
HRANA ZA MAÈKE KITEK.LOS.85 g;371932;Kitekat;0.0850;kg;0.75;8.82;;;02.05.2025;0.75;5900951307348;Proizvodi za kuæanstvo
PA©TETA ARG.JUN.KOK.PRSA 95 g;371933;Argeta;0.0950;kg;1.39;14.63;;;02.05.2025;1.39;3838471051712;Hrana
KA©ICA FRUTEK JABUKA MRK.120 g;371935;Fructal;0.1200;kg;1.26;10.50;;;02.05.2025;1.26;3838945016490;Hrana
KA©ICA FRUTEK JABUKA BRE.120 g;371937;Fructal;0.1200;kg;1.26;10.50;;;02.05.2025;1.26;3838945016476;Hrana
TUNA EVA FILET MASL.ULJE 100 g;371940;Eva;0.1000;kg;3.99;39.90;;;02.05.2025;3.99;3856020263126;Hrana
CROIS.7 DAYS MIDI MARELICA 60g;371941;;0.0600;kg;;9.83;0.59;0.85;02.05.2025;0.85;7622202029011;Hrana
TORTA S KAKAO KREMOM 800 g;371942;;0.8000;kg;10.19;12.74;;;02.05.2025;10.19;3830042310747;Hrana
PRAL.BACI AMARETTO 150 g;371964;;0.1500;kg;7.69;51.27;;;02.05.2025;7.69;8000300421965;Hrana
LEDENI ÈAJ SPAR BRESKVA 0,33 L;371966;SPAR;0.3300;L;.59;1.79;;0.59;02.05.2025;.69;9100000045405;Piæa
LEDENI ÈAJ SPAR LIMUN 0,33 L;371969;SPAR;0.3300;L;.59;1.79;;0.59;02.05.2025;.69;9100000045504;Piæa
PEL.TOSAMA EVY BABY 3U1 60/1;371981;Evy baby ;60.0000;KOM;9.55;0.16;;;02.05.2025;9.55;8683881000103;Toaletne potrep¹tine
DES.MLIJ.OREO SNACK 27 g;371985;;0.0270;kg;0.79;29.26;;;02.05.2025;0.79;90426278;Hrana
DES.MILKA CHOCO SNACK 29 g;371987;;0.0290;kg;0.79;27.24;;;02.05.2025;0.79;90426254;Hrana
SOK PAGO BRESKVA NEKTAR 1 L;372010;Pago;1.0000;L;2.99;2.99;;;02.05.2025;3.42;9002515428332;Piæa
SOK PAGO NARANÈA NEKTAR 1 L;372012;Pago;1.0000;L;4.39;4.39;;;02.05.2025;4.39;9002515428349;Piæa
SOK PAGO ACE CLASSIC 1 L;372013;Pago;1.0000;L;3.29;3.29;;;02.05.2025;3.89;9002515428318;Piæa
INS.KAVA NESCAFE CLASSIC 150 g;372036;Nescafe;0.1500;kg;7.69;51.27;;;02.05.2025;7.69;8445290829818;Piæa
S SALVETE BO®.33x33cm,20/1;372037;SPAR Qualitätsmarke;1.0000;kom;0.89;0.89;;;02.05.2025;0.89;9100000035833;Proizvodi za kuæanstvo
SIR EMMENTALER S BUDGET 400 g;372049;S-BUDGET;0.4000;kg;4.49;11.23;;;02.05.2025;4.49;9100000989815;Hrana
FLIPS LORENZ LOOPYS 120 g;372073;;0.1200;kg;;14.08;1.69;2.49;02.05.2025;2.49;4018077008375;Hrana
©TAP.LORENZ KRUM.PAP.85 g;372074;Lorenz;0.0850;kg;2.49;29.29;;;02.05.2025;2.49;4018077821790;Hrana
©TAP.LORENZ KRUM.SLANI 85 g;372076;Lorenz;0.0850;kg;2.49;29.29;;;02.05.2025;2.49;4018077821424;Hrana
NAM.PREMIUM OD PISTACIJA 150 g;372101;SPAR PREMIUM;0.1500;kg;4.99;33.27;;;02.05.2025;4.99;8001300805144;Hrana
ÈAJ KAMILICA 80 g;372129;;0.0800;kg;4.19;52.38;;;02.05.2025;4.19;3859891239467;Piæa
PIVO VARIONICA POP!LAGER 0,5 L;372139;;0.5000;L;2.52;5.04;;;02.05.2025;2.42;3859893139536;Piæa
Kobasica domaæa dimljena;372145;Medven;1.0000;kg;13.99;13.99;;;02.05.2025;13.99;3859893850455;Hrana
PRALINE KRA© ANTIQ.PEL.158 g;372147;Kra¹;0.1580;kg;6.99;44.24;;;02.05.2025;5.24;3850102006755;Hrana
KETCHUP HEINZ BLAGI 1 kg;372171;Heinz;1.0000;kg;5.99;5.99;;;02.05.2025;4.19;8715700421483;Hrana
UNIVERZALNO SREDSTVO AJAX 1 L;372208;Ajax;1.0000;l;3.69;3.69;;;02.05.2025;3.69;8718951567917;Sredstva za èi¹æenje
UNI.SRED.AJAX WATER LILY 1 L;372209;Ajax;1.0000;l;3.69;3.69;;;02.05.2025;3.69;8718951622777;Sredstva za èi¹æenje
Pr¹ut domaæi delikates Mijukiæ;372211;;1.0000;kg;18.99;18.99;;18.99;02.05.2025;18.99;3859894171092;Hrana
SPREJ GLADE KUPINA 300 ml;372219;Glade;0.3000;l;3.49;11.63;;;02.05.2025;3.49;5000204361438;Sredstva za èi¹æenje
SPREJ GLADE JABUKA 300 ml;372220;Glade;0.3000;l;3.49;11.63;;;02.05.2025;3.49;5000204316728;Sredstva za èi¹æenje
EL.APARAR GLADE JABUKA 20 ml;372221;Glade;0.0200;l;6.69;334.50;;;02.05.2025;6.69;5000204362152;Sredstva za èi¹æenje
BUÐOLA DOBRO NAREZAK 250 g;372237;Dobro;0.2500;kg;5.99;23.96;;;02.05.2025;5.99;3850133804764;Hrana
VEGGIE SALATA OD POV.MEX.160 g;372242;SPAR Veggie;0.1600;kg;3.59;22.44;;;02.05.2025;3.59;9100000995144;Hrana
VEGGIE SALATA OD POV.KAL.160 g;372243;SPAR Veggie;0.1600;kg;3.59;22.44;;;02.05.2025;3.59;9100000995151;Hrana
VEGGIE NO TUNA LIMUN PAP.150 g;372244;SPAR Veggie;0.1500;kg;3.59;23.93;;;02.05.2025;3.59;9100000994192;Hrana
VEGGIE NO TUNA MASL.ULJE 150 g;372245;SPAR Veggie;0.1500;kg;3.59;23.93;;;02.05.2025;3.59;9100000995113;Hrana
DEO SPRAY INTRIGUE 75 ml;372248;JEAN MARC;0.0750;l;1.69;22.53;;;02.05.2025;1.69;5908241713831;Kozmetika
VEGGIE FALAFEL BIO 160 g;372250;SPAR Veggie;0.1600;kg;2.99;18.69;;;02.05.2025;2.99;9100000000442;Hrana
VEGGIE MLJEVENO BIO 75 g;372253;SPAR Veggie;0.0750;kg;3.59;47.87;;;02.05.2025;3.59;9100000992457;Hrana
VEGGIE CHILI SIN CARNE 160 g;372254;SPAR Veggie;0.1600;kg;5.99;37.44;;;02.05.2025;5.99;9100000981161;Hrana
VEGGIE BOLOGNESE 160 g;372256;SPAR Veggie;0.1600;kg;5.99;37.44;;;02.05.2025;5.99;9100000981185;Hrana
KUGLICE OD SU©.MANGA VIT.100 g;372260;SPAR Vital;0.1000;kg;4.99;49.90;;;02.05.2025;4.99;9100000993058;Hrana
MINI BROWNIES FREE FROM 222 g;372265;SPAR free from;0.2220;kg;3.99;17.97;;;02.05.2025;3.99;9100000995571;Hrana
SERUM ZA LI.HOLYPLANT NI.15 ml;372286;Holyplant;0.0150;L;10.99;732.67;;;02.05.2025;10.99;3858891013459;Kozmetika
KA©.NATUR PUR BIRC.MUSLI 190 g;372289;Spar Natur pur;0.1900;kg;1.19;6.26;;;02.05.2025;1.19;9100000002484;Hrana
KA©ICA NATUR PUR JAB.ZOB 190 g;372291;Spar Natur pur;0.1900;kg;1.29;6.79;;;02.05.2025;1.29;9100000002569;Hrana
TONIC S.PELLEGRINO OAK 0,33 L;372296;San Pellegrino;0.3300;L;1.92;5.82;;;02.05.2025;1.92;8002270296888;Piæa
KIST ZA PUDER PARSA 1/1;372297;PARSA;1.0000;kom;3.99;3.99;;;02.05.2025;3.99;4001065159388;Toaletne potrep¹tine
KIST ZA RUMENILO PARSA 1/1;372299;PARSA;1.0000;kom;3.49;3.49;;;02.05.2025;3.49;4001065159418;Toaletne potrep¹tine
VIKLERI ZA KOSU PARSA 9/1;372303;PARSA;9.0000;kom;5.99;0.67;;;02.05.2025;5.99;4001065622400;Toaletne potrep¹tine
VIKLERI ZA KOSU PARSA 12/1;372304;PARSA;12.0000;kom;4.99;0.42;;;02.05.2025;4.99;4001065622318;Toaletne potrep¹tine
KAMEN ZA MASA®U PARSA 1/1;372305;PARSA;1.0000;kom;8.99;8.99;;;02.05.2025;8.99;4001065163477;Toaletne potrep¹tine
KREMA ©JORA HIDRAT. ZA L.50 ml;372316;©JORA;0.0500;L;14.99;299.80;;;02.05.2025;14.99;3859894057143;Kozmetika
KREMA ©JORA ARANCIN  LIC.50 ml;372317;©JORA;0.0500;L;10.99;219.80;;;02.05.2025;10.99;3859894057150;Kozmetika
DEO ROLL ON ME©TAR BAG. 50 ml;372318;ME©TAR;0.0500;L;;63.80;3.19;3.99;02.05.2025;3.99;3859894057648;Kozmetika
DEO ROLL ON ME©TAR BALA. 50 ml;372319;ME©TAR;0.0500;L;;63.80;3.19;3.99;02.05.2025;3.99;3859894057631;Kozmetika
LIKER KORLAT SMOKVA LUX 0,7 L;372330;Korlat;0.7000;L;23.02;32.89;;;02.05.2025;23.02;3850112112293;Piæa
RAKIJA KORLAT LOZA LUX 0,7 L;372331;Korlat;0.7000;L;23.02;32.89;;;02.05.2025;23.02;3850112122544;Piæa
LIKER KORLAT ©IPAK LUX 0,7 L;372332;Korlat;0.7000;L;23.02;32.89;;;02.05.2025;23.02;3850112112255;Piæa
RAKIJA KORLAT BISKA LUX 0,7 L;372334;Korlat;0.7000;L;23.02;32.89;;;02.05.2025;23.02;3850112112231;Piæa
LIKER KORLAT VI©NJA LUX 0,7 L;372337;Korlat;0.7000;L;23.02;32.89;;;02.05.2025;23.02;3850112112217;Piæa
PEKMEZ ©LJIVA DIDA BO®A 650 g;372338;Dida Boza;0.6500;kg;5.69;8.75;;;02.05.2025;5.69;3859894111036;Hrana
RAKIJA KORLAT TRAVAR.LUX 0,7 L;372340;Korlat;0.7000;L;23.02;32.89;;;02.05.2025;23.02;3850112122568;Piæa
KOLAÈ S MAKOM I VI©NJAMA 540 g;372341;;0.5400;kg;6.19;11.46;;;02.05.2025;6.19;3858889618888;Hrana
BISKVIT ROLINO MLIJEÈNI  222 g;372342;DESPAR;0.2220;kg;1.69;7.61;;;02.05.2025;1.69;8001300804567;Hrana
PECIVO HAMBURGER SEZAM 300 g;372343;DESPAR;0.3000;kg;1.49;4.97;;;02.05.2025;1.49;8001300701941;Hrana
DESPAR HRSKAVI KREKER 180 g;372344;DESPAR;0.1800;kg;1.39;7.72;;;02.05.2025;1.39;8001300801832;Hrana
ÈET.ZA ZUBE DENTA KISS DRV.1/1;372345;Denta Kiss;1.0000;kom;1.99;1.99;;;02.05.2025;1.99;9100000984278;Kozmetika
ZUB.KONAC DENTA KISS MINT 75 m;372346;DENTA KISS;1.0000;kom;1.49;1.49;;;02.05.2025;1.49;9100000984179;Kozmetika
KREMA MIZON BB21 SPF 30+ 50 ml;372351;Mizon;0.0500;l;21.99;439.80;;;02.05.2025;21.99;8809663754129;Kozmetika
KREMA MIZON BB23 SPF 30+ 50 ml;372352;Mizon;0.0500;l;21.99;439.80;;;02.05.2025;21.99;8809663754136;Kozmetika
KREMA MIZON BB27 SPF 30+ 50 ml;372353;Mizon;0.0500;l;21.99;439.80;;;02.05.2025;21.99;8809663754143;Kozmetika
ANTIPASTI MIX KÄSEMACHER 360 g;372354;;0.3600;kg;6.99;19.42;;;02.05.2025;6.99;9003454137200;Hrana
MASKA  ZA LICE MIZON ©IPAK ;372355;Mizon;1.0000;KOM;1.99;1.99;;;02.05.2025;1.99;8809663752347;Kozmetika
KREMA BEAUSTA BLEMI.CICA 15 ml;372357;Beausta;0.0150;L;3.98;265.33;;;02.05.2025;3.98;8809577461175;Kozmetika
CHAMPAGNE MOET CHAN. 0,75 L GB;372365;Moet & Chandon;0.7500;L;50.02;66.69;;;02.05.2025;50.02;3185370763957;Piæa
KRUH PIROV PUNOZRN.SPAR 500g;372366;SPAR Qualitätsmarke;0.5000;kg;2.49;4.98;;;02.05.2025;2.50;9100000002279;Hrana
©AMP.AFRODITA KOPRIVA950 ml;372367;Afrodita;0.9500;l;4.49;4.73;;;02.05.2025;4.49;3831070661672;Kozmetika
©AM.AFRODITA ÈE©NJAK 950 ml;372371;Afrodita;0.9500;l;4.49;4.73;;;02.05.2025;4.49;3831070661696;Kozmetika
©AMP.AFRODITA KAMILICA 950 ml ;372374;Afrodita;0.9500;l;4.49;4.73;;;02.05.2025;4.49;3831070661689;Kozmetika
©AMP.AFRODITA KONOPLJA 950 ml;372378;Afrodita;0.9500;l;5.29;5.57;;;02.05.2025;5.29;3831070661627;Kozmetika
©AMPON AFRODITA BIOTIN 950 ml;372379;Afrodita;0.9500;l;5.29;5.57;;;02.05.2025;5.29;3831070661641;Kozmetika
ZORINA MAST 250 ml;372386;ZORINA MAST;0.2500;L;;63.96;15.99;19.39;02.05.2025;23.99;3859894008312;Kozmetika
PATRONE GILLETTE M3 CHARC. 5/1;372395;Gillette;5.0000;kom;17.25;3.45;;;02.05.2025;17.25;8700216062770;Kozmetika
KOZICE OÈI©ÆENE S-BUDGET 250 g;372410;S-Budget;0.2500;kg;2.99;11.96;;;02.05.2025;2.99;3856021222252;Hrana
SRED.AJAX SHOWER POWER 500 ml;372422;Ajax;0.5000;l;4.49;8.98;;;02.05.2025;4.49;8718951533691;Sredstva za èi¹æenje
PIVO GRIF IPA 0,5 L LIMENKA;372460;;0.5000;L;2.72;5.44;;;02.05.2025;2.72;3859893353666;Piæa
SOMERSBY MANDARINA 0,33 L 0,0%;372461;Somersby;0.3300;L;1.68;5.09;;;02.05.2025;1.68;3858887584550;Piæa
SOMERSBY JAGO.LIME.0,33 L 0,0%;372462;Somersby;0.3300;L;1.45;4.39;;;02.05.2025;1.45;3858887584383;Piæa
OGLEDALO PARSA BAMBUS 1/1;372492;PARSA;1.0000;kom;12.99;12.99;;;02.05.2025;12.99;4001065804424;Toaletne potrep¹tine
ÈE©ALJ PARSA S OGLEDA.;372493;PARSA;1.0000;kom;2.99;2.99;;;02.05.2025;2.99;4001065903837;Toaletne potrep¹tine
ÈETKICA PARSA ZA NOKTE ;372494;PARSA;1.0000;kom;2.49;2.49;;;02.05.2025;2.49;4001065504027;Toaletne potrep¹tine
ÈETKICA PARSA ZA NOKTE DVOSTR.;372495;PARSA;1.0000;kom;2.49;2.49;;;02.05.2025;2.49;4001065162357;Toaletne potrep¹tine
ÈETKICA PARSA ZA NOKTE S DR©.;372496;PARSA;1.0000;kom;1.79;1.79;;;02.05.2025;1.79;4001065162050;Toaletne potrep¹tine
ÈE©ALJ PARSA KARBONSKI 1/1;372500;PARSA;1.0000;kom;5.99;5.99;;;02.05.2025;5.99;4001065582957;Toaletne potrep¹tine
ÈE©ALJ PARSA ZA TUPIRANJE 1/1;372502;PARSA;1.0000;kom;4.99;4.99;;;02.05.2025;4.99;4001065582926;Toaletne potrep¹tine
ÈOK.DRA®.RUM KOKOS SB.300 g;372505;S-Budget;0.3000;kg;3.59;11.97;;;02.05.2025;3.59;9100000987422;Hrana
RUM CARIBICA WHITE 0,7 L;372506;;0.7000;L;8.72;12.46;;;02.05.2025;8.72;4009887360708;Piæa
RUM CARIBICA DARK 0,7 L;372507;;0.7000;L;8.72;12.46;;;02.05.2025;8.72;4006714007003;Piæa
ABSOLUT RASPBERRY LEMO. 0,25 L;372519;;0.2500;L;2.82;11.28;;;02.05.2025;2.82;7312040323043;Piæa
VINO ROSE TELUS 0,75 L;372532;;0.7500;L;10.02;13.36;;;02.05.2025;10.02;3857500014184;Piæa
VINO PO©IP VRHUNS.TELUS 0,75 L;372533;;0.7500;L;13.02;17.36;;;02.05.2025;13.02;3857500014177;Piæa
TEK.FAKS MICELLAR 900 ml;372536;Faks;0.9000;l;;6.10;5.49;5.99;02.05.2025;6.95;3850105178886;Sredstva za èi¹æenje
Kruh krumpirov s lukom 400 g;372549;Bäckerei SPAR;0.4000;kg;1.89;4.73;;;02.05.2025;1.89;;Hrana
KUGLICE OD MEDA S KAKAOM 235g;372550;;0.2350;kg;5.79;24.64;;;02.05.2025;4.63;8594071650308;Hrana
KUGLICE OD MEDA 235g;372551;;0.2350;kg;5.79;24.64;;;02.05.2025;4.63;8594071650292;Hrana
TP ZEWA BRESKVA 24/1;372552;Zewa;24.0000;kom;;0.29;6.89;6.99;02.05.2025;6.99;7322541171814;Toaletne potrep¹tine
TP ZEWA DELICATE CARE 24/1;372554;Zewa;24.0000;kom;;0.29;6.89;6.99;02.05.2025;6.99;7322541185040;Toaletne potrep¹tine
PAP.RUÈ.VIOLETA XXL 3 SL. 1/1;372557;Violeta;1.0000;kom;4.49;4.49;;;02.05.2025;4.49;3858893660804;Proizvodi za kuæanstvo
OSVJ.WC DUCK 2x36 g;372558;Duck;0.7200;kg;1.95;2.71;;1.95;02.05.2025;1.95;5000204323894;Sredstva za èi¹æenje
ÈAJ PODRAVKA IMUNO 50 g;372559;Podravka;0.0500;KG;2.69;53.80;;;02.05.2025;2.69;3838700168181;Piæa
ÈAJ PODRAVKA BRONHO 24 g;372560;Podravka;0.0240;KG;2.69;112.08;;;02.05.2025;2.69;3856020252960;Piæa
FEN ÈETKA ZA KOSU PARSA 1/1;372580;PARSA;1.0000;kom;4.99;4.99;;;02.05.2025;4.99;4001065557078;Toaletne potrep¹tine
ÈETKA PARSA OVALNA 5023 1/1;372582;PARSA;1.0000;kom;9.99;9.99;;;02.05.2025;9.99;4001065556842;Toaletne potrep¹tine
FEN ÈETKA PARSA TREND CRNA 1/1;372584;PARSA;1.0000;kom;4.99;4.99;;;02.05.2025;4.99;4001065664486;Toaletne potrep¹tine
ÈETKA PARSA OVALNA TREND 1/1;372586;PARSA;1.0000;kom;4.99;4.99;;;02.05.2025;4.99;4001065663342;Toaletne potrep¹tine
ÈETKA PARSA VELIKA OVALNA 1/1;372588;PARSA;1.0000;kom;6.99;6.99;;;02.05.2025;6.99;4001065556903;Toaletne potrep¹tine
ROLLER ZA LICE PARSA 1/1;372589;PARSA;1.0000;kom;9.99;9.99;;;02.05.2025;9.99;4001065311533;Toaletne potrep¹tine
MLIJ.KAKAO NAP.BEZ LAKT.SB 1 L;372640;S-Budget;1.0000;L;1.99;1.99;;;02.05.2025;1.99;9100000993591;Hrana
PP VODKA THREE SIX. 0,7 L+ÈA©A;372666;;0.7000;L;16.02;22.89;;;02.05.2025;16.02;4007675053023;Piæa
KAPSULE CORTADO DECAFF. 99,2 g;372677;;0.0992;kg;5.29;53.33;;5.29;02.05.2025;6.49;7613033494765;Piæa
ZUB.P.ORAL B WHITE GUM 2x75 ml;372684;Oral B;0.1500;l;5.95;39.67;;;02.05.2025;5.95;8700216541084;Kozmetika
SIR PARM.REGG.BIO NP 50 g ;372687;SPAR;0.0500;kg;1.59;31.80;;;02.05.2025;1.59;9100000001210;Hrana
INSTANT KAVA 3U1 STRONG 14 g;372692;Nestle;0.0140;kg;0.35;25.00;;;02.05.2025;0.35;7613038158884;Piæa
VINO CUVEE C.SVINJA MA. 0,75 L;372695;;0.7500;L;6.22;8.29;;;02.05.2025;6.22;3859893430312;Piæa
HULALA ©LAG BILJ.SPREJ 250 g;372696;;0.2500;kg;2.49;9.96;;;02.05.2025;2.49;8007990601868;Hrana
ÈIPS RI®A SALSA PAPRIKA 60 g;372698;;0.0600;kg;1.29;21.50;;;02.05.2025;1.29;3800233091205;Hrana
ÈIPS RI®A CHEDDAR 60 g;372700;B Safe;0.0600;kg;1.29;21.50;;;02.05.2025;1.29;3800233091168;Hrana
ÈIPS RI®A VLASAC VRHNJE 60 g;372702;;0.0600;kg;1.29;21.50;;;02.05.2025;1.29;3800233091212;Hrana
ÈIPS RI®A BARBECEU 60 g;372703;;0.0600;kg;1.29;21.50;;;02.05.2025;1.29;3800233091625;Hrana
KREKER RI®A SJEMENKE 100 g;372705;;0.1000;kg;1.29;12.90;;;02.05.2025;1.29;3800233091182;Hrana
KREKER RI®A CHIA 100 g;372708;;0.1000;kg;1.29;12.90;;;02.05.2025;1.29;3800233091199;Hrana
PLOÈICA PROT.ENERVIT COCO 40 g;372712;;0.0400;kg;1.69;42.25;;;02.05.2025;1.69;80483915;Hrana
LIMETA DEHIDRIRANA 30 g;372713;;0.0300;kg;3.99;133.00;;;02.05.2025;3.99;3859894055446;Hrana
PLOÈICA PROT.ENER.DARK CH.40 g;372714;;0.0400;kg;2.19;54.75;;;02.05.2025;2.19;8007640896118;Hrana
NARANÈA DEHIDRIRANA 30 g;372715;;0.0300;kg;3.99;133.00;;;02.05.2025;3.99;3859894055460;Hrana
LIMUN DEHIDRIRANI 30 g;372716;;0.0300;kg;3.99;133.00;;;02.05.2025;3.99;3859894055453;Hrana
PLOÈICA PROT.ENER.LEMON 48 g;372717;;0.0480;kg;2.19;45.63;;;02.05.2025;2.19;8007640879012;Hrana
PLOÈICA PROT.ENER.HAZEL.48 g;372718;;0.0480;kg;2.19;45.63;;;02.05.2025;2.19;8007640896071;Hrana
NAPITAK ALPRO BARIS.KOKOS 1 L;372720;Alpro;1.0000;l;3.99;3.99;;;02.05.2025;3.99;5411188119753;Piæa
KEKS BALVITEN MASL.BG.130 g;372728;;0.1300;kg;;12.23;1.59;1.99;02.05.2025;1.99;5907653103797;Hrana
KEKS BALVITEN ÈOKO BG.130 g;372729;;0.1300;kg;;14.54;1.89;2.39;02.05.2025;2.39;5907653100697;Hrana
PLO.NE.FIT.CH.BADEM 23,5 g;372732;Nestle;0.0235;kg;0.99;42.13;;;02.05.2025;0.89;5900020044501;Hrana
CANNELLONI DESPAR 250 g;372733;Despar;0.2500;kg;1.49;5.96;;;02.05.2025;1.49;9100000002378;Hrana
NAMAZ MARGO LIGHT 225 g;372735;Zvijezda;0.2250;kg;1.19;5.29;;;02.05.2025;1.19;3856015325389;Hrana
NAMAZ MARGO S JOGURTOM 225 g;372736;Zvijezda;0.2250;kg;1.29;5.73;;;02.05.2025;1.29;3856015325358;Hrana
NJOKI DESPAR CREMOSO 390 g;372737;Despar;0.3900;kg;2.49;6.38;;;02.05.2025;2.49;9100000987866;Hrana
NJOKI DESPAR POMODORO 390 g;372738;Despar;0.3900;kg;2.49;6.38;;;02.05.2025;2.49;9100000987903;Hrana
NJOKI DESPAR PESTO 390 g;372739;Despar;0.3900;kg;2.49;6.38;;;02.05.2025;2.49;9100000987880;Hrana
NAMAZ OD BADEMA NUTZ 310 g;372741;;0.3100;kg;7.99;25.77;;;02.05.2025;7.99;3831027605773;Hrana
TELEÆA KOBASICA TANN 200 g;372748;TANN;0.2000;kg;3.49;17.45;;;02.05.2025;3.49;9100200102946;Hrana
BOMB.SQUIRLY DIP&MIX 50 g;372755;Ajax;0.0500;kg;1.69;33.80;;;02.05.2025;1.69;4262393721771;Hrana
VAFEL LASTA KOKOS 200 g;372759;Lasta;0.2000;kg;1.99;9.95;;;02.05.2025;2.39;3870128035669;Hrana
KEKSI S BUDGET PETIT 400 g;372763;S-Budget;0.4000;kg;1.19;2.98;;;02.05.2025;1.19;3831115324906;Hrana
KAPSULE LAVAZZA INTENSO 57 g;372772;Lavazza;0.0570;KG;5.39;94.56;;;02.05.2025;5.39;8000070054271;Piæa
KAPSULE LAVAZZA DECAF 58 g;372776;Lavazza;0.0580;KG;5.39;92.93;;;02.05.2025;5.39;8000070053601;Piæa
KAPSULE LAVAZZA RISTRETTO 57 g;372777;Lavazza;0.0570;KG;5.39;94.56;;;02.05.2025;5.39;8000070053564;Piæa
KAPSULE LAVAZZA LUNGO 56 g;372779;Lavazza;0.0560;KG;5.39;96.25;;;02.05.2025;5.39;8000070053571;Piæa
TIRAMISU SPAR PREMIUM 500 g;372828;SPAR PREMIUM;0.5000;kg;6.99;13.98;;;02.05.2025;6.99;8001300670131;Hrana
PROFITEROLI SPAR PREMIUM 500 g;372829;SPAR PREMIUM;0.5000;kg;5.99;11.98;;;02.05.2025;5.99;8001300675044;Hrana
ODMA©ÆIVAÈ UNIVER.SMAC 650 ml;372857;Smac;0.6500;L;3.49;5.37;;;02.05.2025;3.49;8003650026743;Sredstva za èi¹æenje
POSLASTICA ZA PSE HOBBY 230 g;372859;;0.2300;kg;1.49;6.48;;;02.05.2025;1.49;3838964100439;Proizvodi za kuæanstvo
S-BUDGET CAKE SPIRIT 0,5 L;372861;S-Budget;0.5000;L;5.49;10.98;;;02.05.2025;5.52;3856021225604;Piæa
S-BUDGET CAKE SPIRIT 0,1 L;372862;S-Budget;0.1000;L;1.29;12.90;;;02.05.2025;1.29;3856021225901;Piæa
ÈAJNO PEC.DESPAR CANESTRE.250g;372863;Despar;0.2500;kg;1.99;7.96;;;02.05.2025;1.99;8001300500940;Hrana
TUNA PA©TETA ARGETA TIM.95 g;372864;Argeta;0.0950;kg;;17.79;1.69;1.99;02.05.2025;1.99;3838471052313;Hrana
PAPRIÈICE LUXEAP.JALAP.360 g;372868;Luxeapers;0.1800;kg;2.49;13.83;;;02.05.2025;2.49;8422243778881;Hrana
TUNA EVA S POVRÆEM 100 g ;372869;Eva;0.0700;kg;2.49;35.57;;;02.05.2025;2.49;3856020263157;Hrana
SKU©A EVA POVRÆE 100 g;372870;Eva;0.0700;kg;1.99;28.43;;;02.05.2025;1.99;3856020263065;Hrana
MASLINE TRENTON ZELENE 530 g;372877;Trenton;0.2750;kg;2.29;8.33;;;02.05.2025;2.29;3858894873029;Hrana
MASLINE TRENTON CRNE 580 g;372878;Trenton;0.3500;kg;3.39;9.69;;;02.05.2025;3.39;3858894873524;Hrana
MASLINE TRENTON CRNE B.K.580 g;372879;Trenton;0.2650;kg;3.39;12.79;;;02.05.2025;3.39;3858894873623;Hrana
MASLINE TRENTON ZEL.B.K.520 g;372880;Trenton;0.2750;kg;2.89;10.51;;;02.05.2025;2.89;3858894873128;Hrana
MASL.TREN.ZEL.PUNJ.PAPR.530 g;372881;Trenton;0.2900;kg;3.19;11.00;;;02.05.2025;3.19;3858894873227;Hrana
ODSTRANJ.©MINKE ISANA 100 ml;372883;ISANA;0.1000;l;1.49;14.90;;;02.05.2025;1.49;4305615657271;Kozmetika
ULJNI ODST.©MINKE ISANA 100 ml;372884;ISANA;0.1000;l;1.49;14.90;;;02.05.2025;1.49;4305615657264;Kozmetika
KUPKA ISANA CREAM&CARE 750 ml;372885;ISANA;0.7500;l;1.99;2.65;;;02.05.2025;1.99;4305615712666;Kozmetika
KUPKA ISANA TRAUMZEIT 750 ml;372886;ISANA;0.7500;l;1.99;2.65;;;02.05.2025;1.99;4305615621715;Kozmetika
ULJ.MAS.DJ.EX.BIO JUNIOR 0,5 L;372888;;0.5000;L;7.49;14.98;;;02.05.2025;7.49;3859893678202;Hrana
PILEÆI MARINIRANI FILE 400 g;372890;Perutnina;0.4000;kg;5.97;14.93;;;02.05.2025;5.97;3850220408806;Hrana
DVOST.MODNA TRAKA PARSA 27 kom;372924;PARSA;27.0000;kom;6.99;0.26;;;02.05.2025;6.99;4001065866231;Toaletne potrep¹tine
KREKERI NATUR PUR PUNOZ.110 g;372929;SPAR Natur*pur;0.1100;kg;2.69;24.45;;;02.05.2025;2.65;9100000967110;Hrana
ROLLER ZA LICE PARSA ROSE 1/1;372930;PARSA;1.0000;kom;14.99;14.99;;;02.05.2025;14.99;4001065915359;Toaletne potrep¹tine
SPU®VA ZA NJEGU KO®E PARSA 1/1;372932;PARSA;1.0000;kom;2.49;2.49;;;02.05.2025;2.49;4001065086721;Toaletne potrep¹tine
PUTNI SET ZA PUNJENJE PARSA;372935;PARSA;1.0000;kom;4.99;4.99;;;02.05.2025;4.99;4001065505420;Toaletne potrep¹tine
SPU®VA ZA KUPANJE PARSA 1/1;372937;PARSA;1.0000;kom;2.99;2.99;;;02.05.2025;2.99;4001065086219;Toaletne potrep¹tine
KEFIR SUPER´Z BREGOV 750 g;372960;Vindija;0.7500;kg;2.09;2.79;;;02.05.2025;2.09;3850108037548;Hrana
VRH.ZA KUH.BEZ LAKTOZE 0,2 L;372962;Vindija;0.2000;L;1.65;8.25;;;02.05.2025;1.65;3850108033489;Hrana
MLIJEÈNO PECIVO DULCESOL 210 g;372963;;0.2100;kg;0.99;4.71;;;02.05.2025;0.99;8410087335797;Hrana
JOG. PROTEIN SKYR Z´BREG.330 g;372965;Vindija;0.3300;kg;;3.61;1.19;1.69;02.05.2025;1.69;3850108037500;Hrana
JOG.PROT.SKYR VI©NJ.Z´BR.330 g;372966;Vindija;0.3300;kg;;3.61;1.19;1.69;02.05.2025;1.69;3850108037524;Hrana
TEK.PROT.SKYR BRES./MAR.330 g;372969;Vindija;0.3300;kg;;3.61;1.19;1.69;02.05.2025;1.69;3850108037517;Hrana
NAMAZ TUNA ZVIJEZDA 100 g ;372974;Zvijezda;0.1000;kg;1.89;18.90;;;02.05.2025;1.89;3856015329370;Hrana
PISTAC.OLJU©T.SPAR 80 g;372992;SPAR;0.0800;kg;3.99;49.88;;;02.05.2025;3.99;9100000904573;Hrana
ORA©.EXOTIC MIX SB 200 g;372996;S-Budget;0.2500;kg;2.99;11.96;;;02.05.2025;2.29;9100000441825;Hrana
PJEN.SCHLUMBE.WHITE ICE 0,75 L;373004;;0.7500;L;30.02;40.03;;;02.05.2025;30.02;9005702012819;Piæa
PJEN.SCHLUMBER.ROSE ICE 0,75 L;373005;;0.7500;L;30.02;40.03;;;02.05.2025;30.02;9005702012796;Piæa
PJENU©A.CANELLA PROSECCO 1,5 L;373006;Canella;1.5000;L;35.02;23.35;;;02.05.2025;35.02;8006233101509;Piæa
COCKTA.CIPRIANI BELLINI 0,75 L;373076;Cipriani;0.7500;L;15.02;20.03;;;02.05.2025;15.02;8052278320405;Piæa
SOL SPLENDID 2 kg;373091;Splendid;2.0000;KG;1.39;0.70;;;02.05.2025;1.49;9100000004969;Sredstva za èi¹æenje
SPU®VA FINO PROFILNA 2+1GRATIS;373092;;1.0000;kom;2.19;2.19;;;02.05.2025;2.19;8606013476607;Proizvodi za kuæanstvo
PAPIR ZA PEÈ. U LIST.16/1,FINO;373095;;16.0000;kom;2.99;0.19;;;02.05.2025;2.99;5201314094838;Proizvodi za kuæanstvo
SERUM AFRODITA 5PEPTIDI 30 ml;373128;Afrodita;0.0300;l;25.99;866.33;;;02.05.2025;25.99;3831070660859;Kozmetika
KREMA AFRODITA 5PEPTIDE 15 ml;373131;Afrodita;0.0150;l;25.99;1732.67;;;02.05.2025;25.99;3831070660842;Kozmetika
KREMA AFRODI 5PEP. LIFT 50 ml;373132;Afrodita;0.0500;l;32.99;659.80;;;02.05.2025;32.99;3831070660835;Kozmetika
GEL AFRODITA ZA BRI.SEN 150 ml;373134;Afrodita;0.1500;l;;37.27;5.59;6.99;02.05.2025;6.99;3831070660385;Kozmetika
KREMA AFRODITA AN.AGE SE.50 ml;373135;Afrodita;0.0500;l;;167.80;8.39;10.49;02.05.2025;10.49;3831070660392;Kozmetika
AFTER SHA.AFRODITA SENSI 50 ml;373136;Afrodita;0.0500;l;;159.80;7.99;9.99;02.05.2025;9.99;3831070660378;Kozmetika
©UNKA PUREÆA SLAVONKA 100 g;373138;Vindon;0.1000;kg;2.59;25.90;;;02.05.2025;2.59;3850159128943;Hrana
©UNKA PUREÆA DALMATINKA 100 g;373143;Vindon;0.1000;kg;2.59;25.90;;;02.05.2025;2.59;3850159128936;Hrana
EXTRA KOBASICA 360 g KUDELIÆ;373145;Kudeliæ;0.3600;kg;3.69;10.25;;;02.05.2025;3.79;3859891672738;Hrana
SLADILO STEVIQ 200 g;373163;;0.2000;kg;11.99;59.95;;;02.05.2025;11.99;3858893680000;Hrana
SLADILO STEVIQ 55 g;373164;;0.0550;kg;6.99;127.09;;;02.05.2025;6.99;3858893680024;Hrana
KOBASICA KRAINERJEVA 240 g;373170;Krainer;0.2400;kg;3.59;14.96;;;02.05.2025;3.59;9004286414903;Hrana
SMOKVA SUHA EUROCOMPANY 200 g;373191;EUROCOMPANY;0.2000;kg;1.59;7.95;;1.59;02.05.2025;1.59;3872084014528;Hrana
©TRUDLA MEDENA VI©NJA 145 g;373201;;0.1450;kg;1.19;8.21;;;02.05.2025;1.19;8606106300727;Hrana
Dalmatinska suha ¹unka Mijukiæ;373202;;1.0000;kg;21.99;21.99;;;02.05.2025;18.99;93859894171101;Hrana
©TRUD.MEDE.MIJE©ANO VOÆE 145 g;373205;;0.1450;kg;1.19;8.21;;;02.05.2025;1.19;8606106300710;Hrana
GEL TU©. AXE AFRICA 700 ml;373206;Axe;0.7000;l;;6.70;4.69;7.29;02.05.2025;7.29;8720181166372;Kozmetika
GEL TU©.AXE BLACK 700 ml;373207;Axe;0.7000;l;7.29;10.41;;;02.05.2025;7.29;8720181166389;Kozmetika
DET.DUEL SOFT LOTUS 3 kg;373221;Duel;3.0000;KG;4.99;1.66;;;02.05.2025;4.99;8606013177986;Sredstva za èi¹æenje
OME.DUEL LIKE A DIAMOND 1,7 L;373223;Duel;1.7000;L;4.99;2.94;;;02.05.2025;4.99;8606015845586;Sredstva za èi¹æenje
GUMENI BOM.KATJES YOGH.175 g;373233;Katjes;0.1750;kg;1.59;9.09;;;02.05.2025;1.59;4037400344737;Hrana
GUMENI BOM.KATJES WUNDER.175 g;373235;Katjes;0.1750;kg;1.59;9.09;;;02.05.2025;1.59;4037400344782;Hrana
GUMENI BOM.KATJ.WUN.PINK 175 g;373241;Katjes;0.1750;kg;1.59;9.09;;;02.05.2025;1.59;4037400344805;Hrana
GUMENI BOM.KATJ.WUN.RAIN.175 g;373245;Katjes;0.1750;kg;1.59;9.09;;;02.05.2025;1.59;4037400344799;Hrana
PILING DALON JAGODA 500 ml;373254;DALON;0.5000;l;9.99;19.98;;;02.05.2025;9.99;5203226401520;Kozmetika
PILING DALON ROSE CHAMP 500 ml;373255;DALON;0.5000;l;9.99;19.98;;;02.05.2025;9.99;5203226401544;Kozmetika
PILING DALON GREEN TEA  500 ml;373257;DALON;0.5000;l;9.99;19.98;;;02.05.2025;9.99;5203226400608;Kozmetika
©AMPON DALON ZA KOSU 300 ml;373258;DALON;0.3000;l;8.99;29.97;;;02.05.2025;8.99;5203226400738;Kozmetika
SERUM DALON ZA KOS KON.100 ml ;373259;DALON;0.1000;kom;9.99;99.90;;;02.05.2025;9.99;5203226400752;Kozmetika
SERUM DALON ZA KOS KER.100 ml ;373262;DALON;0.1000;kom;6.99;69.90;;;02.05.2025;6.99;5203226401711;Kozmetika
MASKA DALON ZA KOSU KON.250 ml;373263;DALON;0.2500;l;8.99;35.96;;;02.05.2025;8.99;5203226400745;Kozmetika
MLIJEKO DALON BADEM 500 ml;373264;DALON;0.5000;L;7.89;15.78;;;02.05.2025;7.89;5203226400622;Kozmetika
DEO ROLL ON MELEM COLD 50 ml;373266;Melem;0.0500;l;3.59;71.80;;;02.05.2025;3.59;3856007911156;Kozmetika
BEZALKOHO. DAMRAK VIRGIN 0,7 L;373275;;0.7000;L;15.02;21.46;;;02.05.2025;15.02;8716000969996;Piæa
DOMAÆI PR©UT 300 g NAREZ.;373279;;0.3000;kg;7.29;24.30;;;02.05.2025;7.29;3859894171061;Hrana
DALMATINSKA BUÐOLA 300 g NAR.;373280;;0.3000;kg;6.29;20.97;;;02.05.2025;6.29;3859894171085;Hrana
PROSECCO FANTINE.EX DRY 0,75 L;373297;;0.7500;L;10.02;13.36;;;02.05.2025;10.02;8009663105048;Piæa
PECIVO PUTER ©TANG.S-BUD.180 g;373318;S-BUDGET;0.1800;kg;1.89;10.50;;;02.05.2025;1.89;3856021226038;Hrana
KREM SLA.IRISH CR.CROCC.500 ml;373329;;0.5000;L;8.49;16.98;;;02.05.2025;8.49;3859894052209;Hrana
KOZICE U HRS.PANADI LEDO 250 g;373336;Ledo;0.2500;kg;6.99;27.96;;;02.05.2025;6.99;3850116063805;Hrana
POMMES FRITES TANKI LEDO 600 g;373337;Ledo;0.6000;kg;3.99;6.65;;;02.05.2025;3.99;3850116063867;Hrana
VINO KOZLOVIÆ TERAN 0,75 L;373380;;0.7000;L;19.99;28.56;;;02.05.2025;19.99;3859893243028;Piæa
VINO WHISPERING ANG.RO. 0,75 L;373381;;0.7500;L;26.02;34.69;;;02.05.2025;26.02;3666140026804;Piæa
PJENU.VINO KADARITA DRY 0,75 L;373383;;0.7500;L;2.52;3.36;;;02.05.2025;2.52;5905466036981;Piæa
COCKTAIL CW BLUE MOON 0,33 L;373385;;0.3300;L;1.42;4.30;;;02.05.2025;1.42;5905466029198;Piæa
COCKTAIL CW COSMOPOL. 0,33 L;373386;;0.3300;L;1.42;4.30;;;02.05.2025;1.42;5905466029273;Piæa
COCKTAIL CW MANGOCOL. 0,33 L;373388;;0.3300;L;1.42;4.30;;;02.05.2025;1.42;5905466029235;Piæa
COCKTAIL CW MOJITO 0,33 L;373389;;0.3300;L;1.42;4.30;;;02.05.2025;1.42;5905466029211;Piæa
COCKTAIL CW PINACOLADA 0,33 L;373391;;0.3300;L;1.42;4.30;;;02.05.2025;1.42;5905466029259;Piæa
MIRTILLO SPRITZ 0,25 L;373414;;0.2500;L;2.02;8.08;;;02.05.2025;2.02;9002280060164;Piæa
VINO MINUTY BLANC 0,75 L;373415;;0.7500;L;26.02;34.69;;;02.05.2025;26.02;3547103230004;Piæa
VINO MINUTY ROSE 0,75 L;373417;;0.7500;L;25.99;34.65;;;02.05.2025;25.99;3547103220005;Piæa
KOZICE U SALAMURI SPAR 180 g;373419;SPAR;0.1000;kg;3.29;32.90;;;02.05.2025;3.29;9100000443614;Hrana
ALUMINIJSKA FOLIJA 20m,FINO;373420;;1.0000;kom;5.69;5.69;;;02.05.2025;5.69;5900536352053;Proizvodi za kuæanstvo
PAPIR ZA PEÈ. U LIST.30/1,FINO;373421;;16.0000;kom;3.99;0.25;;;02.05.2025;3.99;5201314172550;Proizvodi za kuæanstvo
VINO MENEG.GLAVIÆ MALV. 0,75 L;373423;;0.7500;L;18.02;24.03;;;02.05.2025;18.02;3858889488269;Piæa
PJEN.VINO BORN ROSE 0,75 L;373425;;0.7500;L;16.02;21.36;;;02.05.2025;16.02;8437019544119;Piæa
SIR SVJ.PROTEIN ´Z BREG.250 g;373444;Z Bregov;0.2500;kg;1.45;5.80;;;02.05.2025;1.45;3850108058390;Hrana
KRAFNA TAMNA ÈOKO 4/1  300 g;373452;;0.3000;kg;2.99;9.97;;;02.05.2025;2.99;3830085170025;Hrana
©AMPINJONI S-BUDGET REZ.400 g;373454;S-Budget;0.2300;kg;1.49;6.48;;;02.05.2025;1.49;9100000749549;Hrana
MALINE BOROVN. MIX SPAR 250 g;373455;SPAR;0.2500;kg;2.49;9.96;;;02.05.2025;2.49;9100000965741;Hrana
KOLAÈ MR.BROWNIE S BOMBO.200 g;373466;;0.2000;kg;3.29;16.45;;;02.05.2025;3.29;8411037892490;Hrana
KOLAÈ MR.BROWNIE ÈOKOLAD.200 g;373468;;0.2000;kg;3.29;16.45;;;02.05.2025;3.29;8411037800037;Hrana
KOLAÈ MR.BROWNIE 200 g;373469;;0.2000;kg;3.29;16.45;;;02.05.2025;3.29;8411037892308;Hrana
BRAZIL.ORAH SPAR VITAL 200 g;373472;SPAR Vital;0.2000;kg;2.29;11.45;;;02.05.2025;2.29;9100000004945;Hrana
ZUB.PASTA DENTA KISS F. 125 ml;373474;Eigenbedarf;0.1250;L;0.99;7.92;;;02.05.2025;0.99;9100000984377;Kozmetika
AJVAR DOORA BLAGI 560 g;373479;Doora;0.5600;kg;3.49;6.23;;;02.05.2025;3.49;3858894541621;Hrana
AJVAR DOORA LJUTI 560 g;373480;Doora;0.5600;kg;3.49;6.23;;;02.05.2025;3.49;3858894541638;Hrana
TUNA EVA U RAJÈICI 100 g;373482;Eva;0.1000;kg;2.59;25.90;;;02.05.2025;2.59;3856020263218;Hrana
GRANOLA NUTOLA 300 g;373512;;0.3000;kg;5.99;19.97;;;02.05.2025;5.99;3859893972089;Hrana
KUH.VINO FREIX.MEDERANO 0,75 L;373513;Freixenet;0.7500;L;4.02;5.36;;;02.05.2025;4.02;4003310018112;Piæa
STARTER KIT AMBIPUR APPL.20 ml;373515;Ambi Pur;1.0000;kom;6.99;6.99;;;02.05.2025;6.99;8700216149204;Sredstva za èi¹æenje
ÈET.INTERDENT.DENTA KISS 36/1;373516;Denta Kiss;36.0000;kom;1.99;0.06;;;02.05.2025;1.98;9100000984087;Kozmetika
DUO KREMA ÈOKO.LJE©. 4x120 g;373521;Dukat;0.4800;kg;2.75;5.73;;;02.05.2025;2.75;3850354018032;Hrana
KREMA  ZA DDEPILA.ÈUPKO 100 ml;373526;Èupko;0.1000;kom;3.50;35.00;;;02.05.2025;3.50;3859888495340;Kozmetika
©AMPON BATISTE ORIGINAL 200ml;373535;BATISTE;0.2000;l;4.59;22.95;;;02.05.2025;4.59;5010724527481;Kozmetika
KA©ICA HIPP SNACKIE 120 g;373538;Hipp;0.1200;kg;1.39;11.58;;;02.05.2025;1.40;4062300325197;Hrana
KA©ICA HIPP SNACKIE 120 g;373539;Hipp;0.1200;kg;1.39;11.58;;;02.05.2025;1.40;4062300325227;Hrana
PJEN.SREB.PENINA EX.DRY 0,75 L;373550;;0.7500;L;9.82;13.09;;;02.05.2025;9.82;3830000341127;Piæa
PJEN.SR.PENINA TRAMINEC 0,75 L;373555;;0.7500;L;9.82;13.09;;;02.05.2025;9.82;3830000343305;Piæa
WHISKY BALLANTINES 10YO 0,7 L;373558;;0.7000;L;26.02;37.17;;;02.05.2025;26.02;5000299628713;Piæa
VINO M.ARMAN MERLOT 0,75 L;373560;;0.7500;L;16.29;21.72;;;02.05.2025;16.29;3859893024122;Piæa
ÈAJ SPAR ÐUMBIR LIMUN 30 g;373581;SPAR;0.0300;KG;1.09;36.33;;;02.05.2025;1.09;3856021225642;Piæa
ÈAJ SPAR JABUKA CIMET 30 g;373582;SPAR;0.0300;KG;0.99;33.00;;;02.05.2025;0.99;3856021225628;Piæa
PUREÆI FILE 475 g;373599;Vindon;0.4750;kg;6.59;13.87;;;02.05.2025;5.29;3850339402665;Hrana
PA©TETA PODR.KOKO©JA GOLD 95 g;373606;Podravka;0.0950;kg;1.29;13.58;;;02.05.2025;1.29;3856020263720;Hrana
TUNA EVA KOMAD.BILJ.ULJE 100 g;373609;Eva;0.0700;kg;2.79;39.86;;;02.05.2025;2.79;3856020263188;Hrana
KREMA AFRODI 5PEP. LIFT 50 ml;373610;Afrodita;0.0500;l;32.99;659.80;;;02.05.2025;32.99;3831070660828;Kozmetika
KOBASICA EXTRA 350 g ;373611;Perutnina;0.3500;kg;1.29;3.69;;0.99;02.05.2025;2.19;3850220151351;Hrana
KREMA AFRODITA ALOE VERA 50 ml;373612;Afrodita;0.0500;l;11.49;229.80;;;02.05.2025;11.49;3831070656548;Kozmetika
KREMA AFRODITA ALOE VERA 50 ml;373613;Afrodita;0.0500;l;11.49;229.80;;;02.05.2025;11.49;3831070656555;Kozmetika
©AMPON AFRODITA KAMILI. 950 ml;373614;Afrodita;1.0000;l;5.29;5.29;;;02.05.2025;5.29;3831070661634;Kozmetika
©AM.AFRODITA ÈIÈAK 950 ml;373615;Afrodita;0.9500;l;4.49;4.73;;;02.05.2025;4.49;3831070661665;Kozmetika
©AM.AFRODITA RICINUS 950 ml;373616;Afrodita;1.0000;kom;4.49;4.49;;;02.05.2025;4.49;3831070661658;Kozmetika
©AMP.AFRO.ZA KOSU I TIJ.950 ml;373617;Afrodita;0.9500;l;4.49;4.73;;;02.05.2025;4.49;3831070661702;Kozmetika
©AMP.AFRO.ZA KOSU I TIJ.950 ml;373620;Afrodita;0.9500;l;4.49;4.73;;;02.05.2025;4.49;3831070661719;Kozmetika
LIKER ANTIQUE PELINKOVAC 3 L;373623;;3.0000;L;75.02;25.01;;;02.05.2025;75.02;3850112112347;Piæa
TOAL.PAP.S BUDGET 16/1;373624;S-Budget;16.0000;KOM;3.49;0.22;;;02.05.2025;3.49;3856021225888;Toaletne potrep¹tine
KREMA AFRODITA HIDRAT. 50 ml;373627;Afrodita;0.0500;l;11.49;229.80;;;02.05.2025;11.49;3831070659594;Kozmetika
LINGUINI S PLO.MORA SPAR 500 g;373629;SPAR;0.5000;kg;5.49;10.98;;;02.05.2025;5.49;9100000987408;Hrana
MASLAC AFRODITA GRAPES 200 ml;373631;Afrodita;0.2000;l;8.69;43.45;;;02.05.2025;8.69;3831070661542;Kozmetika
PILING AFRODITA SWE.GRA 150 ml;373632;Afrodita;0.1500;l;8.69;57.93;;;02.05.2025;8.69;3831070661535;Kozmetika
TJES.MARODI FETTUCCINE 400 g;373633;;0.4000;kg;3.49;8.73;;;02.05.2025;3.49;3859893944369;Hrana
ZUB.PASTA DENTA KISS B. 125 ml;373642;Eigenbedarf;0.1250;L;0.99;7.92;;;02.05.2025;0.99;9100000984353;Kozmetika
JUHA TJEST.GRAH.S-BUDGET 620 g;373644;S-BUDGET;0.6200;kg;2.59;4.18;;;02.05.2025;2.59;8057204090827;Hrana
OSVJ.WC BREF PINE 6X50 g;373651;Bref;0.3000;kg;8.99;29.97;;;02.05.2025;8.99;9000101592085;Sredstva za èi¹æenje
GALA KOBASICA ZA KUHANJE 300 g;373656;Gavrilovic;0.3000;kg;2.05;6.83;;;02.05.2025;2.05;3858892725405;Hrana
PAP.RUÈ.VIOLETA ALL IN ONE 1/1;373659;Violeta;1.0000;KOM;3.45;3.45;;;02.05.2025;2.29;3858893660620;Proizvodi za kuæanstvo
©ARAN ODREZAK S BUDGET;373661;S-BUDGET;1.0000;kg;7.99;7.99;;;02.05.2025;7.99;3856021225765;Hrana
KATIN KOLAÈ PITA JABUKA  470 g;373667;;0.4700;kg;;11.68;5.49;6.99;02.05.2025;6.99;3859893454967;Hrana
©UNKA U OVITKU 400 g;373675;Pivac;0.4000;kg;3.39;8.48;;;02.05.2025;3.39;3858884998114;Hrana
KOBASICA DOMAÆA 330 g;373678;Pivac;0.3300;kg;5.69;17.24;;;02.05.2025;5.69;3858884998305;Hrana
KOBASICA BARANJSKA 330 g;373680;Pivac;0.3300;kg;5.49;16.64;;;02.05.2025;5.49;3858884998329;Hrana
VANILIN ©EÆER PODRA.8 g 10 PAK;373693;Dolcela;0.0800;kg;1.59;19.88;;;02.05.2025;1.59;3856020260767;Hrana
PRA©AK ZA PEC.PODRA.12g 10 PAK;373699;Podravka;0.1200;kg;1.59;13.25;;;02.05.2025;1.59;3856020254643;Hrana
ENER.PIÆE S-BUDGET JUNE.0,25 L;373712;S-Budget;0.2500;L;.63;2.52;;;02.05.2025;.63;9100000013268;Piæa
OSVJE®AVAJU.PIÆE TO JABUKA 2 L;373768;;2.0000;L;2.15;1.08;;;02.05.2025;2.15;3858890973839;Piæa
SPAR VREÆA ZA SM.REC.150L 8/1;373770;SPAR Qualitätsmarke;8.0000;kom;2.59;0.32;;;02.05.2025;2.59;9100000005331;Proizvodi za kuæanstvo
D®EM ©IPAK DOORA 680 g;373776;Doora;0.6800;kg;4.99;7.34;;;02.05.2025;4.99;3858894541744;Hrana
D®EM JAGODA DOORA 680 g;373778;Doora;0.6800;kg;4.99;7.34;;;02.05.2025;4.99;3858894541713;Hrana
TRET.GLISS 7 SEC 200 ml ;373801;Gliss;0.2000;l;3.49;17.45;;;02.05.2025;3.49;9000101610277;Kozmetika
KREMA SVEA  S HIJALURON 50 ml;373810;;0.0500;l;14.99;299.80;;;02.05.2025;14.99;3859894195036;Kozmetika
GEL TU©.ISANA ALOE VERA 300 ml;373822;ISANA;0.3000;L;0.89;2.97;;;02.05.2025;0.89;4305615727387;Kozmetika
GEL TU©.ISANA MED&MLIJ. 300 ml;373824;ISANA;0.3000;L;0.89;2.97;;;02.05.2025;0.89;4305615609447;Kozmetika
GAZIRAN.PIÆE S-BUDET TONIC 2 L;373836;S-Budget;2.0000;L;1.85;0.93;;;02.05.2025;1.82;9100000035765;Piæa
RIB.©TAPIÆ.ZLA.PAN. LEDO 224 g;373837;Ledo;0.2240;kg;2.99;13.35;;;02.05.2025;2.99;3850116066578;Hrana
PJEN.PAW PATROL BRESKVA 0,75 L;373865;;0.7500;L;3.82;5.09;;;02.05.2025;3.82;5905466037957;Piæa
PJEN.PAW PATROL JAGODA 0,75 L;373866;;0.7500;L;3.82;5.09;;;02.05.2025;3.82;5905466037933;Piæa
PJEN.PAW PATROL MALINA 0,75 L;373867;;0.7500;L;3.82;5.09;;;02.05.2025;3.82;5905466037971;Piæa
SIR S TARTUFIMA PRESID.200 g ;373886;President;0.2000;kg;6.99;34.95;;;02.05.2025;6.99;8410285102733;Hrana
TJE.MARODI TAGLIATELLE 400 g;373899;;0.4000;kg;3.49;8.73;;;02.05.2025;3.49;3859893944352;Hrana
SPR.ERDAL ZA IMPREGNACI.300 ml;373911;Erdal;0.3000;L;5.90;19.67;;;02.05.2025;5.90;4009175964694;Proizvodi za kuæanstvo
TJE.MAR.TAGLIATELLE VERDI 400g;373915;;0.4000;kg;3.49;8.73;;;02.05.2025;3.49;3859893944376;Hrana
TJESTENINA MARODI FU®I 400 g;373916;;0.4000;kg;3.49;8.73;;;02.05.2025;3.49;3859888666405;Hrana
SD SPU®VICA SCRUB DADDY ORIG.;373921;;1.0000;kom;3.99;3.99;;;02.05.2025;3.39;5060481020718;Proizvodi za kuæanstvo
SD SPU®VICA SCRUB MOMMY ROZA;373922;;1.0000;kom;3.99;3.99;;;02.05.2025;3.39;5060481022040;Proizvodi za kuæanstvo
SD SPU®VICA ZA PRA©.DAMPDUSTER;373923;;1.0000;kom;4.49;4.49;;;02.05.2025;3.81;5060481022248;Proizvodi za kuæanstvo
KRUPICA KUKURUZ ÈAK.MLIN.450 g;373924;;0.4500;kg;1.19;2.64;;;02.05.2025;1.19;3858884176048;Hrana
BRI.WILKIN.HYDRO+4PATRO.;373925;Wilkinson;1.0000;kom;4.99;4.99;;4.95;02.05.2025;7.09;4027800513505;Kozmetika
©TAPIÆI SL.NUTRI PLUS 160 g;373929;;0.1600;kg;2.29;14.31;;;02.05.2025;2.29;5310133003454;Hrana
ÈOK.PRUT.EUROCREM MIX 280 g;373930;Eurocrem;0.2800;kg;4.49;16.04;;;02.05.2025;4.49;8601900502773;Hrana
TEK.SAPUN ISANA NARANÈA 350 ml;373941;ISANA;0.3500;L;2.49;7.11;;;02.05.2025;2.49;4305615765129;Kozmetika
TEK.SAPUN ISANA LIMUN 350 ml;373942;ISANA;0.3500;L;2.49;7.11;;;02.05.2025;2.49;4305615904658;Kozmetika
DEO ISANA MEN APPEAL 150 ml ;373943;ISANA;0.1500;L;1.79;11.93;;;02.05.2025;1.79;4305615754093;Kozmetika
GEL ZA KOSU ISANA MEN 150 ml;373944;ISANA;0.1500;L;1.99;13.27;;;02.05.2025;1.99;4305615982663;Kozmetika
KUPKA ISANA KIDS 500 ml;373945;ISANA;0.5000;L;2.49;4.98;;;02.05.2025;2.49;4068134031761;Kozmetika
LOSION PRANJE ISANA MED 500 ml;373946;ISANA;0.5000;L;1.49;2.98;;;02.05.2025;1.49;4305615629100;Kozmetika
MLI.ZA TIJELO ISANA MED 250 ml;373947;ISANA;0.2500;L;2.49;9.96;;;02.05.2025;2.49;4305615982250;Kozmetika
SD JASTUÈIÆ ZA RIB.3/1,DADDY;373949;;3.0000;kom;4.99;1.66;;;02.05.2025;4.24;5060481020374;Proizvodi za kuæanstvo
GEL TU©.ISANA MED 250 ml;373950;ISANA;0.2500;L;1.29;5.16;;;02.05.2025;1.29;4305615629162;Kozmetika
SD DOZATOR S ÈETKOM,DADDY;373951;;1.0000;kom;11.99;11.99;;;02.05.2025;10.19;5060481022576;Proizvodi za kuæanstvo
ULJNI GEL TU©.ISANA MED 250 ml;373953;ISANA;0.2500;L;1.59;6.36;;;02.05.2025;1.59;4305615629148;Kozmetika
SD REFIL ZA DOZ.ZA PRANJE POS.;373955;;2.0000;kom;3.99;2.00;;;02.05.2025;3.39;5060481022668;Proizvodi za kuæanstvo
©AM.ISANA MED MR.MO.SOL 200 ml;373956;ISANA;0.2000;L;1.59;7.95;;;02.05.2025;1.59;4305615629230;Kozmetika
SAPUN ALTERRA NARANÈA 100 g;373958;Alterra;0.1000;kg;0.99;9.90;;;02.05.2025;0.99;4305615307619;Kozmetika
SAPUN ALTERRA LAVANDA100 g;373959;Alterra;0.1000;kg;0.99;9.90;;;02.05.2025;0.99;4305615307640;Kozmetika
VINO ÈOBANKO.PINOT BIJ. 0,75 L;373966;;0.7500;L;4.78;6.37;;;02.05.2025;4.78;3859891286218;Piæa
VINO MARQ.DE LA CRUZ CU. 0,7 L;373968;;0.7000;L;4.92;7.03;;;02.05.2025;4.92;8436581119176;Piæa
WHISKY KING ROBERT II 0,7 L;373969;;0.7000;L;11.02;15.74;;;02.05.2025;11.02;5010852000436;Piæa
LIZALICA CANDY FACTO.KISS 15 g;373973;DUPIN;0.0150;kg;1.59;106.00;;;02.05.2025;1.59;8435124855977;Hrana
PIÆE BUBB.TEA OMG MARAK.0,27 L;373978;;0.2700;L;3.19;11.81;;;02.05.2025;3.19;4779033974218;Piæa
PIÆE BUBBLE TEA OMG BRE.0,27 L;373979;;0.2700;L;3.19;11.81;;;02.05.2025;3.19;4779033974409;Piæa
INST.NAP.STEVIQ VRUÆA ÈOK.16 g;373990;;0.0160;KG;1.19;74.38;;;02.05.2025;1.19;3858893680345;Piæa
INST.NAPITAK STEVIQ KAKAO 15 g;373991;;0.0150;KG;0.99;66.00;;;02.05.2025;0.99;3858893680222;Piæa
SENDVIÈ SOFT  ÖLZ 400 g;373993;;0.4000;kg;4.49;11.23;;;02.05.2025;4.49;9005300019401;Hrana
Pecivo hamburger 100 g;373996;Bäckerei SPAR;0.1000;kg;0.49;4.90;;;02.05.2025;0.49;1543;Hrana
Kruh bijeli mali 350 g;373998;Eigenbedarf;0.3500;kg;0.51;1.46;;;02.05.2025;0.39;;Hrana
Pecivo bijelo okruglo 50 g;374000;Bäckerei SPAR;0.0500;kg;0.19;3.80;;;02.05.2025;0.19;;Hrana
Pecivo pletenica sezam 100 g;374002;Bäckerei SPAR;0.1000;kg;0.80;8.00;;;02.05.2025;0.80;;Hrana
Pecivo pletenica  100 g;374005;Bäckerei SPAR;0.1000;kg;0.66;6.60;;;02.05.2025;0.66;1531;Hrana
Pecivo mali slanci 80 g;374007;Bäckerei SPAR;0.0800;kg;0.59;7.38;;;02.05.2025;0.59;1538;Hrana
Pecivo lizika 150 g;374012;Bäckerei SPAR;0.1500;kg;0.59;3.93;;;02.05.2025;0.49;1536;Hrana
Pecivo ¾emlja 100 g;374014;Bäckerei SPAR;0.1000;kg;0.66;6.60;;;02.05.2025;0.66;1540;Hrana
Kruh bijeli S Budget 500 g;374017;S-BUDGET;0.5000;kg;0.74;1.48;;;02.05.2025;0.74;;Hrana
Kruh bijeli S Budget 700 g;374019;S-BUDGET;0.7000;kg;0.89;1.27;;0.89;02.05.2025;0.89;;Hrana
Kruh beskvasni bijeli 400 g;374021;Bäckerei SPAR;0.4000;kg;1.49;3.73;;;02.05.2025;1.49;;Hrana
Kruh buèin 400 g;374024;Bäckerei SPAR;0.4000;kg;0.99;2.48;;0.99;02.05.2025;1.32;;Hrana
TEK.SAPUN ALTERRA LIMUN 300 ml;374025;Alterra;0.3000;L;1.99;6.63;;;02.05.2025;1.99;4305615940311;Kozmetika
TEK.SAPUN ALTERRA REFIL 500 ml;374026;Alterra;0.5000;L;2.49;4.98;;;02.05.2025;2.49;4305615940335;Kozmetika
GEL TU©.ALTERRA MEN 200 ml ;374028;Alterra;0.2000;L;2.29;11.45;;;02.05.2025;2.29;4305615754635;Kozmetika
Kruh buèin 500 g;374029;Bäckerei SPAR;0.5000;kg;1.72;3.44;;;02.05.2025;1.72;;Hrana
GEL TU©.ALTERRA LIMETA 250 ml;374031;Alterra;0.2500;L;2.29;9.16;;;02.05.2025;2.29;4305615307916;Kozmetika
GEL TU©.ALTERRA RU®A 250 ml;374033;Alterra;0.2500;L;2.29;9.16;;;02.05.2025;2.29;4305615692951;Kozmetika
KREMA ZA TIJELO ALTERRA 200 ml;374035;Alterra;0.2000;L;2.99;14.95;;;02.05.2025;2.99;4305615307329;Kozmetika
MLIJEKO TIJELO ALTERRA 250 ml;374036;Alterra;0.2500;L;3.49;13.96;;;02.05.2025;3.49;4305615307275;Kozmetika
©AMPON ALTERRA BIO NAR 200 ml;374037;Alterra;0.2000;L;2.49;12.45;;;02.05.2025;2.49;4305615307718;Kozmetika
©AMPON ALTERRA KOFEIN 200 ml;374038;Alterra;0.2000;L;2.49;12.45;;;02.05.2025;2.49;4305615307763;Kozmetika
©AMP.ALTERRA NARANÈA 300 ml;374040;Alterra;0.3000;L;2.99;9.97;;;02.05.2025;2.99;4305615460734;Kozmetika
REGENERATOR ALTERRA NAR 200 ml;374041;Alterra;0.2000;L;2.99;14.95;;;02.05.2025;2.99;4305615307787;Kozmetika
Buèino pecivo 100 g;374042;Bäckerei SPAR;0.1000;kg;0.55;5.50;;;02.05.2025;0.55;1541;Hrana
VL.MARAM.ÈI©.LICA ALTERRA 25/1;374044;Alterra;25.0000;kom;1.99;0.08;;;02.05.2025;1.99;4305615304205;Kozmetika
Kruh chia 500 g;374045;Bäckerei SPAR;0.5000;kg;2.19;4.38;;;02.05.2025;2.19;;Hrana
Kruh crni S-Budget 450 g;374047;Bäckerei SPAR;0.4500;kg;0.69;1.53;;0.59;02.05.2025;0.79;;Hrana
Kruh domaæi kalup 700 g;374049;Bäckerei SPAR;0.7000;kg;1.09;1.56;;0.99;02.05.2025;1.47;;Hrana
Kruh durum ¹truca 450 g;374051;Bäckerei SPAR;0.4500;kg;1.33;2.96;;;02.05.2025;1.33;;Hrana
Kruh fini kukuruzni 750 g;374053;Bäckerei SPAR;0.7500;kg;1.09;1.45;;0.99;02.05.2025;1.72;;Hrana
Kruh meðim.domaæi 400 g;374055;Bäckerei SPAR;0.4000;kg;;2.48;0.99;1.19;02.05.2025;1.19;;Hrana
Putar ¹tangica 40 g;374057;Bäckerei SPAR;0.0400;kg;0.48;12.00;;;02.05.2025;0.48;1535;Hrana
Pecivo kajzerica 60 g;374059;Eigenbedarf;0.0600;kg;0.13;2.17;;;02.05.2025;0.13;;Hrana
Kruh tamni 450 g;374061;Bäckerei SPAR;0.4500;kg;1.53;3.40;;;02.05.2025;1.09;;Hrana
Kruh kornsteak 500 g;374063;Bäckerei SPAR;0.5000;kg;2.06;4.12;;;02.05.2025;2.06;;Hrana
Pecivo ¹lapica kukuruzna 200 g;374065;Bäckerei SPAR;0.2000;kg;0.80;4.00;;;02.05.2025;0.80;1537;Hrana
Kruh kukuruzni mije¹ani 450 g;374067;Bäckerei SPAR;0.4500;kg;1.47;3.27;;;02.05.2025;1.47;;Hrana
Pecivo mini kukuruzno mije¹an;374069;Bäckerei SPAR;1.0000;kg;3.44;3.44;;;02.05.2025;3.44;;Hrana
Baguette kukuruzni S-Budg.250g;374071;Bäckerei SPAR;0.2500;kg;0.86;3.44;;;02.05.2025;0.86;1533;Hrana
Kruh s dodatkom kurkume 400 g;374073;Bäckerei SPAR;0.4000;kg;1.33;3.33;;;02.05.2025;1.33;;Hrana
Kurkuma pecivo 100 g;374075;Bäckerei SPAR;0.1000;kg;0.66;6.60;;;02.05.2025;0.66;1539;Hrana
Kruh farmerski okrugli 700 g;374077;Bäckerei SPAR;0.7000;kg;1.19;1.70;;1.09;02.05.2025;1.59;;Hrana
Kruh tamna ¹truca S-Budg.500 g;374079;Bäckerei SPAR;0.5000;kg;1.08;2.16;;;02.05.2025;1.08;;Hrana
Pec.S-Budg.tamna lizika 150 g;374081;Bäckerei SPAR;0.1500;kg;0.86;5.73;;;02.05.2025;0.86;;Hrana
Francuski baguet.premium 400 g;374083;Premium;0.4000;kg;1.19;2.98;;;02.05.2025;1.19;;Hrana
Pogaèa slavonska 850 g;374087;Bäckerei SPAR;0.8500;kg;2.00;2.35;;;02.05.2025;1.49;;Hrana
Pogaèa slavonska 450 g;374089;Bäckerei SPAR;0.4500;kg;1.14;2.53;;;02.05.2025;1.14;;Hrana
Kruh Fini polubijeli 700 g;374091;Bäckerei SPAR;0.7000;kg;1.67;2.39;;;02.05.2025;1.29;;Hrana
Kruh Fini polubijeli 350 g;374093;Bäckerei SPAR;0.3500;kg;0.59;1.69;;;02.05.2025;0.59;;Hrana
Kruh polubijeli S Bud.700 g;374095;S-BUDGET;0.7000;kg;1.04;1.49;;;02.05.2025;1.04;;Hrana
Kruh polubijeli S Bud.500 g;374097;S-BUDGET;0.5000;kg;0.74;1.48;;;02.05.2025;0.74;;Hrana
KREMA ALTERRA DN.ALOE V. 50 ml;374102;Alterra;0.0500;L;3.99;79.80;;;02.05.2025;3.99;4305615304212;Kozmetika
KREMA ALTERRA DNEVNA Q10 50 ml;374103;Alterra;0.0500;L;3.99;79.80;;;02.05.2025;3.99;4305615304335;Kozmetika
DET.PERSIL UNIVERSAL 2,2 kg;374104;Persil;2.2000;kg;9.99;4.54;;9.99;02.05.2025;9.99;9000101804898;Sredstva za èi¹æenje
DET.PERSIL SENSITIVE 1,98 kg;374105;Persil;1.9800;kg;9.99;5.05;;9.99;02.05.2025;9.99;9000101805017;Sredstva za èi¹æenje
DET.PERSIL LAVENDER 1,8 L;374106;Persil;1.8000;l;;4.99;8.99;10.99;02.05.2025;10.99;9000101566635;Sredstva za èi¹æenje
DET.PERSIL SENSITIVE 1,8 L;374107;Persil;1.8000;l;9.99;5.55;;9.99;02.05.2025;9.99;9000101566697;Sredstva za èi¹æenje
DET.PERSIL COLOR 1,98 L;374108;Persil;1.9800;l;9.99;5.05;;9.99;02.05.2025;9.99;9000101568363;Sredstva za èi¹æenje
KAP.PERSIL STAIN REMOVAL 22/1;374109;Persil;22.0000;kom;9.99;0.45;;9.99;02.05.2025;9.99;9000101801385;Sredstva za èi¹æenje
KAP.PERSIL UNIVERSAL 26/1;374110;Persil;26.0000;kom;9.99;0.38;;9.99;02.05.2025;9.99;9000101599466;Sredstva za èi¹æenje
KAP.PERSIL COLOR 26/1;374111;Persil;26.0000;kom;9.99;0.38;;9.99;02.05.2025;9.99;9000101800043;Sredstva za èi¹æenje
Kruh mije.ra¾eni 700 g;374114;Bäckerei SPAR;0.7000;kg;1.59;2.27;;;02.05.2025;1.59;;Hrana
Baguette bijeli S-Budget 250 g;374116;Bäckerei SPAR;0.2500;kg;0.49;1.96;;;02.05.2025;0.49;1532;Hrana
Baguette s maslin.S-Budg.250 g;374119;Bäckerei SPAR;0.2500;kg;0.95;3.80;;;02.05.2025;0.95;1534;Hrana
Kruh integralni 500 g;374121;Bäckerei SPAR;0.5000;kg;1.19;2.38;;;02.05.2025;1.19;;Hrana
Kruh integralni tamni 500 g;374123;Bäckerei SPAR;0.5000;kg;1.19;2.38;;;02.05.2025;1.19;;Hrana
Kruh susjedov 500 g;374125;Bäckerei SPAR;0.5000;kg;1.72;3.44;;;02.05.2025;1.72;;Hrana
Kruh lovaèka kora  500 g;374127;Bäckerei SPAR;0.5000;kg;1.19;2.38;;1.19;02.05.2025;1.19;;Hrana
Kruh jeèmeni mije¹ani 500 g;374129;Bäckerei SPAR;0.5000;kg;1.19;2.38;;1.19;02.05.2025;1.19;;Hrana
Kruh s lanom 400 g;374131;Bäckerei SPAR;0.4000;kg;1.45;3.63;;;02.05.2025;1.45;;Hrana
ROLL ON BIOBAZA FLOWER 50 ml;374134;Biobaza;0.0500;L;3.85;77.00;;;02.05.2025;3.85;3856020913021;Kozmetika
ROLL ON BIOBAZA FR&FLOWE 50 ml;374136;Biobaza;0.0500;l;3.85;77.00;;;02.05.2025;3.85;3856020913014;Kozmetika
KREMA ZA RUKE FRUIT&FLWE 50 ml;374138;Biobaza;0.0500;l;3.85;77.00;;;02.05.2025;3.85;3856020912987;Kozmetika
KREMA ZA RUKE FRUIT&FLWE 50 ml;374139;Biobaza;0.0500;l;3.85;77.00;;;02.05.2025;3.85;3856020912970;Kozmetika
VINO ROSE DIKA 0,187 L;374142;;0.1870;L;1.49;7.97;;;02.05.2025;1.49;3859888852402;Piæa
VINO LINGUA FRANKA 0,75 L;374143;;0.7500;L;10.02;13.36;;;02.05.2025;10.02;3859893924118;Piæa
PRAL.LINDT LINDOR SRCE 250 g ;374145;Lindt;0.2500;kg;;13.96;3.49;7.49;02.05.2025;7.49;9003600570912;Hrana
Pinca 450 g;374149;Bäckerei SPAR;0.4500;kg;2.29;5.09;;;02.05.2025;2.29;;Hrana
Pinca Premium 450 g;374151;SPAR Premium;0.4500;kg;2.89;6.42;;;02.05.2025;2.89;;Hrana
ÈET.ZA ZUBE DENTA KISS 2/1;374156;DENTA KISS;2.0000;kom;0.89;0.45;;;02.05.2025;0.89;9100000033518;Kozmetika
ÈOK.JAJA MIX LINDT 460 g;374158;Lindt;0.4600;kg;;2.15;0.99;1.99;02.05.2025;1.99;4000539693007;Hrana
ÈOK.USKR.MIX LINDT 252 g;374161;Lindt;0.2520;kg;;3.93;0.99;1.99;02.05.2025;1.99;4000539684227;Hrana
Krafna od marelice 65 g;374162;Bäckerei SPAR;0.0650;kg;0.53;8.15;;;02.05.2025;0.53;;Hrana
PILEÆA JETRA SA SRCEM 400 g;374163;Perutnina;0.4000;kg;1.69;4.23;;;02.05.2025;1.69;3850220408981;Hrana
PILEÆA MINI KRILCA 450 g;374164;Perutnina;0.4500;kg;2.79;6.20;;;02.05.2025;2.79;3850220408400;Hrana
LOSION MIXA ZA TIJ.SU  400 ml ;374169;MIXA;0.4000;l;6.99;17.48;;;02.05.2025;6.99;3600551136028;Kozmetika
Kruh krumpirov 400 g;374170;Bäckerei SPAR;0.4000;kg;1.15;2.88;;;02.05.2025;1.15;;Hrana
Kruh krumpirov s lukom 400 g;374171;Bäckerei SPAR;0.4000;kg;1.69;4.23;;;02.05.2025;1.69;;Hrana
KREMA MIXA ZA TI.CER. 400 ml;374172;MIXA;0.4000;l;8.99;22.48;;;02.05.2025;8.99;3600551135939;Kozmetika
KREMA MIXA ZA TI. 400 ml;374173;MIXA;0.4000;l;8.99;22.48;;;02.05.2025;8.99;3600551135922;Kozmetika
KREMA MIXA ZA TI. 400 ml;374174;MIXA;0.4000;l;8.99;22.48;;;02.05.2025;8.99;3600551135960;Kozmetika
ZUB.P.COLGATE ADVA.B.SOD 75 ml;374175;Colgate;0.0750;l;2.79;37.20;;;02.05.2025;2.79;8718951555488;Kozmetika
Zagrebaèka krem¹nita 150 g;374178;Bäckerei SPAR;0.1500;kg;1.29;8.60;;;02.05.2025;1.29;;Hrana
KREMA MIXA ZA RUKE CERA.100 ml;374179;MIXA;0.1000;l;3.99;39.90;;;02.05.2025;3.99;3600551135991;Kozmetika
KREMA FRUCTIS ZA KO.RE  400 ml;374181;Garnier;0.4000;L;5.99;14.98;;;02.05.2025;5.99;3600542225397;Kozmetika
MASKA FRUCTIS KAKAO MAS.390 ml;374185;Garnier;0.3900;l;7.49;19.21;;;02.05.2025;7.49;3600542450034;Kozmetika
Karamel torta 800 g;374189;Bäckerei SPAR;0.8000;kg;13.99;17.49;;;02.05.2025;13.99;3856021202490;Hrana
Kesten kocka 100 g;374191;Bäckerei SPAR;0.1000;kg;3.09;30.90;;;02.05.2025;3.09;;Hrana
Cheescake ¹nita 150 g;374193;Bäckerei SPAR;0.1500;kg;1.69;11.27;;;02.05.2025;1.69;;Hrana
Kolaè od èokola. i naran.110 g;374196;Bäckerei SPAR;0.1100;kg;1.69;15.36;;;02.05.2025;1.69;;Hrana
USKR.JAJE PERUGINA MLI.È.245 g;374197;Nestle;0.2450;kg;;4.04;0.99;1.99;02.05.2025;1.99;8000300419450;Hrana
Kolaè led.vjetar 130 g;374199;Bäckerei SPAR;0.1300;kg;1.59;12.23;;;02.05.2025;1.59;;Hrana
Kolaè Monte ¹nita 120 g;374201;Bäckerei SPAR;0.1200;kg;1.49;12.42;;;02.05.2025;1.49;;Hrana
ÈOK.JAJA ROVELLI MAXI 140 g;374205;Rovelli;0.1400;kg;;23.50;3.29;3.99;02.05.2025;3.99;8004333015375;Hrana
Kolaè malina ¹nita 140 g;374209;Bäckerei SPAR;0.1400;kg;1.79;12.79;;;02.05.2025;1.79;;Hrana
Torta parfe èokolada1800 g;374212;Bäckerei SPAR;1.8000;kg;26.49;14.72;;;02.05.2025;26.49;3856021202360;Hrana
Tiramisu ¹nita 100 g;374213;Bäckerei SPAR;0.1000;kg;1.79;17.90;;;02.05.2025;1.79;;Hrana
Princes krafne 120g;374218;Bäckerei SPAR;0.1200;kg;1.59;13.25;;;02.05.2025;1.59;;Hrana
Torta naranèa 1950g;374219;Bäckerei SPAR;1.9500;kg;26.49;13.58;;;02.05.2025;26.49;3856021202452;Hrana
PA©TETA SPAR PILEÆA 100 g;374220;SPAR;0.1000;kg;;6.90;0.69;0.95;02.05.2025;0.95;3856021225161;Hrana
PA©TETA SPAR ÈAJNA 100 g;374223;SPAR;0.1000;kg;;6.90;0.69;0.95;02.05.2025;0.95;3856021225185;Hrana
TUNA EVA FILET BILJ.ULJE 100 g;374230;Eva;0.0700;kg;3.49;49.86;;;02.05.2025;3.49;3856020263096;Hrana
Torta crno bijela 1600 g;374232;Bäckerei SPAR;1.6000;kg;26.49;16.56;;;02.05.2025;26.49;3856021202421;Hrana
Torta jaffa 900 g;374233;Bäckerei SPAR;0.9000;kg;13.99;15.54;;;02.05.2025;13.99;3856021221750;Hrana
OKRUGLICE MARELICA S-BUD 600 g;374236;S-Budget;0.6000;kg;2.39;3.98;;;02.05.2025;2.39;3856021225550;Hrana
Torta od èokol.i naranèe 1100g;374237;Bäckerei SPAR;1.1000;kg;23.49;21.35;;;02.05.2025;23.49;3856021202513;Hrana
MIJE©ANA SALATA DOORA 540 g ;374238;Doora;0.2900;kg;3.19;11.00;;;02.05.2025;3.19;3858894541690;Hrana
Torta cheesecake 1800 g;374239;Bäckerei SPAR;1.8000;kg;25.99;14.44;;;02.05.2025;25.99;3856021202469;Hrana
Voæna torta 2300 g;374242;Bäckerei SPAR;2.3000;kg;29.49;12.82;;;02.05.2025;29.49;3856021202483;Hrana
Torta Monte 1800 g;374243;Bäckerei SPAR;1.8000;kg;27.49;15.27;;;02.05.2025;27.49;3856021209802;Hrana
GEL TU©.BIOBAZA FRU&FLO 250 ml;374246;Biobaza;0.2500;L;2.99;11.96;;;02.05.2025;2.99;3856020913007;Kozmetika
Torta Schwarzwald 2200g;374249;Bäckerei SPAR;2.2000;kg;26.49;12.04;;;02.05.2025;26.49;3856021202377;Hrana
Torta full èokolada 1700 g;374250;Bäckerei SPAR;1.7000;kg;30.99;18.23;;;02.05.2025;30.99;3856021202476;Hrana
GEL TU©.BIOBAZA FRU&FLO 250 ml;374251;Biobaza;0.2500;L;2.99;11.96;;;02.05.2025;2.99;3856020912994;Kozmetika
HRANA ZA PSE ONE GOVED.4X85 g;374253;One;0.3400;kg;3.49;10.26;;;02.05.2025;3.49;8445290299260;Proizvodi za kuæanstvo
Torta èoko malina 850 g;374254;Bäckerei SPAR;0.8500;kg;15.49;18.22;;;02.05.2025;15.49;3856021221743;Hrana
HRANA ZA PSE ONE PURETINA 85 g;374255;One;0.0850;kg;0.99;11.65;;;02.05.2025;0.99;8445290332189;Proizvodi za kuæanstvo
HRANA ZA PSE ONE PILETINA 85 g;374256;One;0.0850;kg;0.99;11.65;;;02.05.2025;0.99;8445290298263;Proizvodi za kuæanstvo
VINO VRH.®ILAVKA DOMANO 0,75 L;374258;;0.7500;L;13.32;17.76;;;02.05.2025;13.32;3870016000281;Piæa
KRASTAVCI VITAMIN.DELIK.520 g ;374262;Vitaminka;0.2800;kg;;8.71;2.44;3.29;02.05.2025;3.29;3870545003487;Hrana
VINO VRH.BLATINA DOMANO 0,75 L;374263;;0.7500;L;13.32;17.76;;;02.05.2025;13.32;3870016000168;Piæa
PAPRIKA VITAMINKA ®UTA 650 g;374264;Vitaminka;0.3600;kg;;6.97;2.51;3.39;02.05.2025;3.39;3870545000110;Hrana
PJENU©AC DOMANO BRUT 0,75 L;374265;;0.7500;L;16.02;21.36;;;02.05.2025;16.02;3870016000076;Piæa
AJVAR VITAMIN.DOMAÆI 310 g;374266;Vitaminka;0.3100;kg;;11.58;3.59;4.79;02.05.2025;4.79;3870545000349;Hrana
MIJE©ANA SALATA VITAMIN.650 g;374267;Vitaminka;0.3000;kg;;7.43;2.23;2.99;02.05.2025;2.99;3870545000431;Hrana
SUD®UKICA 300 g PREMIUM;374268;Gavrilovic;0.3000;kg;7.89;26.30;;;02.05.2025;7.89;3858892725665;Hrana
RISO SCOTTI RI®A  800 g;374269;Scotti;0.8000;kg;2.59;3.24;;;02.05.2025;2.59;8001860184253;Hrana
ÈOK.JAJE PEPPA PIG 168 g;374274;;0.1680;kg;;2.92;0.49;1.49;02.05.2025;1.49;5903175685117;Hrana
ÈOK.JAJE PAW PATROL 168 g;374279;;0.1680;kg;;2.92;0.49;1.49;02.05.2025;1.49;5903175685124;Hrana
CROSTATA S-BUDGET ©UM.VOÆ.500g;374284;S-BUDGET;0.5000;kg;3.49;6.98;;;02.05.2025;3.49;8057204092715;Hrana
CROSTATA S-BUDG.MARELICA 500g;374285;S-BUDGET;0.5000;kg;2.99;5.98;;;02.05.2025;2.99;8057204092708;Hrana
BIO CVJETAÈA BROKULA NP 500 g;374299;Natur pur;0.5000;kg;2.99;5.98;;;02.05.2025;2.99;3831115314105;Hrana
TJEST.ZLATO POLJE PU®IÆI 500 g;374305;Zlato Polje;0.5000;kg;1.99;3.98;;;02.05.2025;1.99;3838700010718;Hrana
Gavuniæ Oliga;374307;;1.0000;kg;;7.49;7.49;7.69;02.05.2025;7.69;93856024300400;Hrana
KREMA ZA RUKE GARNIER 75 ml;374311;Garnier;0.0750;L;2.79;37.20;;;02.05.2025;2.79;3600542561440;Kozmetika
KUPKA TESORI AROMATICO 500 ml;374316;Tesori;0.5000;L;4.29;8.58;;;02.05.2025;4.29;8008970011127;Kozmetika
SPAR FK PILEÆI BURGER 2X135 g;374318;SPAR Feine Küche;0.2700;kg;2.99;11.07;;;02.05.2025;2.99;9100000692265;Hrana
KUPKA TESORI HAMMAM 500 ml;374319;Tesori;0.5000;L;4.29;8.58;;;02.05.2025;4.29;8008970005591;Kozmetika
DET.WEISSER RIESE BOX 2,475 kg;374320;Weisser Riese;2.4750;kg;12.99;5.25;;;02.05.2025;12.99;9000101807493;Sredstva za èi¹æenje
SPAR FK CHEESEBURGER 250 g;374321;SPAR Feine Küche;0.2500;kg;3.29;13.16;;;02.05.2025;3.29;9100000069036;Hrana
KAP.WEISSER RIESE ORC.COL.40/1;374322;Weisser Riese;40.0000;kom;12.99;0.32;;;02.05.2025;12.99;9000101802375;Sredstva za èi¹æenje
SP.FK FA©IR.S PIRE KRUM.450 g;374324;SPAR Feine Küche;0.4500;kg;3.49;7.76;;;02.05.2025;3.49;9100000714622;Hrana
SP.FK RI®A S MESOM 450 g;374326;SPAR Feine Küche;0.4500;kg;3.79;8.42;;;02.05.2025;3.79;9100000714646;Hrana
GEL TU©.TESORI KARMA 250 ml;374327;Tesori;0.2500;L;2.59;10.36;;;02.05.2025;2.59;8008970057514;Kozmetika
SP.FK ©PAGETI CARBONARA 450 g;374330;SPAR Feine Küche;0.4500;kg;3.59;7.98;;;02.05.2025;3.59;9100000714523;Hrana
SP.FK ©PAGETI BOLOGNESE 450 g;374333;SPAR Feine Küche;0.4500;kg;3.59;7.98;;;02.05.2025;3.49;9100000714509;Hrana
SP.FK TJESTEN.SA ©UNKOM 400 g;374336;SPAR Feine Küche;0.4000;kg;3.79;9.48;;;02.05.2025;3.79;9100000703534;Hrana
VODICA PROKUDENT 500 ml;374339;Prokudent;0.5000;L;1.59;3.18;;;02.05.2025;1.59;4305615573885;Kozmetika
OME.SPLENDID ROSENGARTEN 1,5 L;374342;Splendid;1.5000;L;2.99;1.99;;;02.05.2025;2.99;9100000156927;Sredstva za èi¹æenje
OME.SPLENDID FRUHLINGSWI.1,5 L;374343;Splendid;1.5000;L;2.99;1.99;;;02.05.2025;3.09;9100000156989;Sredstva za èi¹æenje
SENDVIÈI MINI BRIOCHE 150 g;374344;;0.1500;kg;3.59;23.93;;;02.05.2025;3.59;8033524200788;Hrana
SEND.PROT.TUNA POVRÆE 150 g;374345;;0.1500;kg;3.69;24.60;;;02.05.2025;3.69;8033524201006;Hrana
SEND.PROT.PURET.POVRÆE 150 g;374346;;0.1500;kg;3.69;24.60;;;02.05.2025;3.69;8033524201020;Hrana
SENDVIÈI BRIOCH ©UN.SIR 150 g;374348;;0.1500;kg;3.59;23.93;;;02.05.2025;3.59;8033524200795;Hrana
DET.PERSIL SENSITIVE 1,35 L;374356;Persil;1.3500;l;;7.03;9.49;11.99;02.05.2025;11.99;9000101566291;Sredstva za èi¹æenje
DET.PERSIL UNIVERSAL 1,10 kg;374358;Persil;1.1000;kg;8.49;7.72;;;02.05.2025;8.49;9000101804713;Sredstva za èi¹æenje
DET.PERSIL LAVENDER 0,9 L;374360;Persil;0.9000;l;8.49;9.43;;;02.05.2025;8.49;9000101598056;Sredstva za èi¹æenje
DET.PERSIL UNIVERSAL 0,99 L;374361;Persil;0.9900;l;8.49;8.58;;;02.05.2025;8.49;9000101599060;Sredstva za èi¹æenje
DET.PERSIL COLOR 0,99 L ;374362;Persil;0.9900;l;8.49;8.58;;;02.05.2025;8.49;9000101599008;Sredstva za èi¹æenje
DET.PERSIL SENSITIVE 0,90 L;374363;Persil;0.9000;l;8.49;9.43;;;02.05.2025;8.49;9000101805871;Sredstva za èi¹æenje
KAP.PERSIL COLOR 13/1;374369;Persil;13.0000;kom;8.49;0.65;;;02.05.2025;8.49;9000101800012;Sredstva za èi¹æenje
DET.PERSIL FRESHNESS 2,97 kg;374370;Persil;2.9700;kg;;5.22;15.49;19.99;02.05.2025;19.99;9000101806311;Sredstva za èi¹æenje
DET.PERSIL LAVENDER 2,7 L;374372;Persil;2.7000;l;15.49;5.74;;13.49;02.05.2025;15.49;9000101598148;Sredstva za èi¹æenje
DET.PERSIL UNIVERSAL 2,97 L;374373;Persil;2.9700;l;15.49;5.22;;13.49;02.05.2025;15.49;9000101598902;Sredstva za èi¹æenje
KAP.PERSIL UNIVERSAL 40/1;374374;Persil;40.0000;kom;;0.39;15.49;19.99;02.05.2025;19.99;9000101801255;Sredstva za èi¹æenje
KAP.PERSIL COLOR 40/1;374376;Persil;40.0000;kom;;0.39;15.49;19.99;02.05.2025;19.99;9000101599497;Sredstva za èi¹æenje
DET.PERSIL SENSITIVE 2,7 L;374377;Persil;2.7000;l;15.49;5.74;;13.49;02.05.2025;15.49;9000101566789;Sredstva za èi¹æenje
DET.PERSIL FRESHNESS 2,7 L ;374378;Persil;2.7000;l;;5.74;15.49;19.99;02.05.2025;19.99;9000101566819;Sredstva za èi¹æenje
OME.SILAN FRESH SKY 1,408 L;374380;Silan;1.4080;l;2.79;1.98;;2.79;02.05.2025;2.79;9000101801125;Sredstva za èi¹æenje
OME.SILAN SENSITIVE 1,408 L;374382;Silan;1.4080;l;2.79;1.98;;2.79;02.05.2025;2.79;9000101801064;Sredstva za èi¹æenje
OME.SILAN MAGNOLIA 1,10 L;374383;Silan;1.1000;l;2.79;2.54;;2.79;02.05.2025;2.79;9000101584608;Sredstva za èi¹æenje
OME.SILAN COOL FRESH 1.10 L;374384;Silan;1.1000;l;2.79;2.54;;2.79;02.05.2025;2.79;9000101585247;Sredstva za èi¹æenje
HULALA  ZA ©LAG BILJNO 500 ml;374388;Hulala;0.5000;L;2.19;4.38;;;02.05.2025;2.19;8007990404964;Hrana
HULALA ZA ©LAG BILJNO 200 ml ;374390;Hulala;0.2000;L;1.39;6.95;;;02.05.2025;1.39;8007990406982;Hrana
OMEK.SILAN SUPR.ELEGANCE 1,2 L;374400;Silan;1.0120;l;2.79;2.76;;2.79;02.05.2025;2.79;9000101580471;Sredstva za èi¹æenje
DET.PERWOLL COLOR 1 L;374401;Perwoll;1.0000;l;5.99;5.99;;4.49;02.05.2025;5.99;9000101810080;Sredstva za èi¹æenje
DET.PERWOLL BLACK 1 L;374403;Perwoll;1.0000;l;5.99;5.99;;4.49;02.05.2025;5.99;9000101810141;Sredstva za èi¹æenje
DET.PERWOLL COLOR 3 L;374405;Perwoll;3.0000;l;11.49;3.83;;11.49;02.05.2025;11.49;9000101808568;Sredstva za èi¹æenje
DET.PERWOLL BLACK 3 L;374407;Perwoll;3.0000;l;11.49;3.83;;11.49;02.05.2025;11.49;9000101809527;Sredstva za èi¹æenje
DET.PERWOLL BLOSSOM 3 L;374409;Perwoll;3.0000;l;11.49;3.83;;11.49;02.05.2025;11.49;9000101809619;Sredstva za èi¹æenje
DET.PERWOLL DARK BLOOM 3 L;374410;Perwoll;3.0000;l;11.49;3.83;;11.49;02.05.2025;11.49;9000101811322;Sredstva za èi¹æenje
KAP.PERWOLL COLOR 35/1;374413;Perwoll;35.0000;kom;11.49;0.33;;11.49;02.05.2025;11.49;9000101811513;Sredstva za èi¹æenje
KAP.PERWOLL BLACK 35/1;374414;Perwoll;35.0000;kom;11.49;0.33;;11.49;02.05.2025;11.49;9000101811544;Sredstva za èi¹æenje
BU KRPA UNIVER. 3/1, 32x32 cm;374416;S-BUDGET;3.0000;kom;1.99;0.66;;;02.05.2025;2.99;9100000003979;Proizvodi za kuæanstvo
NAM.VEGANSKI GreenVie 200 g;374417;;0.2000;kg;3.29;16.45;;;02.05.2025;3.29;5292874002265;Hrana
VINO GRA©EVINA KV.ILOK 5 L;374436;;5.0000;L;14.79;2.96;;;02.05.2025;14.79;3859890359227;Piæa
VINO TRAMINAC KV.ILOK 0,75 L;374439;;0.7500;L;5.89;7.85;;;02.05.2025;5.89;3859890359463;Piæa
VINO MERLOT KV.ILOK 0,75 L;374443;;0.7500;L;5.89;7.85;;;02.05.2025;5.89;3859890359548;Piæa
VINO GRA©EVINA KV.ILOK 0,75 L;374445;;0.7500;L;5.89;7.85;;;02.05.2025;5.89;3859890359012;Piæa
VINO CHARDONNAY KV.ILOK 0,75 L;374447;;0.7500;L;5.89;7.85;;;02.05.2025;5.89;3859890359586;Piæa
VINO CABER.SAUV.KV.ILOK 0,75 L;374448;;0.7500;L;5.89;7.85;;;02.05.2025;5.89;3859890359746;Piæa
VREÆE ZA SMEÆE 50L 15/1;374472;;15.0000;kom;1.79;0.12;;;02.05.2025;1.79;3858891882192;Proizvodi za kuæanstvo
VINO GALATHEO BIANCO 0,75 L;374484;;0.7500;L;3.19;4.25;;;02.05.2025;3.19;4006542075014;Piæa
VINO GALATHEO ROSSO 0,75 L;374486;;0.7500;L;3.19;4.25;;;02.05.2025;3.19;4006542075007;Piæa
BEZALK.VINO ALLURE ROSE 0,75 L;374488;;0.7500;L;5.02;6.69;;;02.05.2025;5.02;4006542077292;Piæa
BEZAL.VINO ALLURE WEISS 0,75 L;374489;;0.7500;L;5.02;6.69;;;02.05.2025;5.02;4006542077285;Piæa
VINO ALLURE CHARDONNAY 0,75 L;374490;;0.7500;L;5.02;6.69;;;02.05.2025;5.02;4006542076042;Piæa
VINO ALLURE PINOT GRIG. 0,75 L;374491;;0.7500;L;5.02;6.69;;;02.05.2025;5.02;4006542073430;Piæa
VINO ALLURE PRIMITIVO  0,75 L;374492;;0.7500;L;5.02;6.69;;;02.05.2025;5.02;4006542077926;Piæa
VINO ALLURE MERLOT ROSE 0,75 L;374494;;0.7500;L;5.02;6.69;;;02.05.2025;5.02;4006542073423;Piæa
USKRS.JAJ.SURPR.LOLLIBON 32 g;374518;Loliboni;0.0320;kg;;15.31;0.49;0.99;02.05.2025;0.99;5949093512821;Hrana
PIZZETTE RAJÈ.MOZZ. SB 350 g;374519;S-Budget;0.3500;kg;2.79;7.97;;;02.05.2025;2.79;8057204092159;Hrana
PUNJENO LISNATO S-BUDGET 350 g;374521;S-Budget;0.3500;kg;2.79;7.97;;;02.05.2025;2.79;8057204092166;Hrana
BIO KROKETI NATUR PUR 500 g;374522;Natur pur;0.5000;kg;5.49;10.98;;;02.05.2025;5.49;9100000005447;Hrana
BIO POMMES REBRASTI NP 750 g;374523;Natur pur;0.7500;kg;4.49;5.99;;;02.05.2025;4.49;9100000005850;Hrana
POK.VREÆICA KINDER MIX 201 g;374525;Ferrero;0.2010;kg;;4.93;0.99;1.99;02.05.2025;1.99;8000500409336;Hrana
BIO KRUMPIR KRI©.WED. NP 750 g;374526;Natur pur;0.7500;kg;4.49;5.99;;;02.05.2025;4.49;9100000000626;Hrana
KREMA ZA RUKE ALTERRA 75 ml;374528;Alterra;0.0750;L;2.49;33.20;;;02.05.2025;2.49;4305615780771;Kozmetika
ÈOK.KIND.MLIJEÈNA EASTER 122 g;374532;Ferrero;0.1220;kg;;8.11;0.99;1.99;02.05.2025;1.99;8000500409572;Hrana
BEZALK.VINO CABER.SAUV. 0,75 L;374537;;0.7500;L;6.52;8.69;;;02.05.2025;6.52;4008005045381;Piæa
BEZALK.VINO CHARDONNAY 0,75 L;374538;;0.7500;L;6.52;8.69;;;02.05.2025;6.52;4008005045374;Piæa
PIVO BITBURGER 4X0,5 L;374554;Bitburger;2.0000;L;6.11;3.06;;;02.05.2025;6.11;4102430003418;Piæa
PIVO BENEDIKTINER HELL 4X0,5 L;374555;Bitburger;2.0000;L;6.11;3.06;;;02.05.2025;6.11;4052197002844;Piæa
SIRUP SUNQUICK MANGO 0,7 L;374556;Sunquick;0.7000;L;6.02;8.60;;;02.05.2025;6.02;5775345203380;Piæa
SIRUP SUNQUICK MARAKUJA 0,7 L;374557;Sunquick;0.7000;L;6.02;8.60;;;02.05.2025;6.02;5775345205391;Piæa
SIRUP SUNQUICK TROPICAL 0,7 L;374559;Sunquick;0.7000;L;6.02;8.60;;;02.05.2025;6.02;5775345205278;Piæa
SOL SOMAT 2,5 kg;374577;Somat;2.5000;kg;3.99;1.60;;;02.05.2025;3.99;9000101597042;Sredstva za èi¹æenje
KRUH S-BUDGET BIJELI NAR.400 g;374590;S-BUDGET;0.4000;kg;1.09;2.73;;;02.05.2025;1.09;8057204093422;Hrana
KRUH S-BUDGET INTEGR.NAR.400 g;374592;S-BUDGET;0.4000;kg;1.19;2.98;;;02.05.2025;1.19;8057204093439;Hrana
KRUH S-BUDGET BIJELI NAR.750 g;374595;S-BUDGET;0.7500;kg;1.79;2.39;;;02.05.2025;1.79;8057204093446;Hrana
PESTO R.MARE TUNA BADEM 130 g;374609;Rio Mare;0.1300;kg;4.99;38.38;;;02.05.2025;4.99;8004030506091;Hrana
PESTO R.MARE TUNA MASLIN.130 g;374610;Rio Mare;0.1300;kg;4.99;38.38;;;02.05.2025;4.99;8004030506114;Hrana
PESTO R.MARE TUNA PISTAC.130 g;374611;Rio Mare;0.1300;kg;4.99;38.38;;;02.05.2025;4.99;8004030506077;Hrana
VINO MERLOT SM SUPERIO. 0,75 L;374615;;0.7500;L;9.99;13.32;;;02.05.2025;9.99;3859892237080;Piæa
VINO ROSE SM SUPERIORE 0,75 L;374616;;0.7500;L;9.99;13.32;;;02.05.2025;9.99;3859892237257;Piæa
VINO MU©KAT SM SUPERIO. 0,75 L;374617;;0.7500;L;9.99;13.32;;;02.05.2025;9.99;3859892237165;Piæa
VINO MALVAZIJ.SM SUPER. 0,75 L;374618;;0.7500;L;9.99;13.32;;;02.05.2025;9.99;3859892237073;Piæa
PUREÆE MLJEVENO MESO 450 g;374621;Perutnina;0.4500;kg;3.89;8.64;;;02.05.2025;3.89;3838977042139;Hrana
SOK HAPPY DAY IMMUN POWER 1 L;374631;Happy Day;1.0000;L;2.49;2.49;;;02.05.2025;2.49;9008700227414;Piæa
MUSLI GR.KOELLN MED,LJE©.500 g;374632;;0.5000;kg;4.69;9.38;;;02.05.2025;4.69;4000540023169;Hrana
NAMAZ ARGETA LEÆIN TARTAR 95 g;374638;Argeta;0.0950;kg;1.89;19.89;;;02.05.2025;1.89;3838471050951;Hrana
NAMAZ ARG.MEATLESS KOKO.95 g;374639;Argeta;0.0950;kg;1.89;19.89;;;02.05.2025;1.89;3838471050937;Hrana
MUSLI GR.KOELLN ÈOK.KROK.500 g;374641;;0.5000;kg;4.69;9.38;;;02.05.2025;4.69;4000540043587;Hrana
NAMAZ ARG.MEATL.KOKO.PIKA.95 g;374642;Argeta;0.0950;kg;1.89;19.89;;;02.05.2025;1.89;3838471051682;Hrana
ULJE MAS.EXT.DJEV.MONINI 0,5 L;374643;Monini;0.5000;L;10.99;21.98;;;02.05.2025;10.99;80056591;Hrana
MUSLI GR.KOELLN ÈOK.KEKS 500 g;374644;;0.5000;kg;4.69;9.38;;;02.05.2025;4.69;4000540003246;Hrana
MUSLI GR.KOELLN ÈOK.KEKS 500 g;374646;;0.5000;kg;4.69;9.38;;;02.05.2025;4.69;4000540003222;Hrana
MUSLI KOELLN VOÆ.BEZ.©EÆ.500 g;374648;;0.5000;kg;4.69;9.38;;;02.05.2025;4.69;4000540001341;Hrana
VOÆ.PIRE NAT.PUR JAB.BRE.100 g;374664;Spar Natur pur;0.1000;kg;0.99;9.90;;;02.05.2025;0.99;9100000707839;Hrana
VOÆ.PIRE NAT.PUR JAB.BAN.100 g;374665;Spar Natur pur;0.1000;kg;0.99;9.90;;;02.05.2025;0.99;9100000707815;Hrana
KA©ICA NAT.PUR ©PAG.BOLO.190 g;374666;Spar Natur pur;0.1900;kg;1.39;7.32;;;02.05.2025;1.39;9100000014456;Hrana
MJE©.ZA MULT. KRUH DI-GO 400 g;374669;;0.4000;kg;2.99;7.48;;;02.05.2025;2.99;3858887683116;Hrana
MJE© ZA MEDIT.KRUH DI-GO 400 g;374670;;0.4000;kg;2.99;7.48;;;02.05.2025;2.99;3858887683109;Hrana
MJE©.ZA FINI DO.KR.DI-GO 400 g;374672;;0.4000;kg;2.99;7.48;;;02.05.2025;2.99;3858887683093;Hrana
MLIJEKO ÈOKOLADNO DUKAT 2X1 L;374676;Dukat;2.0000;L;3.89;1.95;;;02.05.2025;3.89;3850354018018;Hrana
PRIP.©LAG CRE.PAT.SPRAY 250 g;374681;Meggle;0.2500;kg;2.39;9.56;;;02.05.2025;2.59;4034900027788;Hrana
TJ.KLARA MARIÆ FU®I. 250 g;374682;;0.2500;kg;2.59;10.36;;;02.05.2025;2.59;3859893308796;Hrana
TJ.KLARA MARIÆ TAGLIATEL.500 g;374683;;0.5000;kg;4.99;9.98;;;02.05.2025;4.99;3859888499010;Hrana
SIR EMMENT.U LIST.MEGGLE 125 g;374684;Meggle;0.1500;kg;2.59;17.27;;;02.05.2025;2.79;4006265000058;Hrana
DET.PERSIL FRES.BY SIL.3,96 kg;374685;Persil;3.9600;kg;;4.80;18.99;21.99;02.05.2025;21.99;9000101805932;Sredstva za èi¹æenje
DET.PERSIL SENSITIVE 3,6 L;374686;Persil;3.6000;l;;5.28;18.99;21.99;02.05.2025;21.99;9000101806458;Sredstva za èi¹æenje
DET.PERSIL LAVENDER 3,6 L;374688;Persil;3.6000;l;;5.28;18.99;21.99;02.05.2025;21.99;9000101598568;Sredstva za èi¹æenje
VODICA PROKUDENT DESNI 500 ml;374691;Prokudent;0.5000;L;1.59;3.18;;;02.05.2025;1.59;4305615573922;Kozmetika
ZUB.KONAC DENTA KISS 2U1 32/1;374694;DENTA KISS;32.0000;kom;0.99;0.03;;;02.05.2025;0.99;9100000984193;Kozmetika
MONTE SNACK LJE©NJ.29 g;374702;Zott;0.0290;kg;0.55;18.97;;;02.05.2025;0.55;4014500520391;Hrana
KUPKA FELCE AZZURRA HI. 650 ml;374705;Felce Azzurra;0.6500;L;4.19;6.45;;;02.05.2025;4.19;8001280068140;Kozmetika
MASLAC DIVLJI CV.KAMELI 150 ml;374724;DIVLJI CVIT;0.1500;l;12.99;86.60;;;02.05.2025;12.99;3859893393112;Kozmetika
MASLAC DIVLJI CVIT RU®A 150 ml;374725;DIVLJI CVIT;0.1500;l;12.99;86.60;;;02.05.2025;12.99;3859893393099;Kozmetika
MASLAC DIVLJI CVIT LAV 150 ml;374727;DIVLJI CVIT;0.1500;l;12.99;86.60;;;02.05.2025;12.99;3859893393105;Kozmetika
JOGURT PROTEIN ZOTT 200 g;374738;Zott;0.2000;kg;1.19;5.95;;;02.05.2025;1.19;4014500520322;Hrana
PROTEIN ZOTTARELLA 125 g;374739;Zott;0.1250;kg;1.79;14.32;;;02.05.2025;1.79;4014500520414;Hrana
PROTEIN ZOTTARELLA STICKS 84 g;374740;Zott;0.0840;kg;2.49;29.64;;;02.05.2025;2.49;4014500520407;Hrana
RAMA CREMA ZA KUHANJE 200 ml;374742;Rama;0.2000;L;1.49;7.45;;;02.05.2025;1.49;8719200275836;Hrana
RAMA CREMA ZA ©LAG 200 ml;374744;Rama;0.2000;L;1.79;8.95;;;02.05.2025;1.79;8719200275867;Hrana
JOGURT DANON.MIX JAGODA 143 g;374746;Danone;0.1430;kg;1.49;10.42;;;02.05.2025;1.49;5941209022071;Hrana
MLIJ.NAPITAK YFOOD LJE©.500 ml;374751;;0.5000;L;4.52;9.04;;;02.05.2025;4.52;4260556636290;Hrana
MLIJ.NAPITAK YFOOD MALI.500 ml;374753;;0.5000;L;4.52;9.04;;;02.05.2025;4.52;4260556636146;Hrana
MLIJ.NAPITAK YFOOD VANI.500 ml;374756;;0.5000;L;4.52;9.04;;;02.05.2025;4.52;4260556630007;Hrana
MLIJ.NAPITAK YFOOD ÈOKO.500 ml;374758;;0.5000;L;4.52;9.04;;;02.05.2025;4.52;4260556636115;Hrana
PRHKO TIJESTO ZA QUICHE 250 g;374764;Wewalka;0.2500;kg;1.59;6.36;;;02.05.2025;1.59;9001536011646;Hrana
MLIJEKO ZA KAVU MARESI 250 g;374774;Maresi;0.2500;kg;1.39;5.56;;;02.05.2025;1.35;90027871;Hrana
FLIPS SMOKI WOW KIKIRIKI 70 g ;374823;Smoki;0.0700;kg;1.29;18.43;;;02.05.2025;1.16;8600939508176;Hrana
FLIPS SMOKI WOW ÈOKOLADA 70 g ;374826;Smoki;0.0700;kg;1.29;18.43;;;02.05.2025;1.16;8600939508183;Hrana
VINO LIRICA PLAVAC MALI 0,75 L;374827;;0.7500;L;12.59;16.79;;;02.05.2025;12.59;3859889291118;Piæa
VINO GRA©EVINA EX.KRE©I.0,75 L;374831;;0.7500;L;9.02;12.03;;;02.05.2025;9.02;3859892575038;Piæa
BOMB.WONDER LICKER 50 g;374832;;0.0500;kg;1.69;33.80;;;02.05.2025;1.69;4260332199025;Hrana
VINO PINOT SIVI EX.KRE©.0,75 L;374833;;0.7500;L;10.02;13.36;;;02.05.2025;10.02;3859892575045;Piæa
ULJE OKUS.CRNOG TARTUFA 100 ml;374849;Zigante;0.1000;L;9.99;99.90;;;02.05.2025;9.99;3859892291891;Hrana
KRE.JGL PANTHENOL BABY 50 g;374850;Jgl;0.0500;KG;5.35;107.00;;;02.05.2025;5.35;3858891013176;Kozmetika
ULJE S OK.BIJELOG TARTU.100 ml;374851;Zigante;0.1000;L;10.99;109.90;;;02.05.2025;10.99;3859892291884;Hrana
ULJE MAS.E.D. B.TART.PRE.90 ml;374852;SPAR Premium;0.0900;L;3.99;44.33;;;02.05.2025;3.99;8001300242628;Hrana
ULJE MAS.EXD.TARTUF FAR.250 ml;374853;;0.2500;L;5.99;23.96;;;02.05.2025;5.99;8007153149992;Hrana
©TAPIÆI GRISKI KIKIRIKI 360 g ;374855;Griski;0.3600;kg;3.99;11.08;;;02.05.2025;3.99;5310133003713;Hrana
ULJE MAS.EXD.BOSI.FARC 250 ml;374856;;0.2500;L;4.49;17.96;;;02.05.2025;4.49;8007153002549;Hrana
ÈOKOLADA TWIX 3X50 g;374857;Twix;0.1500;kg;2.89;19.27;;;02.05.2025;2.89;5000159559362;Hrana
ÈOKOLADA SNICKERS 3X50 g;374861;Snickers;0.1500;kg;2.99;19.93;;;02.05.2025;2.99;5000159560061;Hrana
PODRAVSKI ©PEK 350 g;374864;Podravka;0.3500;kg;5.59;15.97;;;02.05.2025;5.59;3856020272760;Hrana
TP ZEWA DELICATE CARE 12/1;374867;Zewa;12.0000;kom;;0.33;3.99;4.99;02.05.2025;4.99;7322540989779;Toaletne potrep¹tine
TP ZEWA BRESKVA 12/1;374868;Zewa;12.0000;kom;;0.33;3.99;4.99;02.05.2025;4.99;7322541396026;Toaletne potrep¹tine
PASTA TAFT TEKST. 100 ml;374869;Taft;0.1000;l;5.39;53.90;;;02.05.2025;5.39;9000101723762;Kozmetika
KREM.ZA KOS.TAFT IRRE.P.100 ml;374870;Taft;0.1000;l;5.99;59.90;;;02.05.2025;5.99;9000101723625;Kozmetika
GEL ZA TU©.FA REFRESH 400 ml;374871;Taft;0.4000;l;4.19;10.48;;;02.05.2025;4.19;9000101726817;Kozmetika
GEL TU© FA SPICY BER. 400 ml;374875;Fa;0.4000;l;4.19;10.48;;;02.05.2025;4.19;9000101720679;Kozmetika
DEO SPRAY FA FEEL REF. 150 ml;374882;Fa;0.1500;l;3.20;21.33;;;02.05.2025;3.20;9000101726732;Kozmetika
DEO SPRAY FA SPIC.BERG. 150 ml;374885;Fa;0.1500;l;3.20;21.33;;;02.05.2025;3.20;9000101729238;Kozmetika
DEO ROOL ON FA  FE.REFR.50 ml;374886;Fa;0.0500;l;3.20;64.00;;;02.05.2025;3.20;9000101726657;Kozmetika
MASKA GLISS NUTR.400 ml;374892;Gliss;0.4000;l;6.99;17.48;;;02.05.2025;6.99;9000101726053;Kozmetika
MASKA GLISS REPAIR 400 ml;374895;Gliss;0.4000;l;6.99;17.48;;;02.05.2025;6.99;9000101726138;Kozmetika
MASKA GLISS REGENERA.400 ml;374896;Gliss;0.4000;l;3.99;9.98;;;02.05.2025;3.99;9000101725896;Kozmetika
MASKA GLISS SHINE 400 m;374898;Gliss;0.4000;l;6.99;17.48;;;02.05.2025;6.99;9000101726336;Kozmetika
PJENU.JP CHENET ICE ROSE 1,5 L;374902;JP Chenet;1.5000;L;10.02;6.68;;;02.05.2025;10.02;3500610110238;Piæa
PJEN.JP CHENET ICE WHITE 1,5 L;374903;JP Chenet;1.5000;L;10.02;6.68;;;02.05.2025;10.02;3500610108501;Piæa
Domaæa peèena ¹unka;374910;Pivac;1.0000;kg;10.99;10.99;;;02.05.2025;6.99;3858884998855;Hrana
ZUB.P.AQUAFRESH WHI&SHI.100 ml;374918;Aquafresh;0.1000;l;3.89;38.90;;;02.05.2025;3.89;5054563205490;Kozmetika
GUM.BOMB.ZOZOLE RAINBOW 75 g;374926;;0.0750;kg;0.99;13.20;;;02.05.2025;0.99;5900353700211;Hrana
GUM.BOMB.ZOZOLE PAINTER 75 g;374935;;0.0750;kg;0.99;13.20;;;02.05.2025;0.99;5900353702147;Hrana
GUM.BOMB.ZOZOLE JAGODA 75 g;374938;;0.0750;kg;0.99;13.20;;;02.05.2025;0.99;5900353701522;Hrana
GEL.VANISH OXI WHITE 750 ml;374945;Vanish;0.7500;L;7.95;10.60;;;02.05.2025;7.95;5999109561107;Sredstva za èi¹æenje
GEL AIRWICK MAGNOLIA 150 g;374949;Airwick;0.1500;KG;2.69;17.93;;;02.05.2025;2.69;5997321758954;Sredstva za èi¹æenje
MLIJEKO SVJ.3,6% NP BIO 1 L;374973;Natur pur;1.0000;L;1.69;1.69;;;02.05.2025;1.69;9100000015774;Hrana
GRISINI PREMIUM CRVE.LUK 150 g;374983;SPAR Premium;0.1500;kg;2.49;16.60;;;02.05.2025;3.50;9100000889894;Hrana
©AMPINJONI MINI 300 g;374984;;0.3000;kg;1.39;4.63;;;02.05.2025;1.39;3858893060239;Hrana
Sir s mediteran.biljem GLIGORA;374996;;1.0000;kg;24.99;24.99;;;02.05.2025;24.99;3858891772219;Hrana
MJE©.POVR.GOURMET MIX SB 750 g;375028;S-Budget;0.7500;kg;3.49;4.65;;;02.05.2025;2.96;9100000898162;Hrana
PATRONE WILKINSON HYDRO 5 4+1;375033;Wilkinson;5.0000;kom;14.49;2.90;;;02.05.2025;14.49;4027800892266;Kozmetika
NOODLE S-BUDGET LJ.PERAD 70 g;375036;S-Budget;0.0700;kg;1.39;19.86;;;02.05.2025;1.39;9100000002934;Hrana
NOODLE S-BUDGET PATKA 72 g;375037;S-Budget;0.0720;kg;1.39;19.31;;;02.05.2025;1.39;9100000002958;Hrana
NOODLE S-BUDGET GOVEDINA 66 g;375038;S-Budget;0.0660;kg;1.39;21.06;;;02.05.2025;1.39;9100000002972;Hrana
KREM.ZORINA M.MIC.SPF30  50 ml;375041;ZORINA MAST;0.0500;L;16.29;325.80;;;02.05.2025;16.29;3859894008480;Kozmetika
MJE©.TAMNI KRUH NAT.PUR 1 kg;375042;SPAR Natur*pur;1.0000;kg;3.99;3.99;;;02.05.2025;3.99;9100000983813;Hrana
MJE©.SUNCOKR.KRUH NAT.PUR 1 kg;375044;Natur pur;1.0000;kg;3.99;3.99;;;02.05.2025;3.99;9100000983790;Hrana
DET.WEISSER RIES.4,95 kg;375053;Weisser Riese;4.9500;kg;23.99;4.85;;;02.05.2025;23.99;9000101807035;Sredstva za èi¹æenje
ZUB.PASTA BLANX WHITE 75 ml;375068;Blanx;0.0750;l;2.95;39.33;;;02.05.2025;2.95;8017331089675;Kozmetika
AJVAR DOORA DOMAÆI BLAGI 550 g;375069;Doora;0.5500;kg;8.59;15.62;;;02.05.2025;8.59;3858894540334;Hrana
AJVAR DOORA DOMAÆI LJUTI 550 g;375070;Doora;0.5500;kg;8.59;15.62;;;02.05.2025;8.59;3858894540341;Hrana
AJVAR DOORA DOMAÆI BLAGI 290 g;375071;Doora;0.2900;kg;5.39;18.59;;;02.05.2025;5.39;3858894540488;Hrana
AJVAR DOORA DOMAÆI LJUTI 290 g;375072;Doora;0.2900;kg;5.39;18.59;;;02.05.2025;5.39;3858894540495;Hrana
POSIP ZA MAÈKE MAG.CLEAN 3,8 L;375073;;3.8000;L;7.99;2.10;;;02.05.2025;7.99;4008239196576;Proizvodi za kuæanstvo
HIPP BABY VODA 1 L;375076;Hipp;1.0000;l;1.39;1.39;;;02.05.2025;1.39;9062300000662;Hrana
SRED.SMAC ZA KUPAONICU 650 ml;375079;Smac;0.6500;L;3.49;5.37;;;02.05.2025;3.49;8003650026682;Sredstva za èi¹æenje
DET.DUEL JORGOVAN 10 kg;375082;Duel;10.0000;KG;14.99;1.50;;;02.05.2025;14.99;8606013177023;Sredstva za èi¹æenje
KAP.VESH WHITE 42/1;375100;Vesh;42.0000;kom;14.90;0.35;;;02.05.2025;14.90;3870128037298;Sredstva za èi¹æenje
KAP.VESH COLOR 42/1;375103;Vesh;42.0000;kom;14.90;0.35;;;02.05.2025;14.90;3870128037359;Sredstva za èi¹æenje
KAP.VESH WHITE 14/1;375107;Vesh;14.0000;kom;6.49;0.46;;4.79;02.05.2025;4.79;3870128037267;Sredstva za èi¹æenje
KAP.VESH COLOR 14/1;375110;Vesh;14.0000;kom;6.49;0.46;;4.79;02.05.2025;4.79;3870128037328;Sredstva za èi¹æenje
KOKO. MLIJ.S-BUDG.LIGHT.400 ml;375122;S-Budget;0.4000;l;1.49;3.73;;;02.05.2025;1.49;9100000826998;Hrana
RI®A REYHAN BASMAT.750 g;375135;Reyhani;0.7500;kg;4.99;6.65;;;02.05.2025;4.99;9120006000307;Hrana
POSL.ZA PSE ADVENT.LOSOS 115 g;375140;Felix;0.1150;kg;2.69;23.39;;;02.05.2025;2.69;8445290990785;Proizvodi za kuæanstvo
POSL.ZA PSE ADVENT.DIVLJ.115 g;375141;Felix;0.1150;kg;2.69;23.39;;;02.05.2025;2.69;8445290990808;Proizvodi za kuæanstvo
HRANA ZA MAÈKE FELIX TUNA 80 g;375142;Felix;0.0800;kg;0.79;9.88;;;02.05.2025;0.79;7613287249555;Proizvodi za kuæanstvo
HRANA ZA MAÈKE FELIX 4X80 g;375143;Felix;0.3200;kg;2.79;8.72;;;02.05.2025;2.79;7613287249579;Proizvodi za kuæanstvo
SALVETE 33x33cm,20/1 PPD ;375150;;1.0000;kom;1.99;1.99;;;02.05.2025;1.99;4021766295352;Proizvodi za kuæanstvo
SALVETE 33x33cm,20/1 PPD ;375151;;1.0000;kom;1.99;1.99;;;02.05.2025;1.99;4021766297387;Proizvodi za kuæanstvo
SALVETE 33x33cm,20/1 PPD ;375152;;1.0000;kom;1.99;1.99;;;02.05.2025;1.99;4021766298827;Proizvodi za kuæanstvo
SALVETE 33x33cm,20/1 PPD ;375153;;1.0000;kom;1.99;1.99;;;02.05.2025;1.99;4021766296632;Proizvodi za kuæanstvo
ÈET.ZA ZUB.DENTA KISS PROF.1/1;375179;DENTA KISS;1.0000;kom;1.45;1.45;;;02.05.2025;1.45;9100000984292;Kozmetika
ZU.PASTA DENTA KISS AK.U.75 ml;375181;DENTA KISS;0.0750;L;0.99;13.20;;;02.05.2025;0.99;9100000984391;Kozmetika
HARINGE S-B UMAK RAJÈICA 200 g;375186;S-Budget;0.2000;kg;2.19;10.95;;;02.05.2025;2.19;9100000002774;Hrana
HARINGE S-B MEKS.UMAK 200 g;375188;S-Budget;0.2000;kg;2.19;10.95;;;02.05.2025;2.19;9100000002750;Hrana
DN.FLUID GARNIER SPF50+ 40 ml;375200;Garnier;0.0400;L;12.49;312.25;;;02.05.2025;12.49;3600542573009;Kozmetika
KRUH HRSKAVI NATUR PUR 200 g;375201;SPAR Natur*pur;0.2000;kg;2.99;14.95;;;02.05.2025;3.01;9100000995625;Hrana
DET.PERSIL UNIVERSAL 4,5 L;375210;Persil;4.5000;l;24.99;5.55;;;02.05.2025;24.99;9000101567281;Sredstva za èi¹æenje
ROLL ON LACTOVIT INV. 50 ml;375212;Lactovit;0.0500;L;3.49;69.80;;;02.05.2025;3.49;8411135005532;Kozmetika
DET.PERSIL FRESHNESS 4,95 kg;375213;Persil;4.9500;kg;24.99;5.05;;;02.05.2025;24.99;9000101805963;Sredstva za èi¹æenje
PIZZA BIO RAJÈ.MOZZ. NP 325 g;375214;Natur pur;0.3250;kg;4.29;13.20;;;02.05.2025;4.29;9100000003429;Hrana
ROLL ON LACTOVIT UREA 50 ml;375215;Lactovit;0.0500;L;3.49;69.80;;;02.05.2025;3.49;8411135353626;Kozmetika
ROLL ON LACTOVIT ORIG. 50 ml;375216;Lactovit;0.0500;L;3.49;69.80;;;02.05.2025;3.49;8411135353091;Kozmetika
DEO SPRAY LACTOVIT INV. 200 ml;375220;Lactovit;0.2000;L;3.99;19.95;;;02.05.2025;3.99;8411135005525;Kozmetika
DEO SPRAY LACTOVIT UREA 200 ml;375223;Lactovit;0.2000;L;3.99;19.95;;;02.05.2025;3.99;8411135008939;Kozmetika
DEO SPRAY LACTOVIT ORI. 200 ml;375226;Lactovit;0.2000;L;3.99;19.95;;;02.05.2025;3.99;8411135352155;Kozmetika
DET.PERSIL SENSITIVE 4,5 L;375228;Persil;4.5000;l;24.99;5.55;;;02.05.2025;24.99;9000101565713;Sredstva za èi¹æenje
KAP.VIO 84/1;375251;Viola;84.0000;kom;17.99;0.21;;17.99;02.05.2025;17.99;3870128036918;Sredstva za èi¹æenje
KAP.VIO 43/1;375258;;43.0000;kom;10.99;0.26;;10.99;02.05.2025;10.99;3870128036888;Sredstva za èi¹æenje
SRE.ZA MRLJE OPAL ©TIRK.500 ml;375337;Opal;0.5000;L;2.65;5.30;;;02.05.2025;2.65;3859888110083;Sredstva za èi¹æenje
SIR STRACCIATELL.BURR.PR.140 g;375342;SPAR PREMIUM;0.1400;kg;2.49;17.79;;;02.05.2025;2.49;9100000974453;Hrana
Sir kozji s korijanderom 130 g;375344;Euroser;0.1300;kg;3.49;26.85;;;02.05.2025;3.49;5902431274485;Hrana
Sir Old Amsterdam mild 130 g;375345;Euroser;0.1300;kg;3.49;26.85;;;02.05.2025;3.49;5902431277547;Hrana
KAP.WEISSER RIESE LOT.&MA.18/1;375346;Weisser Riese;18.0000;kom;6.99;0.39;;;02.05.2025;6.99;4015200032290;Sredstva za èi¹æenje
MLIJEKO ZA KAVU SPAR 500 g;375352;SPAR;0.5000;kg;2.19;4.38;;;02.05.2025;2.19;9100000972848;Hrana
LUB.BILLY BOY DU&ICH 200 ml;375356;Billy Boy;0.2000;L;10.89;54.45;;;02.05.2025;10.89;4008600420330;Toaletne potrep¹tine
PREZE.BILLY AROMATISIERT 4/1;375357;Billy Boy;4.0000;KOM;;0.75;2.99;4.49;02.05.2025;4.49;4008600235514;Toaletne potrep¹tine
PREZE.BILLY BOY EXTRA LUBR.4/1;375361;Billy Boy;4.0000;KOM;;0.75;2.99;4.49;02.05.2025;4.49;4008600235392;Toaletne potrep¹tine
TRAKE VEET EXPERT B&P 16/1;375363;Veet;16.0000;kom;5.49;0.34;;;02.05.2025;5.49;5997321774749;Kozmetika
SRE.CHANTECLAIR WC AK.P.625 ml;375365;CHANTE CLAIR;0.6250;L;2.99;4.78;;;02.05.2025;2.99;8015194526238;Sredstva za èi¹æenje
SRE.CHANTECLAIR ZA KAME.625 ml;375368;CHANTE CLAIR;0.6250;L;2.99;4.78;;;02.05.2025;2.99;8015194518394;Sredstva za èi¹æenje
GIN AURA KARBUN 0,7 L;375370;;0.7000;L;40.02;57.17;;;02.05.2025;40.02;3859892613099;Piæa
SRE.CHANTECLAIR ODMA©ÆI.600 ml;375372;CHANTE CLAIR;0.6000;L;2.99;4.98;;;02.05.2025;2.99;8015194522957;Sredstva za èi¹æenje
LIKER AURA LIMONCELLO 0,7 L;375374;;0.7000;L;26.02;37.17;;;02.05.2025;26.02;3859893552830;Piæa
LIKER AURA TERANINO 0,7 L;375375;;0.7000;L;26.02;37.17;;;02.05.2025;26.02;3859892613365;Piæa
HRANA ZA MAÈKE SHEBA 4X85 g;375376;Sheba;0.3400;kg;3.29;9.68;;;02.05.2025;3.29;4770608265076;Proizvodi za kuæanstvo
HRANA ZA MAÈKE SHEBA 85 g;375377;Sheba;0.0850;kg;1.09;12.82;;;02.05.2025;1.09;4770608264567;Proizvodi za kuæanstvo
HRANA ZA PSE CES.PIL.PUR.150 g;375379;Cesar;0.1500;kg;1.79;11.93;;;02.05.2025;1.79;4008429061868;Proizvodi za kuæanstvo
HRANA ZA PSE PEDIGREE 12 kg;375380;Pedigree;12.0000;kg;49.99;4.17;;;02.05.2025;49.99;5998749145043;Proizvodi za kuæanstvo
ÈOK.PO.PAK.MILKA + RAJF 149 g;375382;Milka;0.1490;kg;;6.64;0.99;1.99;02.05.2025;1.99;7622201749101;Hrana
VINO PALIHNIÆ PO©IP 0,75 L;375383;;0.7500;L;10.49;13.99;;;02.05.2025;10.49;3859892911300;Piæa
OME.COCCOLINO BLUE SPLAS.1,7 L;375386;Coccolino;1.7000;l;6.99;4.11;;;02.05.2025;6.99;8720181410680;Sredstva za èi¹æenje
OME.COCCOLINO SENSITIVE 1,7 L;375387;Coccolino;1.7000;l;6.99;4.11;;;02.05.2025;6.99;8720181410673;Sredstva za èi¹æenje
OME.COCCOLINO BLUE BOOS.925 ml;375393;Coccolino;0.9250;L;4.95;5.35;;;02.05.2025;4.95;8720181409677;Sredstva za èi¹æenje
OME.COCCOLIN.BLUE SPLAS.975 ml;375396;Coccolino;0.9750;L;4.95;5.08;;;02.05.2025;4.95;8720181410543;Sredstva za èi¹æenje
ZUB.P.ORAL-B PROEXPERT 2x75 ml;375400;Oral B;0.1500;l;5.95;39.67;;;02.05.2025;5.95;8700216384643;Kozmetika
SVINJSKI ODREZAK 400 g;375411;;0.4000;kg;4.29;10.73;;;02.05.2025;3.99;3859893373978;Hrana
SP.FK CORDON BLEU 250 g;375417;SPAR Feine Küche;0.2500;kg;4.29;17.16;;;02.05.2025;4.29;9100000300856;Hrana
KEKS SB FROLLINI ÈOK.700 g;375425;S-Budget;0.7000;kg;;3.27;2.29;2.99;02.05.2025;2.99;8057204091664;Hrana
KREKERI DESPAR LIGHT 250 g;375428;Despar;0.2500;kg;1.99;7.96;;;02.05.2025;1.19;8001300800637;Hrana
TOAL.PAPIR LOVELY 16/1;375445;Lovely;16.0000;kom;4.99;0.31;;;02.05.2025;4.99;3831115337760;Toaletne potrep¹tine
ÈOK.PLO.DEKOR.SR.ROÐ.SPAR 16 g;375453;SPAR;0.0160;kg;1.99;124.38;;;02.05.2025;1.99;9100000009964;Hrana
PAP.RUÈNIK LOVELY 2/1;375460;Lovely;2.0000;kom;3.49;1.75;;;02.05.2025;3.49;3831115322346;Proizvodi za kuæanstvo
MUSLI F.F.ZOB.PAHULJ.ÈOK.400 g;375478;SPAR free from;0.4000;kg;4.49;11.23;;;02.05.2025;4.49;9100000014371;Hrana
ÈETK.ZUB.BIOMED BLACK 3/1;375481;;3.0000;kom;9.99;3.33;;;02.05.2025;9.99;7640168935573;Kozmetika
ÈETK.ZUB.BIOMED BLACK 1/1;375482;;1.0000;kom;3.99;3.99;;;02.05.2025;3.99;7640168930479;Kozmetika
ZU.PASTA BIOMED CHARCOAL 100 g;375483;;0.1000;kg;3.99;39.90;;;02.05.2025;3.99;7640168930424;Kozmetika
ZU.PASTA BIOMED WHITE 100 g;375485;;0.1000;kg;3.99;39.90;;;02.05.2025;3.99;7640170370058;Kozmetika
ZU.PASTA BIOMED GUM HEA. 100 g;375486;;0.1000;kg;3.99;39.90;;;02.05.2025;3.99;7640168932589;Kozmetika
ZU.PASTA BIOMED CALCIMAX 100 g;375490;;0.1000;kg;3.99;39.90;;;02.05.2025;3.99;7640170370096;Kozmetika
ÈE©NJOVKA 250 g;375541;Podravka;0.2500;kg;6.49;25.96;;;02.05.2025;6.49;3856020271725;Hrana
LJUTA 250 g;375544;Podravka;0.2500;kg;6.49;25.96;;;02.05.2025;6.49;3856020271756;Hrana
ÈAJNA 250 g;375546;Podravka;0.2500;kg;4.99;19.96;;4.99;02.05.2025;4.99;3856020271695;Hrana
KEKSI JIMMY ÈOKOLADA 145 g;375549;Jimmy Fantastic;0.1450;kg;2.49;17.17;;;02.05.2025;2.49;8600939843468;Hrana
KEKSI JIMMY NOISETTE 145 g;375551;Jimmy Fantastic;0.1450;kg;2.49;17.17;;;02.05.2025;2.49;8600939843475;Hrana
KOLAÈ JAFFA INTEN.BROWNIE 36 g;375591;;0.0360;kg;0.60;16.67;;;02.05.2025;0.60;8600114011477;Hrana
KRE ZA TIJ.NIVEA PR.STR 200 ml;375593;Nivea;0.2000;l;15.49;77.45;;;02.05.2025;15.49;5900017090979;Kozmetika
SIRNI DESERT KIDSWORLD 160 g;375594;;0.1600;kg;4.99;31.19;;;02.05.2025;4.99;8595588202882;Hrana
ÈET.ZA ZUB.DENTA KISS SEN.1/1;375595;DENTA KISS;1.0000;kom;0.95;0.95;;;02.05.2025;0.95;9100000984339;Kozmetika
DET.PERWOLL COLOR 3,75 L;375605;Perwoll;3.7500;l;12.99;3.46;;12.99;02.05.2025;12.99;9000101810325;Sredstva za èi¹æenje
DET.PERWOLL BLACK 3,75 L;375606;Perwoll;3.7500;l;12.99;3.46;;12.99;02.05.2025;12.99;9000101810295;Sredstva za èi¹æenje
GAZIRANO PIÆE FANTA 2 L;375623;Fanta;2.0000;L;2.29;1.15;;;02.05.2025;2.29;5449000322203;Piæa
GAZIRANO PIÆE FANTA 1,5 L;375624;Fanta;1.5000;L;1.98;1.32;;;02.05.2025;1.98;5449000322166;Piæa
GAZ.PIÆE FANTA 2X2 L;375625;Fanta;4.0000;L;4.45;1.11;;;02.05.2025;4.45;5449000322326;Piæa
GAZIRANO PIÆE FANTA 0,5 L;375626;Fanta;0.5000;L;1.19;2.38;;;02.05.2025;1.19;5449000322142;Piæa
LEDENI ÈAJ JANA LIMUN 0,5 L;375637;Jana;0.5000;L;1.19;2.38;;;02.05.2025;1.19;3856028500254;Piæa
LEDENI ÈAJ JANA LIMUN 1,5 L;375640;Jana;1.5000;L;1.69;1.13;;;02.05.2025;1.59;3856028500223;Piæa
PEKMEZ BIOBAZA SUN SU.TA 30 ml;375645;Biobaza;0.0300;L;1.99;66.33;;;02.05.2025;1.99;3856020911898;Kozmetika
GAZIRANO PIÆE FANTA 1 L;375658;Fanta;1.0000;L;1.48;1.48;;;02.05.2025;1.48;5449000322180;Piæa
BOMB.BAZOOKA JU.EXTREME 57 g;375662;Ajax;0.0570;kg;3.09;54.21;;;02.05.2025;3.09;5011053025129;Hrana
LIZ.BAZOOKA PUSH POP 30 g;375664;Ajax;0.0300;kg;2.39;79.67;;;02.05.2025;2.39;5011053024283;Hrana
HREN S-BUDGET STAKLO 200 g;375666;S-Budget;0.2000;kg;1.39;6.95;;;02.05.2025;1.39;9100000015064;Hrana
MERM. BIOBAZA SORBET TRO 150ml;375667;Biobaza;0.1500;L;9.59;63.93;;;02.05.2025;9.59;3856020914578;Kozmetika
BOMBONI EUKA LIMUN 150 g;375668;Euka;0.1500;kg;1.19;7.93;;;02.05.2025;1.19;5900353505663;Hrana
SALATA POTOÈARKA 100 g;375674;;0.1000;kg;1.99;19.90;;;02.05.2025;1.99;3859891662241;Hrana
SPR.NIVE.SUN TR. SPF50+270 ml;375675;Nivea;0.2700;l;19.99;74.04;;;02.05.2025;19.99;6001051004966;Kozmetika
GAZ.PIÆE FANTA ORANGE 0,33 L;375679;Fanta;0.3300;L;1.15;3.48;;;02.05.2025;1.15;5449000322241;Piæa
CARPACCIO OD HOBOTNICE PM.80 g;375680;Premium;0.0800;kg;6.99;87.38;;;02.05.2025;6.99;8001300620723;Hrana
KR.SUN NIVE S.FLUID ZF50 40 ml;375684;Nivea;0.0400;l;13.49;337.25;;;02.05.2025;13.49;4006000103488;Kozmetika
ÈOKOLADA LEO 48 g;375691;Milka;0.4800;kg;1.39;2.90;;;02.05.2025;1.39;7622202041495;Hrana
LIZ.CANDY&TOY PATKA 15 g;375697;DUPIN;0.0150;kg;1.49;99.33;;;02.05.2025;1.49;8435124855656;Hrana
KAVA ANAMARIA 175 g;375698;Anamarija;0.1750;KG;3.99;22.80;;;02.05.2025;3.99;3858881775985;Piæa
INST.KAVA ARABESCA 3U1 16,5 g;375700;Arabesca;0.0165;KG;0.49;29.70;;;02.05.2025;0.45;3858886804192;Piæa
UMAK SPAR PREMIUM SOJA 150 ml ;375701;Premium;0.1500;L;3.49;23.27;;;02.05.2025;3.49;8001300242994;Hrana
KAVA JUL.MEINL VIEN.MEL.500 g ;375702;JULIUS MEINL;0.5000;KG;12.19;24.38;;;02.05.2025;11.79;9000403975494;Piæa
KAVA JUL.MEINL VIEN.ESPR.1 kg;375706;JULIUS MEINL;1.0000;KG;35.49;35.49;;;02.05.2025;32.49;9000403953300;Piæa
KAVA JULI.MEINL ESP.DELI.168 g;375711;JULIUS MEINL;0.1680;KG;15.19;90.42;;;02.05.2025;14.49;9000403972547;Piæa
SMOOTHIE ZOB.BOOM BOX 200 g;375714;Boom Box;0.2000;kg;1.99;9.95;;;02.05.2025;1.99;3856027801277;Hrana
SMOOTHIE ZOB.BOOM BOX 200 g;375717;Boom Box;0.2000;kg;1.99;9.95;;;02.05.2025;1.99;3856027801307;Hrana
SMOOTHIE ZOB.BOOM BOX 200 g;375718;Boom Box;0.2000;kg;1.99;9.95;;;02.05.2025;1.99;3856027801338;Hrana
NAPITAK BOLERO ©UM.VOÆE 9 g;375720;Bolero;0.0090;kg;0.99;110.00;;;02.05.2025;0.99;3800048200229;Hrana
NAPITAK BOLERO ALOE VERA 9 g;375721;Bolero;0.0090;kg;0.99;110.00;;;02.05.2025;0.99;3800048226953;Hrana
NAPITAK BOLERO JABUKA 9 g;375722;Bolero;0.0090;kg;0.99;110.00;;;02.05.2025;0.99;3800048200885;Hrana
SALVETE 33x33cm HB 16/1 ROSE ;375758;;16.0000;kom;1.79;0.11;;;02.05.2025;1.79;0194099001052;Proizvodi za kuæanstvo
BILJNI PRIPRAVAK HOPLA 500 ml;375796;;0.5000;L;2.19;4.38;;;02.05.2025;2.19;8000005046166;Hrana
KOLAÈ PARFE ÈOK.PODRAVKA 200 g;375818;;0.2000;;3.39;16.95;;;02.05.2025;3.39;3856020271329;Hrana
Zimska salama Andro;375819;Andro;1.0000;kg;17.99;17.99;;16.99;02.05.2025;16.99;3858892822708;Hrana
VODA STOLNA S-BUDGET 7 L;375825;S-Budget;7.0000;L;1.45;0.21;;;02.05.2025;1.45;3856021226540;Piæa
LIZ.FIZZY TWISTY POP 17 g;375829;DUPIN;0.0170;kg;0.99;58.24;;;02.05.2025;0.99;3395502488492;Hrana
TORT.ÈIPS DORITOS NACHO 90 g;375832;Doritos;0.0900;kg;1.69;18.78;;1.59;02.05.2025;1.99;8606017379393;Hrana
TORT.ÈIPS DORITOS BBQ 90 g;375833;Doritos;0.0900;kg;1.69;18.78;;1.59;02.05.2025;1.99;8606017379430;Hrana
TORT.ÈIPS DORITOS TACO 90 g;375835;Doritos;0.0900;kg;1.69;18.78;;1.59;02.05.2025;1.99;8606017379416;Hrana
TORT.ÈIPS DORIT.HOT CORN 90 g;375836;Doritos;0.0900;kg;1.69;18.78;;1.59;02.05.2025;1.99;8606017379423;Hrana
TORT.ÈIP.DOR.SWEET CHILLI 90 g;375839;Doritos;0.0900;kg;1.69;18.78;;1.59;02.05.2025;1.99;8606017379409;Hrana
NAP.CEDEVITA MANG.ANANA.340 ml;375840;Cedevita;0.3400;L;1.12;3.29;;;02.05.2025;1.12;3850322016565;Piæa
SALATA BABY ICEBERG 100 g;375841;;0.1000;kg;1.49;14.90;;;02.05.2025;1.49;3859891662234;Hrana
CEDEVITA ANANAS MANGO 455 g;375842;Cedevita;0.4550;KG;3.95;8.68;;;02.05.2025;3.95;3850322016268;Piæa
CEDEVITA ANANAS MANGO 900 g;375843;Cedevita;0.9000;KG;6.39;7.10;;;02.05.2025;5.79;3850322016626;Piæa
DEO SPR.BOROTA.MEN AMB 150 ml;375845;Borotalco;0.1500;l;3.50;23.33;;;02.05.2025;3.50;8002410044539;Kozmetika
DEO SPR.BOROTA.MEN UNIQ 150 ml;375846;Borotalco;0.1500;l;3.50;23.33;;;02.05.2025;3.50;8002410044546;Kozmetika
ROLL ON BOROTALCO INVIS. 50 ml;375847;Borotalco;0.0500;L;3.50;70.00;;;02.05.2025;3.50;80924531;Kozmetika
DEO SPR.BOROTA.MEN INV. 150 ml;375848;Borotalco;0.1500;l;3.50;23.33;;;02.05.2025;3.50;8002410045154;Kozmetika
PIVO BENEDIKTINER P©ENIÈNO 5 L;375850;Benediktiner;5.0000;L;15.99;3.20;;;02.05.2025;15.99;3859892482121;Piæa
VODA CETINA 7 L;375851;Cetina;7.0000;L;;0.18;1.29;1.69;02.05.2025;1.69;3859890129974;Piæa
ALKALNI NAPIT.RAAB 200 g;375858;Raab;0.2000;kg;15.99;79.95;;;02.05.2025;15.99;4019839841032;Hrana
BURGER MJE©.POVR.BAUCK 160 g;375860;Bauck;0.1600;kg;3.19;19.94;;;02.05.2025;3.19;4015637019284;Hrana
VODA CETINA 15 L;375864;Cetina;15.0000;L;6.49;0.43;;;02.05.2025;6.49;3859890129981;Piæa
ROLL ON BOROTALACO MEN  50 ml;375876;Borotalco;0.0500;L;3.50;70.00;;;02.05.2025;3.50;80972990;Kozmetika
ROLL ON BOROTALACO MEN  50 ml;375878;Borotalco;0.0500;l;3.50;70.00;;;02.05.2025;3.50;80886754;Kozmetika
GEL.TU©.L´ANGELICA HYDR.500 ml;375886;L'Angelica;0.5000;l;2.99;5.98;;;02.05.2025;2.99;8017331096680;Kozmetika
GEL.TU©.L´ANGELICA PURE 500 ml;375887;L'Angelica;0.5000;l;2.99;5.98;;;02.05.2025;2.99;8017331096703;Kozmetika
GEL.TU©.L´ANGELICA TONI.500 ml;375888;L'Angelica;0.5000;l;2.99;5.98;;;02.05.2025;2.99;8017331096727;Kozmetika
OME.DUEL SOFT LOTUS 1,6 L;375895;Duel;1.6000;L;4.99;3.12;;;02.05.2025;4.99;8606015846880;Sredstva za èi¹æenje
 OME.DUEL LIKE A DIAMOND 1,6 L;375899;Duel;1.6000;L;4.99;3.12;;;02.05.2025;4.99;8606015847023;Sredstva za èi¹æenje
OME.DUEL LOVE ACTUALLY 1,6 L;375900;Duel;1.6000;L;4.99;3.12;;;02.05.2025;4.99;8606015847061;Sredstva za èi¹æenje
TORTELLINI BOLOGN.IPRIMI 270 g;375905;;0.2700;kg;2.79;10.33;;;02.05.2025;2.79;8006827600081;Hrana
NJOKI S GORGON.IPRIMI 270 g;375906;;0.2700;kg;2.79;10.33;;;02.05.2025;2.79;8006827600142;Hrana
ÈIPS ÈIPI ÈIPS UL.PAPR.120 g;375915;Chio;0.1200;kg;1.89;15.75;;1.89;02.05.2025;1.79;3856021306600;Hrana
ÈIPS ÈIPI ÈIPS ULTRA SLA.120 g;375919;Chio;0.1200;kg;1.89;15.75;;1.89;02.05.2025;1.79;3856021306587;Hrana
ÈIPS ÈIPI ÈIPS PR©UT 130 g;375922;Chio;0.1400;kg;1.89;13.50;;1.89;02.05.2025;1.79;3856021306525;Hrana
ÈIPS ÈIPI ÈIPS SLANI 130 g;375927;Chio;0.1300;kg;1.89;14.54;;1.89;02.05.2025;1.79;3856021306501;Hrana
ÈIPS È.ÈIPS SVJ.SIR-L.130 g   ;375930;Chio;0.1300;kg;1.89;14.54;;1.89;02.05.2025;1.79;3856021306662;Hrana
BIO BRANCIN OÈI©ÆENI 360 g;375934;;0.3600;kg;7.19;19.97;;;02.05.2025;7.19;3858893585008;Hrana
ÈIPS ÈIPI ÈIPS PAPRIKA 120 g;375935;Chio;0.1200;kg;1.89;15.75;;1.89;02.05.2025;1.79;3856021306549;Hrana
BIO ORADA OÈI©ÆENA 360 g;375939;;0.3600;kg;7.19;19.97;;;02.05.2025;7.19;3858893585015;Hrana
ÈIPS ÈIPI ÈIPS SIR-LUK 120 g;375941;Chio;0.1200;kg;1.89;15.75;;1.89;02.05.2025;1.79;3856021306563;Hrana
VINO JUST MERLOT VEGAN 0,75 L;375942;;0.7500;L;3.99;5.32;;;02.05.2025;3.99;3770019267363;Piæa
BOSILJAK 30 g;375943;;0.0300;kg;1.39;46.33;;;02.05.2025;1.39;8012566004134;Hrana
VINO JUST PIN.GR.ROSE 0,75 L;375945;;0.7500;L;3.99;5.32;;;02.05.2025;3.99;3770019267370;Piæa
VINO JUST SAUVIGNON BL. 0,75 L;375949;;0.7500;L;3.99;5.32;;;02.05.2025;3.99;3770019267387;Piæa
BOMBONI RICOLA ORIGINAL 75 g;375950;Ricola;0.0750;kg;2.65;35.33;;;02.05.2025;2.65;7610700945087;Hrana
BOMBONI RICOLA LIMUN-MINT 75 g;375951;Ricola;0.0750;kg;2.65;35.33;;;02.05.2025;2.65;7610700945131;Hrana
BOMBONI RICOLA MALINA 75 g;375956;Ricola;0.0750;kg;2.65;35.33;;;02.05.2025;2.65;7610700018675;Hrana
BOMBONI RICOLA MENTOL 75 g;375963;;0.0750;kg;2.65;35.33;;;02.05.2025;2.65;7610700011089;Hrana
BOMBONI RICOLA MALINA 40 g;375967;Ricola;0.0400;kg;1.59;39.75;;;02.05.2025;1.59;7610700022498;Hrana
DET.DESPAR LANA DE.ARGAN 1,5 L;375969;Despar;1.5000;L;2.99;1.99;;;02.05.2025;3.25;8001300891444;Sredstva za èi¹æenje
DET.DESPAR LANA LAVANDER 1,5 L;375970;Despar;1.5000;L;2.99;1.99;;;02.05.2025;3.25;8001300891451;Sredstva za èi¹æenje
DET.DESPAR LANA CLASSIC 1,5 L;375971;Despar;1.5000;L;2.99;1.99;;;02.05.2025;3.25;8001300891437;Sredstva za èi¹æenje
NAM.HED.PREMIUM LJE©.60% 200 g;375976;Hedona;0.2000;kg;8.99;44.95;;;02.05.2025;8.99;3859893082771;Hrana
DES.PROTEIN SNACK VINDIJA 40 g;375977;Vindija;0.0400;kg;1.49;37.25;;;02.05.2025;1.49;3850108049909;Hrana
DRA®.HEDONA SWEET BOX 360 g;375978;Hedona;0.3600;kg;13.99;38.86;;;02.05.2025;13.99;3859893082580;Hrana
VOÆ.JOG.JAG.´Z BREG.TTOP 1 kg;375979;Vindija;1.0000;kg;2.49;2.49;;;02.05.2025;2.49;3850108037586;Hrana
MASLAC ´Z BREGOV 15 g;375987;Z Bregov;0.0150;kg;0.39;26.00;;;02.05.2025;0.39;3850108060188;Hrana
ODSTR.MRLJA DR.BECKMANN 400 ML;375988;Dr. Beckmann;0.4000;L;5.39;13.48;;;02.05.2025;5.39;4008455612317;Sredstva za èi¹æenje
PRAL.HEDONA PREMIUM 90 g;375995;Hedona;0.0900;kg;9.99;111.00;;;02.05.2025;9.99;3859893082597;Hrana
ML.AFODITA.SPF20 SPRAY 200 ml;375999;Afrodita;0.2000;l;19.99;99.95;;;02.05.2025;19.99;3831070662051;Kozmetika
KAP.SPLENDID UNIVERSAL 18/1;376010;Splendid;18.0000;kom;4.99;0.28;;;02.05.2025;4.99;9100000971629;Sredstva za èi¹æenje
KAP.SPLENDID COLOR 18/1;376012;Splendid;18.0000;kom;4.99;0.28;;;02.05.2025;4.99;9100000971643;Sredstva za èi¹æenje
PULLED CHICKEN 400 g TABAY;376013;;0.4000;kg;6.49;16.23;;;02.05.2025;6.49;3859894177056;Hrana
DET.SPAR SUPER SENSITIVE 3 L ;376016;SPAR;3.0000;KOM;7.99;2.66;;;02.05.2025;7.99;3830046459947;Sredstva za èi¹æenje
DET.SPAR SUPER GREEN F.5,2 kg ;376020;SPAR;5.2000;kg;11.99;2.31;;;02.05.2025;11.99;3831115321462;Sredstva za èi¹æenje
PEKMEZ OLIVAL MRK.SPF10 100 ml;376024;Olival;0.1000;l;7.89;78.90;;;02.05.2025;7.89;3858892694817;Kozmetika
COCO OLIVAL SUP.SORBET 100 ml;376025;Olival;0.1000;l;7.89;78.90;;;02.05.2025;7.89;3858892695050;Kozmetika
VODICA OLIVAL COCO SUN  100 ml;376027;Olival;0.1000;l;6.49;64.90;;;02.05.2025;6.49;3858892695043;Kozmetika
ULJE ZA S.OLIVAL SPF30 200 ml;376028;Olival;0.2000;L;13.99;69.95;;;02.05.2025;13.99;3858892695005;Kozmetika
PRELJ.ZA SAL.SA JOGURTOM 50 ml;376029;Kühne;0.0500;L;0.99;19.80;;;02.05.2025;0.99;4012200391723;Hrana
PRELJ.ZA SAL.AMER.CAESAR 50 ml;376030;Kühne;0.0500;L;0.99;19.80;;;02.05.2025;0.99;4012200398395;Hrana
KREMA OLIVAL DJE SPF50   50 ml;376033;Olival;0.0500;L;9.59;191.80;;;02.05.2025;9.59;3858892695067;Kozmetika
KREMA OLIVAL DJE SPF30   50 ml;376034;Olival;0.0500;l;8.59;171.80;;;02.05.2025;8.59;3858892694930;Kozmetika
ML.SUN OLIVAL SPF30 200 ml;376035;Olival;0.2000;l;14.99;74.95;;;02.05.2025;14.99;3858892694947;Kozmetika
ML.SUN OLIVAL SPF30 200 ml;376041;Olival;0.2000;l;12.99;64.95;;;02.05.2025;12.99;3858892695074;Kozmetika
ML.SUN OLIVAL SPF50 200 ml;376042;Olival;0.2000;l;15.99;79.95;;;02.05.2025;15.99;3858892695081;Kozmetika
ML.SUN OLIVAL SPF20 200 ml;376044;Olival;0.2000;l;9.99;49.95;;;02.05.2025;9.99;3858892694961;Kozmetika
ML.SUN OLIVAL SPF30 200 ml;376045;Olival;0.2000;l;11.99;59.95;;;02.05.2025;11.99;3858892694978;Kozmetika
ML.SUN OLIVAL SPF50 200 ml;376046;Olival;0.2000;l;15.59;77.95;;;02.05.2025;15.59;3858892694985;Kozmetika
VINO BIJELO 5 L KG PET;376066;;5.0000;L;9.39;1.88;;;02.05.2025;9.39;3858891544793;Piæa
VINO GRA©EVINA KG ZELINA 5 L;376070;;5.0000;L;11.89;2.38;;;02.05.2025;11.89;3858891544779;Piæa
UMAK ZVIJEZDA BBQ LJUTI 300 g;376078;Zvijezda;0.3000;kg;2.39;7.97;;;02.05.2025;2.39;3856015328205;Hrana
ULJE AMBR.SOLAIRE SPF30 150 ml;376079;Ambre Solaire;0.1500;l;15.99;106.60;;;02.05.2025;15.99;3600542452465;Kozmetika
ULJE AMBER SOLEI. KOKOS 200 ml;376083;Ambre Solaire;0.2000;l;10.49;52.45;;;02.05.2025;10.49;3600542450645;Kozmetika
UMAK ZVIJEZDA BBQ BLAGI 300 g;376084;Zvijezda;0.3000;kg;2.39;7.97;;;02.05.2025;2.39;3856015328175;Hrana
ULJE AMBR SOLAIR SPF15 150 ml;376086;Ambre Solaire;0.1500;l;12.99;86.60;;;02.05.2025;12.99;3600542452434;Kozmetika
KETCHUP ZVIJEZDA BLAGI 300 g;376088;Zvijezda;0.3000;kg;1.79;5.97;;;02.05.2025;1.79;3856015328236;Hrana
ML.AMBRE SOLAIRE SPF50+ 40 ml;376091;Ambre Solaire;0.0400;l;14.99;374.75;;;02.05.2025;14.99;3600542573757;Kozmetika
SPR.AMBRE SOL.SPF50+ 150 ml;376092;Ambre Solaire;0.1500;l;15.99;106.60;;;02.05.2025;15.99;3600542444231;Kozmetika
SPR.AMBRE SOL.SPF50+ 150 ml;376093;Ambre Solaire;0.1500;l;16.09;107.27;;;02.05.2025;16.09;3600542520423;Kozmetika
HREN SPAR PREMIUM ST.75 g;376097;SPAR PREMIUM;0.0750;kg;2.99;39.87;;;02.05.2025;2.99;9100000829432;Hrana
Ciabatt. s maslinama 200 g;376098;Bäckerei SPAR;0.2000;kg;0.72;3.60;;;02.05.2025;0.72;;Hrana
Ciabatta rustica  150 g;376099;Bäckerei SPAR;0.1500;kg;0.44;2.93;;;02.05.2025;0.44;;Hrana
MUFFINI LJE©NJAK KAKAO 220 g;376100;;0.2200;kg;1.99;9.05;;;02.05.2025;1.99;8410722212506;Hrana
SPAR VREÆA ZA SM.REC.15L 8/1;376106;SPAR Qualitätsmarke;8.0000;kom;2.99;0.37;;;02.05.2025;2.99;9100000006987;Proizvodi za kuæanstvo
LIK.VODKA S-BUDGET PINK 0,7 L;376107;S-Budget;0.7000;L;7.99;11.41;;;02.05.2025;8.12;9100300000623;Piæa
LIK.VODKA S-BUDGET BLUE 0,7 L;376108;S-Budget;0.7000;L;7.99;11.41;;;02.05.2025;8.12;9100300000647;Piæa
MLIJ. UHT 2,8% JUNIOR DU.0,2 L;376151;Dukat;0.2000;L;0.69;3.45;;;02.05.2025;0.69;3850354018100;Hrana
MLIJEKO ÈOK.JUNIOR DUKAT 0,2 L;376152;Dukat;0.2000;L;1.09;5.45;;;02.05.2025;1.09;3850354018124;Hrana
VRH.KIS.BAKIN.25%M.M.B&F 300 g;376154;Dukat;0.3000;kg;1.89;6.30;;;02.05.2025;1.89;3850354018087;Hrana
©AMP.H&S MEN OLD SPIC.330 ml;376157;Head&Shoulders;0.3300;l;;15.12;4.99;6.19;02.05.2025;6.19;8700216305235;Kozmetika
©AMP.H&S 2U1 MENTHOL 400 ml;376158;Head&Shoulders;0.4000;l;;14.98;5.99;6.99;02.05.2025;6.99;8700216305419;Kozmetika
©AMP.H&S 2U1 APPLE 330 ml;376160;Head&Shoulders;0.3300;l;;15.12;4.99;6.19;02.05.2025;6.19;8700216304689;Kozmetika
©AMP.H&S MENTHOL 800ml;376162;Head&Shoulders;0.8000;l;9.95;12.44;;;02.05.2025;9.95;8700216156196;Kozmetika
DET.ARIEL OXI 1,76 kg;376164;Persil;1.7600;kg;;6.81;11.99;13.99;02.05.2025;13.99;8700216361040;Sredstva za èi¹æenje
©AMP.H&S CLASSIC 800ml;376165;Head&Shoulders;0.8000;l;9.95;12.44;;;02.05.2025;9.95;8700216156134;Kozmetika
©AMP.H&S APPLE  500 ml;376167;Head&Shoulders;0.5000;l;;11.98;5.99;6.99;02.05.2025;6.99;8700216305259;Kozmetika
REGENERATOR PANTENE MIR.160 ml;376170;Pantene;0.1600;l;5.39;33.69;;;02.05.2025;5.39;8700216191609;Kozmetika
©AMPON PANTENE HYDRA 250 ml;376171;Pantene;0.2500;l;5.99;23.96;;;02.05.2025;5.99;8700216323512;Kozmetika
MASKA PANTENE MIRACLES 300 ml;376172;Pantene;0.3000;l;14.99;49.97;;;02.05.2025;14.99;8700216173346;Kozmetika
©AMP.H&S CITRUS 330 ml;376174;Head&Shoulders;0.3300;l;;15.12;4.99;6.19;02.05.2025;6.19;8700216304733;Kozmetika
©AMP.H&S MENTHOL 500 ml;376175;Head&Shoulders;0.5000;l;;11.98;5.99;6.99;02.05.2025;6.99;8700216158114;Kozmetika
©AMP.H&S CITRUS 500 ml;376176;Head&Shoulders;0.5000;l;;11.98;5.99;6.99;02.05.2025;6.99;8700216305303;Kozmetika
©AMP.H&S CITRUS  800 ml;376178;Head&Shoulders;0.8000;l;9.95;12.44;;;02.05.2025;9.95;8700216156172;Kozmetika
VINO CATT.CABER.SAUVIG. 0,75 L;376184;;0.7500;L;13.89;18.52;;;02.05.2025;13.89;3859890724186;Piæa
VINO DAMJ.MALVAZIJA 0,75 L;376187;;0.7500;L;15.59;20.79;;;02.05.2025;15.59;3859893140013;Piæa
SLAD. BANANKO LEDO 3x85 ml;376193;Ledo;0.2550;L;;11.73;2.99;3.75;02.05.2025;3.75;3850116064147;Hrana
VINO AR.LILLET BLANC 0,75 L;376194;;0.7500;L;19.02;25.36;;;02.05.2025;19.02;3057230000253;Piæa
VINO AR.LILLET ROSE 0,75 L;376198;;0.7500;L;19.02;25.36;;;02.05.2025;19.02;3057230000277;Piæa
AJVAR GURMANO DOMAÆI BLA.300 g;376200;;0.3000;kg;5.49;18.30;;;02.05.2025;5.49;5319991599376;Hrana
AJVAR GURMANO DOM.LJUTI 300 g;376201;;0.3000;kg;5.49;18.30;;;02.05.2025;5.49;5319991599390;Hrana
PIND®UR GURMANO BLAGI 300 g;376203;;0.3000;kg;4.99;16.63;;;02.05.2025;4.99;5319991599710;Hrana
PIND®UR GURMANO LJUTI 300 g;376204;;0.3000;kg;4.99;16.63;;;02.05.2025;4.99;5319991599802;Hrana
ZAKUSKA GURMANO BLAGA 300 g;376205;;0.3000;kg;4.99;16.63;;;02.05.2025;4.99;5319991599550;Hrana
ZAKUSKA GURMANO LJUTA 300 g;376206;;0.3000;kg;4.99;16.63;;;02.05.2025;4.99;5319991599567;Hrana
PAPRIÈICE GURMANO PUNJ.290 g;376209;;0.1800;kg;4.99;27.72;;;02.05.2025;4.99;5319991599574;Hrana
KISELA REPA NATURETA 530 g;376221;Natureta;0.3000;kg;2.99;9.97;;;02.05.2025;2.99;3831029504609;Hrana
ÐUVEÈ PODRAVKA  340 g;376222;Podravka;0.3400;kg;1.85;5.44;;;02.05.2025;1.85;3856020267971;Hrana
ÐUVEÈ PODRAVKA  690 g;376223;Podravka;0.6900;kg;3.29;4.77;;;02.05.2025;3.29;3856020221393;Hrana
TJESTENINA PODR.MILANEZE 155 g;376224;Podravka;0.1550;kg;2.49;16.06;;;02.05.2025;2.49;3856020269340;Hrana
POSL.ZA PSE PEDIGR.TASTY 140 g;376230;Pedigree;0.1400;kg;2.19;15.64;;;02.05.2025;2.19;5998749145333;Proizvodi za kuæanstvo
POSL.ZA PSE PEDIGR.TASTY 155 g;376233;Pedigree;0.1550;kg;2.19;14.13;;;02.05.2025;2.19;5998749133767;Proizvodi za kuæanstvo
UMAK KIKKOMAN OD SEZAMA 300 g;376239;Kikkoman;0.3000;kg;5.49;18.30;;;02.05.2025;5.49;8715035800007;Hrana
KA©ICA FRUT.POV.PIL.RI®A 190 g;376242;Fructal;0.1900;kg;1.99;10.47;;;02.05.2025;1.99;3838945036115;Hrana
VOÆNI PIRE GERB NATURAL 90 g;376247;;0.0900;kg;1.29;14.33;;;02.05.2025;1.29;8445290256539;Hrana
VOÆNI PIRE GERB.NATURAL 90 g;376254;;0.0900;kg;1.29;14.33;;;02.05.2025;1.29;8445290308238;Hrana
VOÆNI PIRE GERB.NATURAL 90 g;376255;;0.0900;kg;1.29;14.33;;;02.05.2025;1.29;8445290359865;Hrana
PELENE PRETTY BABY MAXI 46/1;376259;Pretty Baby;46.0000;kom;7.99;0.17;;;02.05.2025;7.99;9100000980843;Toaletne potrep¹tine
SPR.AMBRE SOL.KID SPF50 270ml;376265;Ambre Solaire;0.2700;l;19.99;74.04;;;02.05.2025;19.99;3600542522915;Kozmetika
VINO D.WACHAU RIESLING 0,75 L;376266;Domäne Wachau;0.7500;L;13.49;17.99;;;02.05.2025;13.49;9007500465835;Piæa
PEL.PRETTY BABY NEWBORN 26/1;376270;Pretty Baby;26.0000;kom;3.95;0.15;;;02.05.2025;3.95;9100000980928;Toaletne potrep¹tine
VINO D.W.GR. VELTLINER 0,75 L;376273;Domäne Wachau;0.7500;L;10.02;13.36;;;02.05.2025;10.02;9007500450138;Piæa
VODKA BLACK THREE SIXTY 0,7 L;376277;;0.7000;L;17.49;24.99;;;02.05.2025;17.49;4007675050008;Piæa
Focaccia Mediteran 300 g;376287;;0.3000;kg;1.49;4.97;;;02.05.2025;1.49;0710535813951;Hrana
Focaccia mije¹.kukuruzna 300 g;376291;;0.3000;kg;1.49;4.97;;;02.05.2025;1.49;0710535813968;Hrana
VINO MERLOT ©O©KIÆ 0,75 L;376318;;0.7500;L;6.92;9.23;;;02.05.2025;6.92;3859893712708;Piæa
VINO GRA©EVINA ©O©KIÆ 1 L;376320;;1.0000;L;6.62;6.62;;;02.05.2025;6.62;3859893712494;Piæa
VINO PZ VRB.ZL.SELEKCI. 0,75 L;376329;;0.7500;L;15.69;20.92;;;02.05.2025;15.69;3859889467384;Piæa
SPRAY AMBI PUR GO&ORCHI.185 ml;376338;Ambi Pur;0.1850;l;4.45;24.05;;;02.05.2025;4.45;8700216261623;Sredstva za èi¹æenje
SPRAY AMBI PUR SPR&AWAK 185 ml;376339;Ambi Pur;0.1850;l;5.39;29.14;;;02.05.2025;5.39;8700216261395;Sredstva za èi¹æenje
SPRAY AMBI PUR OCE&MIST 185 ml;376340;Ambi Pur;0.1850;l;4.45;24.05;;;02.05.2025;4.45;8700216261586;Sredstva za èi¹æenje
®UTA LJEPLJIVA PLOÈA 10/1;376352;;1.0000;kom;4.99;4.99;;;02.05.2025;4.99;3858564758212;Proizvodi za kuæanstvo
RU® EVELINE TEK.MAT 0,6 4,5 ml;376360;Eveline;1.0000;kom;6.55;6.55;;;02.05.2025;6.55;5901761960747;Kozmetika
RU® EVELINE TEK.MAT 01 4,5 ml;376362;Eveline;1.0000;kom;6.55;6.55;;;02.05.2025;6.55;5901761950199;Kozmetika
RU® EVELINE TEK.MAT 02 4,5 ml;376363;Eveline;1.0000;kom;6.55;6.55;;;02.05.2025;6.55;5901761952148;Kozmetika
RU® EVELINE TEK.MAT 03 4,5 ml;376364;Eveline;1.0000;kom;6.55;6.55;;;02.05.2025;6.55;5901761952155;Kozmetika
RU® EVELINE TEK.MAT 04 4,5 ml;376365;Eveline;1.0000;kom;6.55;6.55;;;02.05.2025;6.55;5901761952162;Kozmetika
RU® EVELINE TEK.MAT 05 4,5 ml;376366;Eveline;1.0000;kom;6.55;6.55;;;02.05.2025;6.55;5901761952179;Kozmetika
RU® EVELINE ZA USNE VARIETE 02;376367;Eveline;1.0000;kom;6.55;6.55;;;02.05.2025;6.55;5901761941661;Kozmetika
RU® EVELINE ZA USNE VARIETE 03;376368;Eveline;1.0000;kom;6.55;6.55;;;02.05.2025;6.55;5901761941678;Kozmetika
RU® EVELINE F.GARDEN 03 4,5 ml;376369;Eveline;1.0000;kom;6.15;6.15;;;02.05.2025;6.15;5903416052357;Kozmetika
RU® EVELINE F.GARDEN 02 4,5 ml;376370;Eveline;1.0000;kom;6.15;6.15;;;02.05.2025;6.15;5903416052340;Kozmetika
RU® EVELINE F.GARDEN 01 4,5 ml;376371;Eveline;1.0000;kom;6.15;6.15;;;02.05.2025;6.15;5903416052333;Kozmetika
RU® EVELINE ZA USNE VARIETE 01;376372;Eveline;1.0000;kom;6.55;6.55;;;02.05.2025;6.55;5901761941654;Kozmetika
RU® EVELINE ZA USNE VARIETE 04;376373;Eveline;1.0000;kom;6.55;6.55;;;02.05.2025;6.55;5901761941685;Kozmetika
GEL LAK LAQUE 112 8 ml;376374;Eveline;1.0000;KOM;2.8;2.80;;;02.05.2025;2.8;5901761992786;Kozmetika
GEL LAK LAQUE 53 8 ml;376375;Eveline;1.0000;KOM;2.8;2.80;;;02.05.2025;2.8;5903416010296;Kozmetika
GEL LAK LAQUE 115 8 ml;376376;Eveline;1.0000;KOM;2.8;2.80;;;02.05.2025;2.8;5901761993196;Kozmetika
GEL LAK LAQUE 114 8 ml;376377;Eveline;1.0000;KOM;2.8;2.80;;;02.05.2025;2.8;5901761993189;Kozmetika
MASK.EVELINE VARIETE SMEÐA T&L;376379;Eveline;1.0000;kom;5.30;5.30;;;02.05.2025;5.30;5903416053712;Kozmetika
MASK.EVELINE LOOK UP 10 ml;376380;Eveline;1.0000;kom;5.95;5.95;;;02.05.2025;5.95;5903416038139;Kozmetika
MASK.EVELINE V.SHOW  10 ml;376381;Eveline;1.0000;kom;5.75;5.75;;;02.05.2025;5.75;5903416038245;Kozmetika
MASK.EVELINE SEXY EYES  8 ml;376382;Eveline;1.0000;kom;7.55;7.55;;;02.05.2025;7.55;5903416037866;Kozmetika
SJAJILO ZA US F.KREM 03 4,5 ml;376384;Eveline;1.0000;kom;6.15;6.15;;;02.05.2025;6.15;5903416052418;Kozmetika
SJAJILO ZA US F.KREM 02 4,5 ml;376385;Eveline;1.0000;kom;6.15;6.15;;;02.05.2025;6.15;5903416052401;Kozmetika
SJAJILO ZA US F.KREM 01 4,5 ml;376386;Eveline;1.0000;kom;6.15;6.15;;;02.05.2025;6.15;5903416052395;Kozmetika
RU® EVELINE ZA USNE VARIETE 06;376387;Eveline;1.0000;kom;6.55;6.55;;;02.05.2025;6.55;5901761941784;Kozmetika
RU® EVELINE ZA USNE VARIETE 05;376388;Eveline;1.0000;kom;6.55;6.55;;;02.05.2025;6.55;5901761941692;Kozmetika
PUDER EVELIN TEKUÆI N.04 30 ml;376389;Eveline;1.0000;kom;6.75;6.75;;;02.05.2025;6.75;5903416037798;Kozmetika
PUDER EVELIN TEKUÆI N.03 30 ml;376390;Eveline;1.0000;kom;6.75;6.75;;;02.05.2025;6.75;5903416037781;Kozmetika
PUDER EVELIN TEKUÆI N.02 30 ml;376391;Eveline;1.0000;kom;6.75;6.75;;;02.05.2025;6.75;5903416037774;Kozmetika
PUDER EVELIN TEKUÆI N.01 30 ml;376392;Eveline;1.0000;kom;6.75;6.75;;;02.05.2025;6.75;5903416037767;Kozmetika
MJE©AVINA GLJIVA S-BUD. 300 g ;376393;S-Budget;0.3000;kg;1.99;6.63;;;02.05.2025;1.99;8057204093415;Hrana
VINO S-BUDGET GRA©EVINA 3 L;376394;S-Budget;3.0000;L;7.49;2.50;;;02.05.2025;7.49;3856021226168;Piæa
PUDER EVELIN TEKUÆI N.05 30 ml;376395;Eveline;1.0000;kom;6.75;6.75;;;02.05.2025;6.75;5903416037804;Kozmetika
PUD EVE TEK+ SJ.ZA O.01 6,5 ml;376396;;1.0000;kom;6.30;6.30;;;02.05.2025;6.30;5903416052562;Kozmetika
PUDER EVELIN HIGHL.01 30 ml;376398;Eveline;1.0000;kom;9.99;9.99;;;02.05.2025;9.99;5903416043393;Kozmetika
PUDER EVELIN HIGHL.02 30 ml;376399;Eveline;1.0000;kom;9.99;9.99;;;02.05.2025;9.99;5903416043409;Kozmetika
VINO S-BUDGET GRA©EVINA 5 L;376400;S-Budget;5.0000;L;;1.70;8.49;10.99;02.05.2025;10.99;3856021226182;Piæa
KOREK.EVELIN WOND.M.01 6,8 ml;376402;Eveline;1.0000;kom;5.50;5.50;;;02.05.2025;5.50;5901761985191;Kozmetika
KOREK.EVELIN WOND.M.10 6,8 ml;376403;Eveline;1.0000;kom;5.50;5.50;;;02.05.2025;5.50;5901761985214;Kozmetika
KOREK.EVELIN WOND.M.15 6,8 ml;376404;Eveline;1.0000;kom;5.50;5.50;;;02.05.2025;5.50;5901761985221;Kozmetika
PUDER EVELIN KAM.FLOWER 8 g;376405;Eveline;1.0000;kom;9.50;9.50;;;02.05.2025;9.50;5903416052548;Kozmetika
PUDER EVELIN HEIGLIGHTER 02;376406;Eveline;1.0000;kom;5.90;5.90;;;02.05.2025;5.90;5903416034148;Kozmetika
PUDER EVELIN HEIGLIGHTER 01;376407;Eveline;1.0000;kom;5.90;5.90;;;02.05.2025;5.90;5903416034131;Kozmetika
PUDER EVELIN HEIGLIGHTER 03;376408;Eveline;1.0000;kom;5.90;5.90;;;02.05.2025;5.90;5901761965834;Kozmetika
RUMENILO EVELICE LIC 02 4,5 ml;376409;Eveline;1.0000;kom;6.10;6.10;;;02.05.2025;6.10;5903416048596;Kozmetika
RUMENILO EVELICE LIC 03 4,5 ml;376410;Eveline;1.0000;kom;6.10;6.10;;;02.05.2025;6.10;5903416048602;Kozmetika
RUMENILO EVELICE LIC 01 4,5 ml;376411;Eveline;1.0000;kom;6.10;6.10;;;02.05.2025;6.10;5903416048589;Kozmetika
SAPUN EVELINE ZA STILIZ.OBRVA ;376412;Eveline;1.0000;kom;6.85;6.85;;;02.05.2025;6.85;5903416037996;Kozmetika
SJ.EVELINE THIGHL.F. 02 6,5 ml;376413;Eveline;1.0000;kom;6.30;6.30;;;02.05.2025;6.30;5903416052555;Kozmetika
ZAÈ.MJ.VEGETA PODR.500g +100g ;376414;;0.6000;kg;3.89;6.48;;;02.05.2025;3.89;3850104252594;Hrana
SALVETE 33x33cm,20/1 PPD ;376415;;1.0000;kom;1.99;1.99;;;02.05.2025;1.99;4021766299763;Proizvodi za kuæanstvo
SALVETE 33x33cm,20/1 PPD ;376416;;1.0000;kom;1.99;1.99;;;02.05.2025;1.99;4021766204934;Proizvodi za kuæanstvo
SALVETE 33x33cm,20/1 PPD ;376417;;1.0000;kom;1.99;1.99;;;02.05.2025;1.99;4021766295390;Proizvodi za kuæanstvo
SALVETE 33x33cm,20/1 PPD ;376418;;1.0000;kom;1.99;1.99;;;02.05.2025;1.99;4021766258081;Proizvodi za kuæanstvo
LIKER BARCELO CREMA 0,7 L;376419;;0.7000;L;20.02;28.60;;;02.05.2025;20.02;7461323129657;Piæa
RUM BARACELO ORGANIC 0,7 L;376420;;0.7000;L;24.02;34.31;;;02.05.2025;24.02;7461323129336;Piæa
MLIJEKO MEDIHELP  LF50+ 50ml;376421;MediHelp;0.0500;L;4.59;91.80;;;02.05.2025;4.59;9100000016566;Kozmetika
MLIJEKO SUN KISS S.LF50+ 50 ml;376422;Sun Kiss;0.0500;l;4.59;91.80;;;02.05.2025;4.49;9100000016580;Kozmetika
SNACK SCOTTI PAPRIKA 50 g;376426;Scotti;0.0500;kg;;19.80;0.99;1.09;02.05.2025;1.29;8001860185076;Hrana
SNACK SCOTTI BBQ 50 g;376427;Scotti;0.0500;kg;;19.80;0.99;1.09;02.05.2025;1.29;8001860185069;Hrana
SNACK SCOTTI KURK.50 g;376428;Scotti;0.0500;kg;;19.80;0.99;1.09;02.05.2025;1.29;8001860185052;Hrana
®IT.RI®.PAHULJ.SPAR ÈOK. 500 g;376434;SPAR;0.5000;kg;3.79;7.58;;;02.05.2025;3.79;9100000012230;Hrana
LOSION MEDIPRO REPELENT 100 ml;376435;MEDIPRO;0.1000;l;2.99;29.90;;;02.05.2025;2.99;8001300911708;Kozmetika
VINO GRA©EVINA ANTUNOVIÆ 1 L;376438;Antunovic;1.0000;L;6.99;6.99;;;02.05.2025;6.99;3859892364076;Piæa
SJAJILO ZA USNE EVELINE D&G 08;376439;Eveline;1.0000;kom;5.30;5.30;;;02.05.2025;5.30;5903416049753;Kozmetika
PUD EVE TEK+ SJ.ZA O.03 6,5 ml;376440;Eveline;1.0000;kom;6.30;6.30;;;02.05.2025;6.30;5903416052579;Kozmetika
VINO CAB.SAUVIGN.ANTUNOVIÆ 1 L;376441;Antunovic;1.0000;L;6.99;6.99;;;02.05.2025;6.99;3859892364243;Piæa
MLIJ.L´ANGELICA SPF30  200 ml;376444;L´Angelica;0.2000;l;10.99;54.95;;;02.05.2025;10.99;8017331098035;Kozmetika
MLIJ.L´ANGEL.SUN SPF50  200 ml;376446;L´Angelica;0.2000;l;12.99;64.95;;;02.05.2025;12.99;8017331098059;Kozmetika
MLIJ.L´ANGELICA  SPF30  200 ml;376447;L'Angelica;0.2000;l;14.99;74.95;;;02.05.2025;14.99;8017331098097;Kozmetika
MLI.L´ANGELICA SPF50 + 200 ml;376448;L´Angelica;0.2000;l;17.99;89.95;;;02.05.2025;17.99;8017331098073;Kozmetika
SLAD.MANGO GRUVI SAMM. 4x75 ml;376456;;0.3000;L;5.99;19.97;;;02.05.2025;5.99;8005840021057;Hrana
SNACK VITAL SLANUTAK 100 g;376469;SPAR Vital;0.1000;kg;1.99;19.90;;;02.05.2025;1.99;9100000004754;Hrana
SNACK VITAL LEÆA 100 g;376476;SPAR Vital;0.1000;kg;1.99;19.90;;;02.05.2025;1.99;9100000004822;Hrana
NUGG.VEGAN CHICK.O´PLAN.300 g;376490;O´PLANT;0.3000;kg;5.39;17.97;;;02.05.2025;5.39;3856020263843;Hrana
VINO VR.CAB.SAUVIG. POI 0,75 L;376496;;0.7500;L;6.02;8.03;;;02.05.2025;6.02;3859891249671;Piæa
ÈOK.LIN.LE.GRANDES TAMNA 150 g;376498;Lindt;0.1500;kg;4.99;33.27;;;02.05.2025;4.99;7610400066211;Hrana
SIR SCAMORZA MINI DIM.DE 250 g;376499;Despar;0.2500;kg;3.29;13.16;;;02.05.2025;3.29;8001300653240;Hrana
SLAD.SUPREME KING LEDO 100 ml;376505;King;0.1000;L;2.79;27.90;;;02.05.2025;2.79;3850116064116;Hrana
VINO VR.GRA©EVINA POI 0,75 L ;376508;;0.7500;L;6.02;8.03;;;02.05.2025;6.02;3859891249725;Piæa
VINO GRA©EVINA POI 0,75 L;376509;;0.7500;L;4.02;5.36;;;02.05.2025;4.02;3859891249633;Piæa
DET.SPLENDID COLOR 2,97 L;376510;Splendid;2.9700;L;5.99;2.02;;;02.05.2025;5.99;9100000993836;Sredstva za èi¹æenje
VINO SILVANAC ZELEN.POI 0,75 L;376511;;0.7500;L;6.02;8.03;;;02.05.2025;6.02;3859891249060;Piæa
VINO ROSE POI 0,75 L;376512;;0.7500;L;5.02;6.69;;;02.05.2025;5.02;3859891249657;Piæa
VINO RAJN.RIZLING POI 0,75 L ;376513;;0.7500;L;5.02;6.69;;;02.05.2025;5.02;3859891249718;Piæa
DET.SPLENDID 2,97 L;376514;Splendid;2.9700;L;5.99;2.02;;;02.05.2025;5.99;9100000993812;Sredstva za èi¹æenje
VODA UFF WATER+OXYGEN 0,25 L;376543;;0.2500;L;2.02;8.08;;;02.05.2025;2.02;3858892650011;Piæa
VODA UFF+COLLAGEN 0,25 L;376544;;0.2500;L;2.02;8.08;;;02.05.2025;2.02;3858892650196;Piæa
VODA UFF +PROTEIN 0,25 L;376545;;0.2500;L;2.02;8.08;;;02.05.2025;2.02;3858892650189;Piæa
SOK UFF NARANÈA 100% 0,25 L;376546;;0.2500;L;1.68;6.72;;;02.05.2025;1.68;3858892650059;Piæa
SOK UFF JABUKA 100% 0,25 L;376547;;0.2500;L;1.68;6.72;;;02.05.2025;1.68;3858892650066;Piæa
SOK UFF ANANAS 100% 0,25 L;376548;;0.2500;L;1.82;7.28;;;02.05.2025;1.82;3858892650042;Piæa
PIVO PRIMARIUS CJEPIVO 0,5 L;376549;;0.5000;L;2.75;5.50;;;02.05.2025;2.75;3859893576096;Piæa
PIVO PRIMARIUS RINGI©PIL 0,5 L;376550;;0.5000;L;3.25;6.50;;;02.05.2025;3.25;3859893576003;Piæa
PIVO PRIMARIUS TAMAN TAM.0,5 L;376551;;0.5000;L;3.25;6.50;;;02.05.2025;3.25;3859893576027;Piæa
PIVO PRIMARIUS BLAGOSLOV 0,5 L;376552;;0.5000;L;3.09;6.18;;;02.05.2025;3.09;3859893576065;Piæa
PLANTED CHICKEN KRAEUTER 160 g;376559;Exclusive bei SPAR;0.1600;kg;3.99;24.94;;;02.05.2025;3.99;7649994063511;Hrana
PLANTED PULLED SOUTHSTYL.160 g;376561;Exclusive bei SPAR;0.1600;kg;3.99;24.94;;;02.05.2025;3.99;7649994063689;Hrana
PLANTED KEBAB 160 g;376562;Exclusive bei SPAR;0.1600;kg;3.99;24.94;;;02.05.2025;3.99;7649990821061;Hrana
PLANTED CHICKEN NENI 160 g;376563;Exclusive bei SPAR;0.1600;kg;3.99;24.94;;;02.05.2025;3.99;7630294500844;Hrana
INST.JUHA INDOMIE PILETIN.70 g;376596;Indomie;0.0700;kg;0.66;9.43;;;02.05.2025;0.66;0089686170078;Hrana
NEKTAR S-BUDGET MARELICA 1 L;376607;S-Budget;1.0000;L;1.69;1.69;;;02.05.2025;1.69;9100000008110;Piæa
NEKTAR S-BUDGET JAGODA 1 L;376608;S-Budget;1.0000;L;2.09;2.09;;;02.05.2025;2.09;9100000008134;Piæa
PIVO VARIONICA SOLAR BO.0,5 L;376609;;0.5000;L;2.62;5.24;;;02.05.2025;2.52;3859893139628;Piæa
VIT.VODA CEDEV.LIM.TRAVA 0,5 L;376611;Cedevita;0.5000;L;1.12;2.24;;;02.05.2025;1.02;3850322016848;Piæa
VIT.VODA CEDE.LIM.KUPINA 0,5 L;376612;Cedevita;0.5000;L;1.12;2.24;;;02.05.2025;1.02;3850322016862;Piæa
NEKTAR BRAVO NAR.MRK.LIMUN 2 L;376614;Bravo;2.0000;L;3.19;1.60;;;02.05.2025;2.99;9008700232043;Piæa
CROIS.7 DAYS MIDI SPUMANTE 60g;376616;7 Day's;0.0600;kg;;9.83;0.59;0.85;02.05.2025;0.85;7622201391737;Hrana
NEKTAR MARASKA MAR.BRE.JAB.1 L;376617;Maraska;1.0000;L;1.79;1.79;;;02.05.2025;1.65;3850158800109;Piæa
PIVO KOSTRIZER CRNO 0,5 L;376621;;0.5000;L;1.62;3.24;;;02.05.2025;1.62;4014964112514;Piæa
GAZIRANO PIÆE LIMONA 1,25 L;376622;Limona;1.2500;L;2.59;2.07;;;02.05.2025;2.42;3877000209897;Piæa
GAZIRANO PIÆE SPEZI 1,25 L;376623;;1.2500;L;2.19;1.75;;;02.05.2025;2.19;3877000209873;Piæa
SOK VINDI JABUKA CIJEÐENA 1 L;376624;Vindija;1.0000;L;2.49;2.49;;;02.05.2025;2.49;3850108074338;Piæa
NEKTAR VINDI CRNI RIBIZL 1 L;376625;Vindija;1.0000;L;2.09;2.09;;;02.05.2025;2.09;3850108074321;Piæa
SOK VINDI HRV.JABUKA 100% 1 L;376626;Vindija;1.0000;L;2.29;2.29;;;02.05.2025;2.29;3850108078664;Piæa
ENERGE.PIÆE URAGAN ZERO 0,25 L;376627;;0.2500;L;.79;3.16;;;02.05.2025;.79;3850108073010;Piæa
NEKTAR VINDI NARANÈA 2 L;376628;Vindija;2.0000;L;2.59;1.30;;;02.05.2025;1.99;3850108078398;Piæa
RADLER BITBURGER LIMUN 0,5 L;376629;Bitburger;0.5000;L;1.52;3.04;;;02.05.2025;1.52;4102430083472;Piæa
KIKIRIKI MASLAC LINO LADA 350g;376630;Podravka;0.3500;kg;3.79;10.83;;;02.05.2025;3.79;3856020271077;Hrana
KIKIRIKI MASLAC LINO LADA 350g;376632;Podravka;0.3500;kg;3.79;10.83;;;02.05.2025;3.79;3856020271107;Hrana
RAJÈICA PODRAVKA KONCENT.210 g;376635;;0.2100;kg;2.39;11.38;;;02.05.2025;2.39;3856020269135;Hrana
RAJÈICA PODRAVKA KONCENT.370 g;376637;Podravka;0.3700;kg;3.49;9.43;;;02.05.2025;3.49;3856020269166;Hrana
RAJÈICA PODRAVKA KONCENT.720 g;376639;Podravka;0.7200;kg;4.99;6.93;;;02.05.2025;4.99;3856020269197;Hrana
RADLER UNION GREJP 0,5 L;376667;Union;0.5000;L;1.29;2.58;;;02.05.2025;1.29;3838999052475;Piæa
NEKTAR S-BUDGET CRNI RIBIZ.1 L;376669;S-Budget;1.0000;L;2.55;2.55;;;02.05.2025;2.55;9100000018799;Piæa
SNACK KELLY´S HRSK.SLANI 140 g;376673;Kelly's;0.1400;kg;2.49;17.79;;;02.05.2025;2.49;9000159198383;Hrana
KAPSULE BARCAFFE VANILIJ.140 g;376679;Barcaffe;0.1400;KG;3.98;28.43;;;02.05.2025;3.98;3838471053709;Piæa
Sku¹a oèi¹æena;376680;;1.0000;kg;6.79;6.79;;;02.05.2025;6.79;93856024302787;Hrana
INST.KAVA BARCAFFE CLASS.100 g;376682;Barcaffe;0.1000;KG;;34.30;3.43;4.29;02.05.2025;4.29;3838471049450;Piæa
KAPSULE BARCAFFE PERU 55 g;376683;Barcaffe;0.0550;KG;4.69;85.27;;;02.05.2025;4.69;3838471047081;Piæa
KAP.FRANCK NOTA CORTADO 104 g;376684;Franck;0.1040;KG;5.99;57.60;;;02.05.2025;5.99;3850291054926;Piæa
EN.PIÆE S-BUDE.LIMET.ZE.0,25 L;376685;S-Budget;0.2500;L;.63;2.52;;;02.05.2025;.63;9100000018607;Piæa
MELEM SUN POSLJ.SUNÈANJ.250 ml;376689;Melem;0.2000;l;7.99;39.95;;;02.05.2025;7.99;3856007910876;Kozmetika
MUSLI PL.COR.BIG KARAMELA 40 g;376690;Corny;0.0400;kg;1.19;29.75;;;02.05.2025;1.19;4011800587314;Hrana
LJE©NJAK JEZGRA S-BUDGET 300 g;376691;S-Budget;0.3000;kg;4.19;13.97;;;02.05.2025;4.19;3856021226687;Hrana
ORAH JEZGRA S-BUDGET 500 g;376696;S-Budget;0.5000;kg;4.99;9.98;;;02.05.2025;4.99;3856021226663;Hrana
MELEM SUHO ULJE SPF30 60 ml ;376697;Melem;0.0600;l;4.99;83.17;;;02.05.2025;4.99;3856007911972;Kozmetika
BADEM JEZGRA S-BUDGET 500 g;376698;S-Budget;0.5000;kg;5.99;11.98;;;02.05.2025;5.99;3856021226649;Hrana
BOMBONI M&M CRISPY 36 g;376704;M&M's;0.0360;kg;1.09;30.28;;;02.05.2025;1.09;5000159561662;Hrana
BOMBONI M&M CRISPY 77 g;376709;M&M's;0.0770;kg;2.19;28.44;;;02.05.2025;2.19;5000159562263;Hrana
KAJMAK TRAVNIÈKI 200 g;376715;;0.2000;kg;2.99;14.95;;;02.05.2025;2.99;3870101000257;Hrana
SLADOLED EUPHORIA MAGNUM 90 ml;376717;Magnum;0.0900;L;2.79;31.00;;;02.05.2025;2.49;8711327622289;Hrana
SIR MOZZARELLA  S-BUDGET 400 g;376718;S-BUDGET;0.4000;kg;3.99;9.98;;;02.05.2025;3.99;8057204092968;Hrana
SAL.MOR.PLODOVA S BUDGET 175 g;376722;S-BUDGET;0.1750;kg;3.29;18.80;;;02.05.2025;3.29;8057204092937;Hrana
VOÆNI SNACK NUTRINO LAB 200 g;376723;;0.2000;kg;2.25;11.25;;;02.05.2025;2.25;8606019652968;Hrana
VOÆNI SNACK NUTRINO LAB 200 g;376724;;0.2000;kg;2.25;11.25;;;02.05.2025;2.25;8606019652951;Hrana
VOÆNI SNACK NUTRINO LAB 200 g;376725;;0.2000;kg;2.25;11.25;;;02.05.2025;2.25;8606019652944;Hrana
SLAD.TRO.ÈOK.CARTE D´OR 825 ml;376726;Carte D'or;0.8250;L;7.39;8.96;;;02.05.2025;6.99;8711327618060;Hrana
PELENE GAÆICE NINJAMAS 9/1;376727;;9.0000;kom;8.99;1.00;;;02.05.2025;8.99;8006540630648;Toaletne potrep¹tine
AYRAN SPAR 500 ml;376728;SPAR Qualitätsmarke;0.5000;L;;1.78;.89;1.02;02.05.2025;1.12;9100000450384;Hrana
PELENE GAÆICE NINJAMAS 9/1;376729;;9.0000;kom;8.99;1.00;;;02.05.2025;8.99;8006540630617;Toaletne potrep¹tine
PELENE GAÆICE NINJAMAS 10/1;376730;;10.0000;kom;8.99;0.90;;;02.05.2025;8.99;8006540630549;Toaletne potrep¹tine
SLAD.BLACK F.CARTE D´OR 825 ml;376731;Carte D'or;0.8250;l;7.39;8.96;;;02.05.2025;6.99;8711327617575;Hrana
SLA.LIMUN PI.CARTE D´OR 825 ml;376734;Carte D'or;0.8250;L;7.39;8.96;;;02.05.2025;6.99;8711327617407;Hrana
SLAD.NY CHEE.CARTE D´OR 825 ml;376735;Carte D'or;0.8250;L;7.39;8.96;;;02.05.2025;6.99;8711327619678;Hrana
©UM.TAB.NATUR.®ELJ.VIT.C 96 g;376736;Naturel;0.0960;kom;1.99;20.73;;;02.05.2025;2.49;3858887246489;Hrana
KREK.KVIKI KAJENSKI PAP.120 g;376737;Kviki;0.1200;kg;1.29;10.75;;;02.05.2025;1.29;3856020270513;Hrana
SLAD.BOROVNI.CARTE D´OR 825 ml;376738;Carte D'or;0.8250;L;7.39;8.96;;;02.05.2025;6.99;8711327617841;Hrana
KREK.KVIKI MEDITERAN 120 g;376741;Kviki;0.1200;kg;;8.58;1.03;1.29;02.05.2025;1.29;3856020270483;Hrana
KREKER KVIKI SLANI 120 g;376742;Kviki;0.1200;kg;;8.58;1.03;1.29;02.05.2025;1.29;3856020270452;Hrana
PINSA S-BUDGET 250 g;376743;S-BUDGET;0.2500;kg;2.29;9.16;;;02.05.2025;2.29;8057204092777;Hrana
PLOÈICA COR.PROT.SL.KARAM.50 g;376744;Corny;0.0500;kg;1.94;38.80;;;02.05.2025;1.94;4011800296117;Hrana
SLA.SOF.ÈOK.KE.CORNETTO 140 ml;376745;Cornetto;0.1400;L;1.89;13.50;;;02.05.2025;1.89;8711327536982;Hrana
SLA.EUPHOR.MIN.MAGNUM 6x55 ml;376746;Magnum;0.3300;L;7.19;21.79;;;02.05.2025;7.19;8711327622210;Hrana
SLAD.EUPHORIA MAGNUM 440 ml;376747;Magnum;0.4400;L;7.69;17.48;;;02.05.2025;7.69;8711327621978;Hrana
TJES.SVJ.ORECCH.S BUDGE.500 g ;376749;S-BUDGET;0.5000;kg;1.29;2.58;;;02.05.2025;1.29;8057204092920;Hrana
PJEN.DES. MUNC.NOISETTE 128 g;376750;Jaffa;0.1280;kg;1.79;13.98;;;02.05.2025;1.33;8600114011415;Hrana
PILEÆA KRILA BBQ ALABAMA 450 g;376751;Cekin;0.4500;kg;4.49;9.98;;;02.05.2025;4.49;3850159150197;Hrana
VODA SARA RIVA 6 L;376752;Sara;6.0000;L;1.95;0.33;;;02.05.2025;1.95;3856028501992;Piæa
PILEÆI RA®NJIÆI INDIA;376753;Cekin;1.0000;kg;11.49;11.49;;;02.05.2025;11.49;3850159729560;Hrana
KEKS JAFFA BUTTONS 95 g;376754;Jaffa;0.0950;kg;1.49;15.68;;;02.05.2025;1.49;8600114011439;Hrana
PILEÆI RA®NJIÆI ARIZONA;376755;Cekin;1.0000;kg;13.59;13.59;;;02.05.2025;12.99;3850159729577;Hrana
TJES.SVJ.TROFIE S BUDGET 500 g;376756;S-Budget;0.5000;kg;1.29;2.58;;;02.05.2025;1.29;8057204092913;Hrana
SLAD.CLASSIC VAN.MAGNUM 110 ml;376758;Magnum;0.1100;L;2.79;25.36;;;02.05.2025;2.49;8711327612372;Hrana
SLA.BIJELA ÈOKOL.MAGNUM 110 ml;376759;Magnum;0.1100;L;2.79;25.36;;;02.05.2025;2.49;8711327612945;Hrana
SLAD.BADEM MAGNUM 110 ml;376760;Magnum;0.1100;L;2.79;25.36;;;02.05.2025;2.49;8711327609341;Hrana
ÈIPS CHIO SLANI 130 g ;376761;Chio;0.1300;kg;1.89;14.54;;1.89;02.05.2025;1.89;3856021306686;Hrana
ÈIPS CHIO VRHNJE&LUK 130 g;376762;Chio;0.1300;kg;1.89;14.54;;1.89;02.05.2025;1.89;3856021306747;Hrana
ÈIPS CHIO PAPRIKA 130 g;376765;Chio;0.1300;kg;1.89;14.54;;1.89;02.05.2025;1.89;3856021306709;Hrana
ÈIPS CHIO VRHNJE LUK 120 g;376766;Chio;0.1200;kg;1.89;15.75;;1.89;02.05.2025;1.89;3856021306365;Hrana
ÈIPS CHIO CREM.PAPRIKA 120 g;376768;Chio;0.1200;kg;1.89;15.75;;1.89;02.05.2025;1.89;3856021306389;Hrana
ÈIPS CHIO FEFERONI 130 g  ;376769;Chio;0.1300;kg;1.89;14.54;;1.89;02.05.2025;1.89;3856021306723;Hrana
KAPSULE S-BUDGET CARAMEL 50g;376770;S-Budget;0.0500;KOM;2.89;57.80;;;02.05.2025;2.69;9100000969282;Piæa
PIVO PAULANER ORIGINAL 4X0,5 L;376773;Paulaner;2.0000;L;6.61;3.31;;;02.05.2025;6.21;4066600311812;Piæa
PIVO PAULANER P©ENIÈNO 4X0,5 L;376774;Paulaner;2.0000;L;6.61;3.31;;;02.05.2025;6.21;4066600392811;Piæa
INST.KAVA NESCAFE BLACK 13,5 g;376775;Nescafe;0.0135;KG;0.39;28.89;;;02.05.2025;0.39;8445291009936;Piæa
NAPO.KRA© ÈOK.KOKOS 500 g;376787;Kra¹;0.5000;kg;5.49;10.98;;;02.05.2025;4.99;3850102012473;Hrana
NAPO.KRA© ÈOK.KOKOS 250 g;376793;Kra¹;0.2500;kg;3.99;15.96;;;02.05.2025;3.99;3850102012442;Hrana
VAF.LOACKER TORTINA ORIG.126 g;376798;Loacker;0.1260;kg;4.29;34.05;;;02.05.2025;4.29;8000380106028;Hrana
VAF.LOAC.TORT.ÈOKO.126 g;376799;Loacker;0.1260;kg;4.29;34.05;;;02.05.2025;4.29;8000380192151;Hrana
ÈOK.DORINA MOUSSE 95 g;376800;Dorina;0.0950;kg;1.99;20.95;;;02.05.2025;1.99;3850102500505;Hrana
SLAD.VAN.BOR.MACARON HD 420 ml;376801;Haeagen Dazs;0.4200;L;6.99;16.64;;;02.05.2025;6.99;3415583005835;Hrana
SLAD.ÈOKOLAD.MACARON HD 420 ml;376802;Haeagen Dazs;0.4200;L;6.99;16.64;;;02.05.2025;6.99;3415583000830;Hrana
ÈOK.DORINA PETIT BEURRE 95 g;376803;Dorina;0.0950;kg;1.99;20.95;;;02.05.2025;1.99;3850102009978;Hrana
ÈOK.DORINA PETIT BEURRE 240 g;376804;Dorina;0.2400;kg;4.99;20.79;;;02.05.2025;3.79;3850102010004;Hrana
ÈOK.DOR.KREMASTI LJE©NJAK 98 g;376805;Dorina;0.0980;kg;1.99;20.31;;;02.05.2025;1.99;3850102005734;Hrana
ÈOK.DORI.KREM.LJE©.245 g;376806;Dorina;0.2450;kg;4.99;20.37;;;02.05.2025;3.79;3850102005758;Hrana
ÈOK.DORINA JAGODA VANILI.245 g;376807;Dorina;0.2450;kg;4.99;20.37;;;02.05.2025;3.79;3850102010011;Hrana
ÈOK.DOR.JAGODA VANILIJA 95 g;376808;Dorina;0.0950;kg;1.99;20.95;;;02.05.2025;1.99;3850102009947;Hrana
TORTICA KRA© LINO LADA 21 g;376810;Kra¹;0.0210;kg;0.55;26.19;;;02.05.2025;0.55;3850102008735;Hrana
LIKER PELINOVA 0,7 L;376823;Stock;0.7000;L;14.99;21.41;;;02.05.2025;14.99;8594005025561;Piæa
ÈOK.MILKA LJE©.KREMA 85 g;376825;Milka;0.8500;kg;2.49;2.93;;;02.05.2025;2.49;7622202013218;Hrana
ÈIPS LAY´S LJUTA PAPRIKA 60 g;376829;Lays;0.0600;kg;1.29;21.50;;;02.05.2025;1.29;5900259113870;Hrana
ÈIPS LAY´S SLANI 60 g;376830;Lays;0.0600;kg;1.29;21.50;;;02.05.2025;1.29;5900259109071;Hrana
©TAP.PARDON KIKIRIKI 100 g;376831;Pardon;0.1000;kg;1.29;12.90;;;02.05.2025;1.29;8606017378808;Hrana
ÈIPS LAY´S SLANI 250 g;376832;Lays;0.2500;kg;3.39;13.56;;;02.05.2025;3.39;5900259130754;Hrana
FLIPS CLIPSY KIKIRIKI 75 g;376836;Clipsy;0.0750;kg;0.39;5.20;;;02.05.2025;0.39;8606017377559;Hrana
BIO LUK MLADI 200 g;376838;;0.2000;kg;1.59;7.95;;;02.05.2025;1.89;3859893093586;Hrana
BOMB.NEGRO PION.LIM.ÐUM.100 g;376848;Pionir;0.1000;kg;1.29;12.90;;;02.05.2025;1.29;8602300234547;Hrana
BOM.PION.MENTOL LIMUN 100 g;376849;Pionir;0.1000;kg;0.89;8.90;;;02.05.2025;0.89;8602300231034;Hrana
GUM.BOMB.PION.MEDVJEDIÆI 100 g;376855;Pionir;0.1000;kg;1.39;13.90;;;02.05.2025;1.39;8600091370314;Hrana
BOMB.PIONIR NARANÈA 100 g;376858;Pionir;0.1000;kg;1.19;11.90;;;02.05.2025;1.19;8602300204687;Hrana
KARAM.PIONIR ORIGINAL 100 g;376862;Pionir;0.1000;kg;1.49;14.90;;;02.05.2025;1.49;8602300205059;Hrana
DVOPEK MINI INTEGRALNI 180 g;376865;Naturel;0.1800;kg;2.35;13.06;;;02.05.2025;2.35;3858889366338;Hrana
ÈOK.PRUT.DESPAR PUNJ.ML.200 g;376875;Despar;0.2000;kg;2.99;14.95;;;02.05.2025;2.99;8001300502630;Hrana
SLA.LJE©NJ.MONTE ©TAPIÆ 100 ml;376879;Zott;0.1000;L;1.99;19.90;;;02.05.2025;1.99;4014500520308;Hrana
MLIJ.NAPI.ZA LAKU NOÆ DUKAT1 L;376881;Dukat;1.0000;L;1.99;1.99;;;02.05.2025;1.99;3850354004073;Hrana
VRH.ZA KUH.BEZ LAKT.DUKA.500 g;376882;Dukat;0.5000;kg;3.39;6.78;;;02.05.2025;3.39;3850354017295;Hrana
PUD.LAG.JUT.VANI.DUKAT 4X125 g;376884;Dukat;0.5000;kg;2.39;4.78;;;02.05.2025;2.39;3850354018162;Hrana
JOGURT TEKUÆI LAG.JUTRO 330 g;376885;Dukat;0.3300;kg;1.59;4.82;;;02.05.2025;1.59;3850354018186;Hrana
JOGURT LAG.JUTRO JAGODA 330 g;376886;Dukat;0.3300;kg;1.59;4.82;;;02.05.2025;1.59;3850354018209;Hrana
PULLED CHICKEN 500g TANN;376888;Tann;0.5000;kg;6.99;13.98;;;02.05.2025;6.99;9100200150145;Hrana
FLIPS CHEETOS SIR 85 g;376889;Cheetos;0.0850;kg;2.49;29.29;;;02.05.2025;2.49;5900259029041;Hrana
FLIPS CHEETOS PAPRIKA 130 g;376891;Cheetos;0.1300;kg;2.99;23.00;;;02.05.2025;2.99;5900259115607;Hrana
CARSKI DROBLJENAC SPAR 195g;376893;SPAR;0.1950;kg;1.99;10.21;;;02.05.2025;1.99;9100000831916;Hrana
UL.VIOLETA AIR FIT NIGHT 10/1;376894;Violeta;10.0000;kom;1.85;0.19;;;02.05.2025;1.85;3870128023628;Toaletne potrep¹tine
MACARONS BIJELA ÈOKOLADA 90 g;376904;;0.0900;kg;4.99;55.44;;;02.05.2025;4.99;8014433001048;Hrana
MACARONS KAKAO 90 g;376905;;0.0900;kg;4.99;55.44;;;02.05.2025;4.99;8014433001055;Hrana
MACARONS JAGODA 90 g;376909;;0.0900;kg;4.99;55.44;;;02.05.2025;4.99;8014433001017;Hrana
 MACARONS PISTACIO 90 g;376910;;0.0900;kg;4.99;55.44;;;02.05.2025;4.99;8014433001024;Hrana
PILEÆI PAN.ZABATAK CEKIN 700 g;376931;Cekin;0.7000;kg;7.39;10.56;;;02.05.2025;6.49;3850159141195;Hrana
ZUB.KONAC DENTA KISS 40m 1/1;376960;DENTA KISS;1.0000;kom;1.49;1.49;;;02.05.2025;1.49;9100000984094;Kozmetika
ZUBNA PASTA SENSODYNE 2x75 ml;376982;Sensodyne;0.1500;l;8.89;59.27;;;02.05.2025;7.89;5054563078124;Kozmetika
ZUBNA PASTA PARODONAT. 2x75ml;376983;Parodontax;0.1500;l;8.99;59.93;;;02.05.2025;7.99;5054563158789;Kozmetika
AFTER SHAVE DENIM SENS. 100 ml;376991;Denim;0.1000;l;6.99;69.90;;;02.05.2025;6.99;8008970054278;Kozmetika
AFTER SH.DENIM ANTI AG. 100 ml;376993;Denim;0.1000;l;7.99;79.90;;;02.05.2025;7.99;8008970054285;Kozmetika
GEL TU©.OLD SPICE BEAR. 675 ml;377013;Old Spice;0.6750;l;5.97;8.84;;;02.05.2025;5.97;8006540651063;Kozmetika
GEL TU©.OLD SPICE WOLF. 675 ml;377014;Old Spice;0.6750;l;5.97;8.84;;;02.05.2025;5.97;8700216230988;Kozmetika
GEL TU©.OLD SPICE TIGER 400 ml;377015;Old Spice;0.4000;l;;7.70;3.08;3.85;02.05.2025;3.85;8006540456484;Kozmetika
DEO ST.OLD SPICE WOLF. 85 ml;377016;Old Spice;0.0850;l;5.97;70.24;;;02.05.2025;5.97;8700216879835;Kozmetika
DEO ST.OLD SPICE OASIS 50 ml;377017;Old Spice;0.0500;l;;61.60;3.08;3.85;02.05.2025;3.85;8006540839362;Kozmetika
DEO SP.REXONA B.BOUQUET150 ml;377021;Rexona;0.1500;l;5.60;37.33;;;02.05.2025;3.49;8720181450396;Kozmetika
DEO SP.REXONA W FRESH 150 ml;377035;Rexona;0.1500;l;5.60;37.33;;;02.05.2025;3.49;8720181449840;Kozmetika
DEO SP.REXONA W. B&W 150 ml;377039;Rexona;0.1500;l;5.60;37.33;;;02.05.2025;3.49;8720181450419;Kozmetika
DEO S.REXONA MEN COBALT 200 ml;377050;Rexona;0.2000;l;6.49;32.45;;;02.05.2025;3.99;8720181334757;Kozmetika
DEO SP.AXE JUNGLE FRESH 150 ml;377052;Axe;0.1500;l;4.55;30.33;;;02.05.2025;4.55;8720181436734;Kozmetika
AFTER SHAVE AXE DARK T. 100 ml;377053;Axe;0.1000;l;7.99;79.90;;;02.05.2025;7.99;8720181343476;Kozmetika
DEO S.DOVE W PEAR&ALOE 150 ml;377054;Dove;0.1500;l;5.20;34.67;;;02.05.2025;5.20;8720181291760;Kozmetika
ROLL ON NEUTRO FRESCO  50 ml;377056;Neutro Roberts;0.0500;L;3.45;69.00;;;02.05.2025;3.45;80838265;Kozmetika
ROLL ON NEUTRO FRESCO  50 ml;377058;Neutro Roberts;0.0500;L;3.45;69.00;;;02.05.2025;3.45;80838289;Kozmetika
DEO ST.OLD SPICE ROCK. 50 ml;377059;Old Spice;0.0500;l;;61.60;3.08;3.85;02.05.2025;3.85;8700216203906;Kozmetika
DEO SP.OLD SPICE ROCK. 150 ml;377061;Old Spice;0.1500;l;;20.53;3.08;3.85;02.05.2025;3.85;8700216169820;Kozmetika
HRANA ZA PSE PEDI.ADULT 2,6 kg;377062;Pedigree;2.6000;kg;12.99;5.00;;;02.05.2025;12.99;5998749145067;Proizvodi za kuæanstvo
GEL TU.OLD SPICE ROCKST.400 ml;377063;Old Spice;0.4000;l;;7.70;3.08;3.85;02.05.2025;3.85;8700216232746;Kozmetika
SERUM HOLYPLANT SKIN  30 ml;377065;;0.0300;L;9.99;333.00;;;02.05.2025;9.99;3858891013435;Kozmetika
HRANA ZA PSE PEDIG.JUNIOR 2 kg;377066;Pedigree;2.0000;kg;10.49;5.25;;;02.05.2025;10.49;5998749145111;Proizvodi za kuæanstvo
HRANA ZA PSE PEDIG.ADULT 500 g;377067;Pedigree;0.5000;kg;2.99;5.98;;;02.05.2025;2.99;5900951310706;Proizvodi za kuæanstvo
HRANA ZA PSE PED.PIL.POV.100 g;377068;Pedigree;0.1000;kg;0.89;8.90;;;02.05.2025;0.89;5900951312946;Proizvodi za kuæanstvo
PILEÆA ZADNJA ÈETVRT;377069;S-BUDGET;1.0000;kg;2.19;2.19;;1.99;02.05.2025;2.79;3856021216992;Hrana
POSL.ZA MAÈ.FELIX PAR.MIX 60 g;377070;Felix;0.0600;kg;1.59;26.50;;;02.05.2025;1.59;7613034097699;Proizvodi za kuæanstvo
POSL.ZA MAÈ.FELIX PAR.MIX 60 g;377071;Felix;0.0600;kg;1.59;26.50;;;02.05.2025;1.59;7613036064439;Proizvodi za kuæanstvo
AJVAR NATUREL DOMAÆI BLA.340 g;377072;Naturel;0.3400;kg;5.49;16.15;;;02.05.2025;5.49;3858889366567;Hrana
LOSOS EVA FIL.BILJ.ULJE 100 g;377080;Eva;0.0700;kg;4.89;69.86;;;02.05.2025;4.89;3856020271268;Hrana
OSLIÆ EVA FIL.BILJ.ULJE 100 g;377082;Eva;0.0700;kg;2.69;38.43;;;02.05.2025;2.69;3856020269616;Hrana
INTEGRALNE KRU©NE MRVICE 400 g;377085;;0.4000;kg;1.99;4.98;;;02.05.2025;1.99;4000186011407;Hrana
PA©TETA ARG.KOK.EKST.PIK.95 g;377087;Argeta;0.0950;kg;1.49;15.68;;;02.05.2025;1.49;3838471052771;Hrana
PA©TETA ARGETA RIBLJA POV.95g;377088;Argeta;0.0950;kg;1.49;15.68;;;02.05.2025;1.49;3838471052795;Hrana
VINO ANÐEO S GRE©.CRNO 0,75 L;377090;;0.7500;L;20.89;27.85;;;02.05.2025;20.89;3857500108586;Piæa
VINO ANÐEO.S GRE©.BIJ. 0,75 L;377091;;0.7500;L;20.89;27.85;;;02.05.2025;20.89;3857500108579;Piæa
©AMP.AFRODITA ZA MAS. 320 ml;377093;Afrodita;0.3200;l;;15.59;4.99;6.99;02.05.2025;6.99;3831070661887;Kozmetika
VINO MALVAZ.KALAVOJNA 0,75 L;377094;;0.7500;L;11.02;14.69;;;02.05.2025;11.02;3859889986892;Piæa
©AMP.AFRODITA PR.ISPADN.320 ml;377095;Afrodita;0.3200;l;;15.59;4.99;6.99;02.05.2025;6.99;3831070661894;Kozmetika
©AMP.AFRODITA ZA SUHU K.320 ml;377096;Afrodita;0.3200;l;;15.59;4.99;6.99;02.05.2025;6.99;3831070661900;Kozmetika
©AMP.AFRODITA PR.PRHUTI 320 ml;377097;Afrodita;0.3200;l;;15.59;4.99;6.99;02.05.2025;6.99;3831070661917;Kozmetika
MASKA AFRODITA ZA KOSU  175 ml;377098;Afrodita;0.1750;l;;28.51;4.99;6.99;02.05.2025;6.99;3831070661924;Kozmetika
VODA AFRODITA ZA NJEGU  100 ml;377099;Afrodita;0.1000;l;;49.90;4.99;6.99;02.05.2025;6.99;3831070661931;Kozmetika
VINO MALVAZIJA BABOS 0,75 L;377100;;0.7500;L;11.02;14.69;;;02.05.2025;11.02;3859893510069;Piæa
BRIJ.GILL.VENUS COMFORT 1/1;377101;Gillette;1.0000;kom;8.49;8.49;;8.19;02.05.2025;8.19;8700216130516;Kozmetika
VINO SAUV.BIJELI SV.PE. 0,75 L;377102;;0.7500;L;11.02;14.69;;;02.05.2025;11.02;3859892938147;Piæa
JOG.GRÈKI TIP NATUR SB 150 g;377103;S-BUDGET;0.1500;kg;0.75;5.00;;;02.05.2025;0.75;3856021226076;Hrana
ÈAJNO PECIVO MIJE©A.SPAR 500 g;377104;SPAR Qualitätsmarke;0.5000;kg;5.09;10.18;;;02.05.2025;5.09;3856021226625;Hrana
PATRONE GILLETTE COMFORT 4/1;377105;Gillette;4.0000;kom;23.99;6.00;;;02.05.2025;23.99;8700216122849;Kozmetika
JOG.GRÈ.TIP VI©./NAR. SB150 g;377106;S-BUDGET;0.1500;kg;0.75;5.00;;;02.05.2025;0.75;3856021226090;Hrana
PJ.VINO SPIRITZ M.S. 0,75 L;377107;;0.7500;L;3.02;4.03;;;02.05.2025;3.02;5905466012152;Piæa
JOG.GRÈ. TIP DAT./MED SB 150 g;377109;S-BUDGET;0.1500;kg;0.75;5.00;;;02.05.2025;0.75;3856021226113;Hrana
PJ.VINO HUGO LAFI BA.LI 0,75 L;377111;;0.7500;L;3.02;4.03;;;02.05.2025;3.02;5998693582765;Piæa
PJ.VINO HUGO MONTE SAN. 0,75 L;377112;;0.7500;L;3.02;4.03;;;02.05.2025;3.02;5905466024063;Piæa
APEROL SPRITZ 3x0,2 L;377116;Aperol;0.6000;L;10.49;17.48;;;02.05.2025;10.39;8002230340538;Piæa
KRASTAVCI SPAR REZANI 510 g;377118;SPAR Qualitätsmarke;0.3000;kg;1.59;5.30;;;02.05.2025;1.59;9100000019093;Hrana
HRANA ZA MAÈKE MOLLY 24X100 g;377120;Molly;2.4000;kg;9.99;4.16;;;02.05.2025;9.99;9100000983714;Proizvodi za kuæanstvo
STOCK COLA 0,25 L;377122;;0.2500;L;2.42;9.68;;;02.05.2025;2.42;8594005026087;Piæa
©AMP.H&S 2U1 CLASSIC C.330ml;377124;Head&Shoulders;0.3300;l;;15.12;4.99;6.19;02.05.2025;6.19;8700216157919;Kozmetika
©AMPON H&S SMOOTH&SILKY 330 ml;377125;Head&Shoulders;0.3300;l;;15.12;4.99;6.19;02.05.2025;6.19;8700216304856;Kozmetika
GIN BICKENS 0,7 L;377131;;0.7000;L;18.09;25.84;;;02.05.2025;18.09;8000040520072;Piæa
©AMP.H&S 2U1 CLASSIC C.250 ml;377143;Head&Shoulders;0.2500;l;;15.96;3.99;4.99;02.05.2025;4.99;8700216157872;Kozmetika
©AMP.H&S 7U1 DANDRUFF 250 ml;377149;Head&Shoulders;0.2500;l;;19.96;4.99;5.99;02.05.2025;5.99;8700216156882;Kozmetika
©AMP.H&S 7U1 HAIR FALL 250 ml;377150;Head&Shoulders;0.2500;l;;19.96;4.99;5.99;02.05.2025;5.99;8700216156936;Kozmetika
©AMP.H&S 7U1 INTEN.ITCH 250 ml;377151;Head&Shoulders;0.2500;l;;19.96;4.99;5.99;02.05.2025;5.99;8700216156844;Kozmetika
PA©TETA GAVRIL.JETRENA 4X100 g;377163;Gavrilovic;0.4000;kg;4.99;12.48;;;02.05.2025;4.99;3858892723784;Hrana
PA©TETA GAVRIL.ÈAJNA 4X100 g;377164;Gavrilovic;0.4000;kg;4.99;12.48;;;02.05.2025;4.99;3858892726136;Hrana
DEO STICK REXONA SEXY BO.40 ml;377167;Rexona;0.0400;l;4.79;119.75;;;02.05.2025;2.99;59085768;Kozmetika
DEO SP.REXONA INVISIBLE 150 ml;377168;Rexona;0.1500;l;5.60;37.33;;;02.05.2025;3.49;8720181450426;Kozmetika
DEO SPRAY DOVE W PEACH 150 ml;377169;Dove;0.1500;l;5.20;34.67;;;02.05.2025;5.20;8720181444524;Kozmetika
DEO SP.DOVE EUCALYPTUS150 ml;377171;Dove;0.1500;l;5.20;34.67;;;02.05.2025;5.20;8720181433573;Kozmetika
DEO STICK AXE AFRICA 50 ml;377172;Axe;0.0500;l;4.59;91.80;;;02.05.2025;4.59;8720181415678;Kozmetika
LOSION DIPETROL FAMILY 200 ml ;377173;Dipterol;0.2000;l;7.99;39.95;;;02.05.2025;7.99;3856007911699;Kozmetika
NEKTAR S-BUDGET ACE 6X0,2 L;377179;S-Budget;1.2000;L;2.35;1.96;;;02.05.2025;2.35;8057204090872;Piæa
NEKTAR S-BUDGET CR.NAR.6X0,2 L;377182;S-Budget;1.2000;KOM;2.35;1.96;;;02.05.2025;2.35;8057204090889;Piæa
NEKTAR S-BUDGET MULTIV.6X0,2 L;377183;S-Budget;1.2000;L;2.35;1.96;;;02.05.2025;2.35;8057204090865;Piæa
BOJA SYOSS 9-53 PLATINUM ;377184;Syoss;1.0000;kom;6.19;6.19;;;02.05.2025;5.59;9000101731767;Kozmetika
BOJA SYOSS 12-53 SILVER ;377186;Syoss;1.0000;kom;6.19;6.19;;;02.05.2025;5.59;9000101731989;Kozmetika
BOJA SYOSS 3-89 BRONZE ;377187;Syoss;1.0000;kom;6.19;6.19;;;02.05.2025;5.59;9000101732207;Kozmetika
©AMPON PANTENE REPAIR 250 ml;377188;Pantene;0.2500;l;5.99;23.96;;;02.05.2025;5.99;8700216323598;Kozmetika
BOJA LIVE  B11 FROSTY ;377189;LIVE;1.0000;l;6.19;6.19;;;02.05.2025;6.19;9000101657937;Kozmetika
REGENERATOR PANTENE RE.160 ml ;377190;Pantene;0.1600;l;5.39;33.69;;;02.05.2025;5.39;8700216191708;Kozmetika
MASKA PANTENE REP&PRO. 300 ml;377192;Pantene;0.3000;l;5.79;19.30;;;02.05.2025;5.79;8006540608494;Kozmetika
SPREJ AZENA ULJNI PR.KOM.50 ml;377194;AZENA;0.0500;kom;5.99;119.80;;;02.05.2025;5.99;3859888549647;Kozmetika
MAST AZENA BILJNA 60 ml;377195;AZENA;0.0600;kom;7.99;133.17;;;02.05.2025;7.99;3859888549012;Kozmetika
GEL JOHNSON ZA TU© 400 ml;377202;Johnson;0.4000;l;3.95;9.88;;;02.05.2025;3.95;3574661385730;Kozmetika
GEL JOHNSON ZA TU© BADE.400 ml;377203;Johnson;0.4000;l;3.95;9.88;;;02.05.2025;3.95;3574661384627;Kozmetika
GEL JOHNSON ZA TU© NAR 400 ml;377204;Johnson;0.4000;l;3.95;9.88;;;02.05.2025;3.95;3574661093956;Kozmetika
GEL JOHNSON ZA TU©.SHEA 400 ml;377206;Johnson;0.4000;l;3.95;9.88;;;02.05.2025;3.95;3574661543888;Kozmetika
GEL JOHNSON ZA TU©.BRES 750 ml;377207;Johnson;0.7500;l;6.80;9.07;;;02.05.2025;6.80;3574661387239;Kozmetika
GEL JOHNSON ZA TU©.BAD. 750 ml;377208;Johnson;0.7500;l;6.80;9.07;;;02.05.2025;6.80;3574661384887;Kozmetika
LUB.YOU&ME WATERLUB 150 ml;377209;Vulkan;1;;8.25;8.25;;;02.05.2025;8.25;8594068382595;Toaletne potrep¹tine
ZUB.PAS.PHYTODENT WHI.75 ml;377210;Plidenta;0.7500;l;;3.13;2.35;3.39;02.05.2025;3.39;3856007911804;Kozmetika
ZUB.PAS.PHYTODENT WHI.75 ml;377213;Plidenta;0.7500;l;;3.13;2.35;3.39;02.05.2025;3.39;3856007911781;Kozmetika
ZUB.PAS.PHYTODENT WHI.75 ml;377215;Plidenta;0.7500;l;;3.13;2.35;3.39;02.05.2025;3.39;3856007911811;Kozmetika
SIR BIJ.KOCK.ÈE©.APET.410 g;377216;;0.2000;kg;3.99;19.95;;;02.05.2025;3.99;5711953182617;Hrana
MUSLI SPAR ÈOKOLADA 600 g;377217;SPAR;0.6000;kg;4.99;8.32;;;02.05.2025;4.99;9100000001708;Hrana
MUSLI SPAR JOGURT JAGODA 600 g;377218;SPAR Qualitätsmarke;0.6000;kg;3.99;6.65;;;02.05.2025;3.99;9100000001722;Hrana
MELEM ZA USNE MELT 10 ml;377219;Melem;0.0100;l;5.89;589.00;;;02.05.2025;5.89;3856007911729;Kozmetika
MELEM ZA USNE COLD 4,5 g;377220;Melem;1.0000;kom;3.99;3.99;;;02.05.2025;3.99;3856007910074;Kozmetika
MELEM ZA USNE VITAMIN 4,5 g;377221;Melem;1.0000;kom;3.99;3.99;;;02.05.2025;3.99;3856007911828;Kozmetika
MELEM ZA USNE CICA 4,5 g;377222;Melem;1.0000;kom;3.99;3.99;;;02.05.2025;3.99;3856007911668;Kozmetika
BOJA  SYOSS ZA OBRVE CRNA;377223;Syoss;1.0000;kom;10.15;10.15;;;02.05.2025;10.15;9000101715781;Kozmetika
BOJA SYOSS ZA OBRV.TAMNO SMEÐA;377224;Syoss;1.0000;kom;10.15;10.15;;;02.05.2025;10.15;9000101715866;Kozmetika
BOJA  SYOSS ZA OBRVE SVJ.SMEÐA;377225;Syoss;1.0000;kom;10.15;10.15;;;02.05.2025;10.15;9000101715668;Kozmetika
SERUM GLISS ELIKS.NIGHT 100 ml;377230;Gliss;0.1000;l;8.45;84.50;;;02.05.2025;8.45;9000101702286;Kozmetika
SERUM GLISS ELIKS.NIGHT 100 ml;377231;Gliss;0.1000;l;8.45;84.50;;;02.05.2025;8.45;5410091767334;Kozmetika
©AMP.SCHAUMA HERNBS&V.400 ml;377233;Schauma;0.4000;l;2.99;7.48;;2.79;02.05.2025;2.79;9000101647433;Kozmetika
©AMP.SCHAUMA ARGAN OIL.400 ml;377234;Schauma;0.4000;l;2.99;7.48;;2.79;02.05.2025;2.79;9000101653045;Kozmetika
©AM.SYOSS INT&PLEKS440 ml;377238;Syoss;0.4400;l;4.59;10.43;;4.49;02.05.2025;4.49;9000101731460;Kozmetika
REGENER.SYOSS INTENSE 250 ml;377239;;0.2500;l;4.59;18.36;;4.49;02.05.2025;4.49;9000101731545;Kozmetika
SERUM SYOSS TRE.IN100 ml;377240;Syoss;0.1000;l;8.99;89.90;;;02.05.2025;6.29;9000101731705;Kozmetika
©AMP.SCHAUMA MOIST.400 ml;377242;Schauma;0.4000;l;2.79;6.98;;2.79;02.05.2025;2.79;9000101704976;Kozmetika
DET.WEISSER RIESE COLOR 1,10 L;377275;Weisser Riese;1.1000;l;;4.54;4.99;6.99;02.05.2025;6.99;4015200032184;Sredstva za èi¹æenje
NADJEV MANGO NATUR PUR 190 g ;377277;Spar Natur pur;0.1900;kg;2.49;13.11;;;02.05.2025;2.49;9100000002460;Hrana
KAP.WEISSER RIESE COLOR 18/1;377279;Weisser Riese;18.0000;kom;;0.28;4.99;6.99;02.05.2025;6.99;4015200032443;Sredstva za èi¹æenje
PILEÆI MARINIRANIMINI FILE;377281;SPAR BBQ;1.0000;kg;9.99;9.99;;;02.05.2025;9.99;3850159155284;Hrana
PILEÆI RASJEK VRTOVI HRVATSKE;377287;SPAR Kroatische Gärten;1.0000;kg;7.99;7.99;;;02.05.2025;7.99;3856021226816;Hrana
VEGE CURRY PILET.SA MASL.425 g;377321;;0.4250;kg;5.39;12.68;;;02.05.2025;5.39;4260189684125;Hrana
INS.NAP.STEV.3U1 ORIGINAL 15 g;377322;;0.0150;KG;0.99;66.00;;;02.05.2025;0.99;3858893680079;Piæa
KOMBUCHA BOBIÈASTO VOÆE 330 ml;377329;;0.3300;L;2.69;8.15;;;02.05.2025;2.69;3859893720222;Piæa
KOMBUCHA MENTA I LIMETA 330 ml;377331;;0.3300;L;2.69;8.15;;;02.05.2025;2.69;3859893720253;Piæa
KATIN KOLAÈ PITA VI©NJA 470 g;377332;;0.4700;kg;6.99;14.87;;;02.05.2025;6.99;3859893454158;Hrana
KOMBUCHA MATIÈ. I LIMUN 330 ml;377333;;0.3300;L;2.69;8.15;;;02.05.2025;2.69;3859893720239;Piæa
GRANOLA KELLOGG´S KAR. 380 g;377334;Kelloggs;0.3800;kg;5.49;14.45;;;02.05.2025;5.49;5059319020396;Hrana
PAPIR ZA PEÈ.ZA FR.NA VR.ZRAK;377336;;20.0000;kom;4.99;0.25;;;02.05.2025;4.99;4008871220349;Proizvodi za kuæanstvo
®IT.KELLOGG´S TRESOR NOU.410 g;377337;Kelloggs;0.4100;kg;5.99;14.61;;;02.05.2025;5.99;5053827199568;Hrana
VODKA F.I. ORIGINAL 0,7 L;377338;;0.7000;L;20.02;28.60;;;02.05.2025;20.02;7629999059320;Piæa
KOMBUCHA BOBIÈASTO VOÆE 0,75 L;377339;;0.7500;L;4.09;5.45;;;02.05.2025;4.09;3859893720284;Piæa
GIN F.I.ROSE 0,7 L;377341;;0.7000;L;17.02;24.31;;;02.05.2025;17.02;7629999550384;Piæa
KOMBUCHA PURE 0,75 L;377342;;0.7500;L;4.09;5.45;;;02.05.2025;4.09;3859893720291;Piæa
MLIJEKO ÈOKOLADNO DISNEY 1 L;377353;Z Bregov;1.0000;L;2.29;2.29;;;02.05.2025;2.29;3850108022988;Hrana
SLA.COLORI CHOCO QUATT.1500 ml;377355;Quattro;1.5000;L;5.99;3.99;;;02.05.2025;5.99;3850116064352;Hrana
SLA.COLORI FRUIT QUATT.1500 ml;377356;Quattro;1.5000;L;5.99;3.99;;;02.05.2025;5.99;3850116064321;Hrana
KAP.PERSIL EXPERT 11/1;377363;Persil;11.0000;kom;8.49;0.77;;;02.05.2025;8.49;9000101802436;Sredstva za èi¹æenje
KAVA NESCAF.DG BARISTA 3X104 g;377367;Nescafe;0.3120;KG;12.99;41.63;;12.99;02.05.2025;14.99;8445290869678;Piæa
SLAD.PLAZMA CHEES.©TAPIÆ 90 ml;377369;Plazma;0.0900;l;1.99;22.11;;;02.05.2025;1.99;3850116064260;Hrana
SLA.MACHO TAM.ÈOK.NAR. 370 ml;377371;Macho;0.3700;L;3.99;10.78;;;02.05.2025;3.99;3850116064024;Hrana
SLA.MACHO ÈOKOLADA LEDO 370 ml;377372;Macho;0.3700;L;3.99;10.78;;;02.05.2025;3.99;3850116063997;Hrana
SLA.MACHO BIJ.ÈOK. LEDO 370 ml;377373;Macho;0.3700;L;3.99;10.78;;;02.05.2025;3.99;3850116063966;Hrana
SERUM NIVEA ZA LICE Q10 30 ml;377378;Nivea;0.0300;l;21.99;733.00;;;02.05.2025;21.99;9005800376882;Kozmetika
LIKER BADEL ANTIQUE. 1 L;377380;Badel;1.0000;L;22.02;22.02;;;02.05.2025;21.92;3850112111838;Piæa
PELIN SPRITZ BADEL LIM. 0,25 L;377381;Badel 1862;0.2500;L;2.02;8.08;;;02.05.2025;2.02;3850112143075;Piæa
PELIN SPRITZ BADEL ORA. 0,25 L;377382;Badel 1862;0.2500;L;2.02;8.08;;;02.05.2025;2.02;3850112143099;Piæa
OME.LENOR CHERRY 925 ml;377385;Lenor;0.9250;l;3.49;3.77;;3.49;02.05.2025;3.49;8700216326605;Sredstva za èi¹æenje
OME.LENOR FLORAL CHERRY 700 ml;377386;Lenor;0.7000;l;2.49;3.56;;2.49;02.05.2025;2.49;8700216326698;Sredstva za èi¹æenje
DET. JAR LILAC 905 ml;377394;Jar;0.9050;l;5.49;6.07;;;02.05.2025;5.49;8006540355589;Sredstva za èi¹æenje
PROSECCO MIONET.TREVISO 0,2 L;377395;;0.2000;L;5.02;25.10;;;02.05.2025;5.02;8006220110774;Piæa
LIKE BAILEYS TIRAMISU 0,7 L;377396;Baileys;0.7000;L;27.59;39.41;;;02.05.2025;27.59;5011013937820;Piæa
VODKA SKYY 0,7 L;377397;;0.7000;L;16.79;23.99;;;02.05.2025;16.79;8000040007009;Piæa
DEZ.MAR.DOMESTOS OCEAN 60/1;377398;Domestos;60.0000;kom;4.79;0.08;;;02.05.2025;3.29;8720181349843;Sredstva za èi¹æenje
DEZ.MAR.DOMES.LEMON 60/1;377399;Domestos;60.0000;kom;4.79;0.08;;;02.05.2025;3.29;8720181349836;Sredstva za èi¹æenje
GEL WC DOMEST FLORAL FR.700 ml;377404;Domestos;0.7000;L;;3.70;2.59;3.29;02.05.2025;3.29;8720181345920;Sredstva za èi¹æenje
GEL WC DOMEST LIME 700 ml;377405;Domestos;0.7000;L;;3.70;2.59;3.29;02.05.2025;3.29;8720181345913;Sredstva za èi¹æenje
MUSLI NATUREL JAGODA BAD.350 g;377410;Naturel;0.3500;kg;3.59;10.26;;;02.05.2025;3.59;3858889366659;Hrana
MUSLI NATUREL ORA©.PLOD.350 g;377412;Naturel;0.3500;kg;3.59;10.26;;;02.05.2025;3.59;3858889366642;Hrana
CORNFLAKES NATUREL ÈOKOL. 375g;377413;Naturel;0.3750;kg;3.99;10.64;;;02.05.2025;3.99;3858889366734;Hrana
®IT. NATUREL 7 VRSTA ®IT.375 g;377414;Naturel;0.3750;kg;3.99;10.64;;;02.05.2025;3.99;3858889366758;Hrana
File atalntskog lososa trim E;377416;;1.0000;kg;17.99;17.99;;;02.05.2025;17.99;93856024302794;Hrana
®ITAR. NATUREL SUPER ZOB 375g;377417;Naturel;0.3750;kg;3.99;10.64;;;02.05.2025;3.99;3858889366741;Hrana
®ITAR.NATUREL P©EN.POSIJE 375g;377419;Naturel;0.3750;kg;3.99;10.64;;;02.05.2025;3.99;3858889366727;Hrana
MIR.PERLICE LENOR RUBY 210 g;377420;Lenor;0.2100;kg;4.99;23.76;;4.99;02.05.2025;4.99;8006540780978;Sredstva za èi¹æenje
LOSIN VAPE HERBAL 100 ml;377421;VAPE;0.1000;l;3.99;39.90;;;02.05.2025;3.99;8055136822592;Kozmetika
SPREJ VAPE AC.SHIELD 100 ml;377422;VAPE;0.1000;l;3.99;39.90;;;02.05.2025;3.99;8006320089260;Kozmetika
HRENOVKE WUDY AIA KLASIK 300 g;377423;Wudy;0.3000;kg;1.19;3.97;;;02.05.2025;1.19;8008110040642;Hrana
RAJÈ.PASIR FRUCTAL KLAS.750 ml;377426;Fructal;0.7500;l;1.79;2.39;;;02.05.2025;1.79;3838945042505;Hrana
RAJÈ.PASIR.FRUCTAL PIZZA750 ml;377428;Fructal;0.7500;l;1.79;2.39;;;02.05.2025;1.79;3838945042512;Hrana
RAJÈ.PASIR.FRUCTAL PIK. 750 ml;377432;Fructal;0.7500;l;1.79;2.39;;;02.05.2025;1.79;3838945042529;Hrana
Muffin Nutella 86 g;377439;Ferrero;0.0860;kg;1.99;23.14;;;02.05.2025;1.99;8000500366899;Hrana
SRE.VANISH SPREJ WHITE 500 ml ;377441;Vanish;0.5000;L;6.45;12.90;;;02.05.2025;6.45;5999109561435;Sredstva za èi¹æenje
GEL.VANISH OXI PINK 750 ml;377447;Vanish;0.7500;L;7.95;10.60;;;02.05.2025;7.95;5999109561084;Sredstva za èi¹æenje
FLIPS GUSTO RINGS PIZZA 300 g;377451;GUSTO;0.3000;kg;2.49;8.30;;2.49;02.05.2025;2.49;5941868208489;Hrana
GEL JAJOPER MEN BIOBAZ.100 ml ;377460;Biobaza;0.1000;L;;29.90;2.99;3.96;02.05.2025;3.96;3856020904470;Toaletne potrep¹tine
KREMA BIOBAZA BABY 550 ml ;377461;Biobaza;0.5500;L;9.69;17.62;;;02.05.2025;9.69;3859889915847;Kozmetika
SLAD.QUATTRO PLAZMA 1500 ml;377482;Quattro;1.5000;L;;3.99;5.99;7.49;02.05.2025;7.49;3850116064291;Hrana
EL.APARAT VAPE + TABLETE 10/1;377487;VAPE;1.0000;KOM;9.99;9.99;;;02.05.2025;9.99;8006320072743;Proizvodi za kuæanstvo
SLA.SEDUCTION KING LEDO 100 ml;377498;King;0.1000;L;2.79;27.90;;;02.05.2025;2.79;3850116064086;Hrana
KAPSULE DG.RISTRE.BARIST.104 g;377508;DOLCE GUSTO;0.1040;KG;5.29;50.87;;5.29;02.05.2025;6.49;8445290869531;Piæa
KAPSULE DOLCE GU.ARDENZA 104 g;377511;DOLCE GUSTO;0.1040;KG;5.29;50.87;;5.29;02.05.2025;6.49;8445290870537;Piæa
KAPSU.DOLCE GUSTO LUNGO 89,6 g;377513;DOLCE GUSTO;0.0890;KG;5.29;59.44;;5.29;02.05.2025;6.49;8445290871992;Piæa
INST.KAVA NES.3U1 FRAPPE 120 g;377525;Nescafe;0.1200;KG;2.99;24.92;;;02.05.2025;2.99;8445291183049;Piæa
TAB.SOMAT EXCELLENCE 20/1;377528;Somat;20.0000;kom;;0.45;8.99;12.99;02.05.2025;12.99;9000101808384;Sredstva za èi¹æenje
SOK FRUCTAL JABUKA BRES.0,75 L;377539;Fructal;0.7500;L;2.19;2.92;;;02.05.2025;2.19;3838945042680;Piæa
SOK FRUCTAL JABUKA 0,75 L;377540;Fructal;0.7500;L;2.19;2.92;;;02.05.2025;2.19;3838945042673;Piæa
SOK FRUCTAL NARANÈA 0,75 L;377541;Fructal;0.7500;L;2.59;3.45;;;02.05.2025;2.59;3838945042697;Piæa
PIÆE BUBBLE TEA OMG MAL.0,27 L;377543;;0.2700;L;3.19;11.81;;;02.05.2025;3.19;4779056910187;Piæa
PIÆE BUBBLE TEA OMG LIM.0,27 L;377544;;0.2700;L;3.19;11.81;;;02.05.2025;3.19;4779056910194;Piæa
NEKTAR VINDI JAGODA 1 L;377545;Vindija;1.0000;L;2.79;2.79;;;02.05.2025;2.79;3850108078695;Piæa
PIVO ANGELU© SESSIO.IPA 0,33 L;377546;;0.3300;L;2.02;6.12;;;02.05.2025;2.02;3857500070753;Piæa
BEZAL.KOKTEL TWI.MOJITO 0,24 L;377547;;0.2400;L;1.99;8.29;;;02.05.2025;1.99;9004380002006;Piæa
CIDER SOMER.BEZAL.MANDA.0,33 L;377548;Somersby;0.3300;L;1.32;4.00;;;02.05.2025;1.32;8600331002425;Piæa
CIDER SOMERS.JAGOD.LIME.0,33 L;377551;Somersby;0.3300;L;1.32;4.00;;;02.05.2025;1.32;8600331002685;Piæa
PIVO 1664 BLANC 4X0,33 L;377559;Blanc;1.3200;L;4.91;3.72;;;02.05.2025;4.91;4820000457262;Piæa
BEZAL.KOK.TW.PINA COLAD.0,24 L;377569;;0.2400;L;1.99;8.29;;;02.05.2025;1.99;9004380002204;Piæa
BEZAL.KOKTEL PASS.FRUIT 0,24 L;377570;;0.2400;L;1.99;8.29;;;02.05.2025;1.99;9004380209702;Piæa
POMMES BATAT S-BUDGET 500 g;377571;S-Budget;0.5000;kg;2.99;5.98;;;02.05.2025;2.99;9100000019253;Hrana
PIVO EFES PILSNER 0,3 L;377572;;0.3000;L;1.48;4.93;;;02.05.2025;1.48;8690520011567;Piæa
PIVO EFES PILSNER 0,5 L;377573;;0.5000;L;1.52;3.04;;;02.05.2025;1.52;8690520019907;Piæa
OSV.PIÆE FRUCTAL LIMUNADA 1 L;377574;Fructal;1.0000;L;1.79;1.79;;;02.05.2025;1.79;3838945042383;Piæa
OSVJ.PIÆE FRUCTAL LIM.MENT.1 L;377575;Fructal;1.0000;L;1.79;1.79;;;02.05.2025;1.79;3838945042390;Piæa
KREMA NIVEA SOFT BABY 200 ml;377582;Nivea;0.2000;l;;19.95;3.99;4.49;02.05.2025;4.49;9005800369495;Kozmetika
©AMPON NIVEA BABY 200 ml;377584;Nivea;0.2000;l;;20.45;4.09;4.49;02.05.2025;4.49;9005800369099;Kozmetika
KREMA NIVEA BABY 75 ml;377586;Nivea;0.0750;l;;30.53;2.29;2.79;02.05.2025;2.79;9005800371290;Kozmetika
LOS.NIVEA BABY HIDRATAN 500 ml;377588;Nivea;0.5000;l;;13.38;6.69;7.99;02.05.2025;7.99;9005800369143;Kozmetika
VAFEL FRONDI KOKOS KRA© 250 g;377590;Kra¹;0.2500;kg;2.59;10.36;;;02.05.2025;1.99;3850102010066;Hrana
KREMA NIVEA BABY 100 ml;377592;Nivea;0.1000;l;;50.90;5.09;5.49;02.05.2025;5.49;9005800369150;Kozmetika
©TRU.KRA© JABU.PREKRA©NI 200 g;377595;Kra¹;0.2000;kg;1.99;9.95;;;02.05.2025;1.99;3850102009985;Hrana
VL.MAR.TODDIES NIVEA BABY 57/1;377598;Nivea;57.0000;kom;;0.04;2.39;2.99;02.05.2025;2.99;9005800369235;Toaletne potrep¹tine
VL.MAR.NIVEA BABY FRE&PUR.57/1;377601;Nivea;57.0000;kom;;0.05;2.79;3.29;02.05.2025;3.29;9005800369228;Toaletne potrep¹tine
©TRU.KRA© SMOK.PREKRA©NI 200 g;377604;Kra¹;0.2000;kg;1.99;9.95;;;02.05.2025;1.99;3850102012794;Hrana
VL.MAR.NIVEA BABY SOFT&CR.2X57;377605;Nivea;114.0000;kom;;0.04;4.69;5.75;02.05.2025;5.75;9005800374413;Toaletne potrep¹tine
©TRU.KRA© MIJE.VOÆE PREK.200 g;377607;Kra¹;0.2000;kg;1.99;9.95;;;02.05.2025;1.99;3850102009992;Hrana
VL.MAR.NIVEA BABY SOFT&CR.4X57;377609;Nivea;228.0000;kom;;0.04;8.09;8.99;02.05.2025;8.99;9005800374420;Toaletne potrep¹tine
©AMPON NIVEA BABY 200 ml;377611;Nivea;0.2000;l;;20.45;4.09;4.49;02.05.2025;4.49;9005800369174;Kozmetika
BOMB.TIC-TAC VI©NJA LIMUN 18 g;377624;Tic Tac;0.0180;kg;0.85;47.22;;;02.05.2025;0.85;80916666;Hrana
UMAK FANT 4 VRSTE SIRA 42 g;377629;Podravka;0.0420;kg;1.39;33.10;;;02.05.2025;1.39;3856020269432;Hrana
UMAK FANT SA ZEL.PAPROM 30 g;377630;Podravka;0.0300;kg;1.39;46.33;;;02.05.2025;1.39;3856020269463;Hrana
FANT KREM DELIKATESNI UMAK 40g;377635;Podravka;0.0400;kg;1.39;34.75;;;02.05.2025;1.39;3856020269494;Hrana
UMAK FANT CURRY 28 g;377638;Podravka;0.0280;kg;1.39;49.64;;;02.05.2025;1.39;3856020269401;Hrana
RADLER KARLOVAÈK.LIMUN 4X0,5 L;377639;Karlovacko;2.0000;L;5.61;2.81;;;02.05.2025;5.61;3850103001995;Piæa
PATRONE WILKINSON HYBRID 4/1;377640;Wilkinson;4.0000;kom;3.99;1.00;;3.79;02.05.2025;5.49;4027800503605;Kozmetika
BRI.WILKINSON BRIJ.1+4 PATRONA;377641;Wilkinson;1.0000;kom;4.95;4.95;;4.95;02.05.2025;4.95;4027800106004;Kozmetika
PUD.ÈOKO-BANANA PODR.PREM.44 g;377642;Podravka;0.0440;kg;0.99;22.50;;;02.05.2025;0.99;3856020263294;Hrana
KUPKA NIVEA BABY BLAGA 450 ml;377643;Nivea;0.4500;l;;14.87;6.69;7.99;02.05.2025;7.99;9005800369167;Kozmetika
KEKS NOBLICE BANINI 222 g;377644;Banini;0.2220;kg;1.69;7.61;;;02.05.2025;1.69;8600462042536;Hrana
VANILIN ©EÆER U PRAHU POD.100g;377647;Podravka;0.1000;kg;1.09;10.90;;;02.05.2025;1.09;3856020270742;Hrana
KREKER SCHAR 50 g;377648;Schar;0.0500;kg;;25.40;1.27;1.59;02.05.2025;1.59;8008698044742;Hrana
KEKS OREO REMIX TIRAMISU 157 g;377649;Oreo;0.1570;kg;2.19;13.95;;;02.05.2025;1.69;7622201389215;Hrana
UM.POD.VEG.GR.TERIYAKI-MED 75g;377650;Podravka;0.0750;kg;1.29;17.20;;;02.05.2025;1.29;3856020269913;Hrana
KEKSI SCHAR WILD BISC.115 g;377651;Schar;0.1150;kg;;27.74;3.19;3.99;02.05.2025;3.99;8008698041369;Hrana
UM.POD.VEG.GR.SENF MED.BI. 75g;377652;Podravka;0.0750;kg;1.29;17.20;;;02.05.2025;1.29;3856020269975;Hrana
MRAMORNI KOLAÈ SCHAR 250 g;377653;Schar;0.2500;kg;;17.96;4.49;5.99;02.05.2025;5.99;8008698009024;Hrana
UM.POD.VEG.GR.SWEET CHILI 75g;377654;Podravka;0.0750;kg;1.29;17.20;;;02.05.2025;1.29;3856020270001;Hrana
SLAD.SCHOLLER EIS HITS 8x65 ml;377655;Nestle;0.5200;L;5.99;11.52;;;02.05.2025;5.99;5900130037578;Hrana
KOLAÈ SCHAR LIMUN 250 g;377656;Schar;0.2500;kg;;17.96;4.49;5.99;02.05.2025;5.99;8008698013663;Hrana
SLA.PISTAC.SPAR PREMIUM 480 ml;377657;SPAR PREMIUM;0.4800;L;5.99;12.48;;;02.05.2025;5.99;9100000716619;Hrana
SLA.©TAP.NARANÈA SPAR 10x40 g;377658;SPAR Qualitätsmarke;0.4000;kg;3.49;8.73;;;02.05.2025;3.49;9100000986227;Hrana
TORTILJA OL EL PASO B.G.216 g;377659;;0.2160;kg;;12.45;2.69;3.99;02.05.2025;3.99;8410076474001;Hrana
ÈOKOPEKMEZ PODRAVKA  350 g;377661;Podravka;0.3500;kg;2.99;8.54;;;02.05.2025;2.99;3856020270247;Hrana
SOK NATURA MALINA 700 ml;377663;Natura;0.7000;l;4.02;5.74;;;02.05.2025;4.02;3838945042291;Piæa
SLA.NUII MINI AUS/N.ZEL.6x43 g;377665;;0.2580;kg;5.99;23.22;;;02.05.2025;5.99;5900130040189;Hrana
SLA.NUII MINI IND.MANGO 6x45 g;377666;;0.2700;kg;5.99;22.19;;;02.05.2025;5.99;5900130040219;Hrana
DEO NIVEA ROLL ON SPORT 50 ml;377670;Nivea;0.0500;l;4.99;99.80;;;02.05.2025;4.99;9005800379500;Kozmetika
KETCHUP PODRAVKA LJUTI 310 g;377671;Podravka;0.3100;kg;1.49;4.81;;;02.05.2025;1.49;3856020273910;Hrana
KETCHUP PODRAVKA BLAGI 310 g;377674;Podravka;0.3100;kg;1.49;4.81;;;02.05.2025;1.49;3856020273880;Hrana
OME.LENOR DESIRABLE 925 ml;377675;Lenor;0.9250;l;3.49;3.77;;3.49;02.05.2025;3.49;8700216162722;Sredstva za èi¹æenje
OME.LENOR INGENUOUS 925 ml;377676;Lenor;0.9250;L;3.49;3.77;;3.49;02.05.2025;3.49;8700216162753;Sredstva za èi¹æenje
VEGAN MIKS ZA GOLDNUG.180 g;377679;Bauck;0.1800;kg;3.99;22.17;;;02.05.2025;3.99;4015637019307;Hrana
DOLCELA MJE©.VANILIJA 40 g;377680;Podravka;0.0400;kg;1.59;39.75;;;02.05.2025;1.59;3856020269647;Hrana
DOLC.MJE©.MUG CAKE ÈOKO. 50 g;377681;Podravka;0.0500;kg;0.99;19.80;;;02.05.2025;0.99;3856020272111;Hrana
DOLCELA BROWNIES 225 g;377685;Podravka;0.2250;kg;3.99;17.73;;;02.05.2025;3.99;3856020271787;Hrana
DOLCELA POGAÈICE SA SIROM 360g;377686;Podravka;0.3600;kg;3.99;11.08;;;02.05.2025;3.99;3856020269678;Hrana
TJE.ZL.POLJ.MINI PENNE 400 g;377687;Zlato Polje;0.4000;kg;1.99;4.98;;;02.05.2025;1.99;3838700330069;Hrana
TJE.ZL.POLJ.MINI RIGATONI 400g;377688;Zlato Polje;0.4000;kg;1.99;4.98;;;02.05.2025;1.99;3838700330076;Hrana
Kruh kukuruzni beskvasni 400 g;377689;Bäckerei SPAR;0.4000;kg;1.45;3.63;;;02.05.2025;1.45;;Hrana
MG DIREKT ESENCIA 20/1;377690;;20.0000;kom;6.49;0.32;;;02.05.2025;6.49;3858894620067;Hrana
MULTIVITAMIN DIR.ESENCIA 20/1;377692;;20.0000;kom;4.99;0.25;;;02.05.2025;4.99;3858894620104;Hrana
VRH.KIS.22,5%M.M.MEGGLE 430 g;377693;;0.4300;kg;2.69;6.26;;;02.05.2025;2.69;3870085020784;Hrana
VITAMIN C DIREKT ESENCIA 20/1;377694;;20.0000;kom;4.49;0.22;;;02.05.2025;4.49;3858894620081;Hrana
VARIVO GRAH JEÈ.PODRAVKA 106 g;377696;Podravka;0.1060;kg;2.29;21.60;;;02.05.2025;2.29;3856020269227;Hrana
HANGON ESENCIA 6/1;377697;;6.0000;kom;10.99;1.83;;;02.05.2025;10.99;3858894620203;Hrana
VARIVO POVR.I M.PODRAVKA 86 g;377698;Podravka;0.0860;kg;2.29;26.63;;;02.05.2025;2.29;3856020269289;Hrana
VARIVO ©AM.POVR.T.PODRAVKA 95g;377699;Podravka;0.0950;kg;2.29;24.11;;;02.05.2025;2.29;3856020269258;Hrana
EDT LA RIVE HITFIRE MEN 90 ml;377702;La Rive;0.0900;l;11.25;125.00;;;02.05.2025;11.25;5906735234008;Kozmetika
KIMCHI M.FARMER KURKUMA 320 g;377708;;0.3200;kg;6.49;20.28;;;02.05.2025;6.49;5600797937180;Hrana
KIMCHI M.FARMER BLAGI 320 g;377709;;0.3200;kg;6.49;20.28;;;02.05.2025;6.49;5600797937456;Hrana
KIMCHI M.FARMER LJUTI 320 g;377710;;0.3200;kg;6.49;20.28;;;02.05.2025;6.49;5600797937364;Hrana
EDT LA RIVE HER CHOICE 100 ml ;377713;La Rive;0.1000;l;11.25;112.50;;;02.05.2025;11.25;5903719640909;Kozmetika
KUKURUZ ©EÆERAC 2/1;377727;;2.0000;kom;1.69;0.85;;;02.05.2025;2.49;3613078000109;Hrana
EDT LA RIVE METPHOR 90 ml ;377728;La Rive;0.0900;l;11.25;125.00;;;02.05.2025;11.25;5903719643276;Kozmetika
EDT LA RIVE CASH  MEN 100 ml;377730;La Rive;0.1000;l;11.25;112.50;;;02.05.2025;11.25;5906735234411;Kozmetika
EDT LA RIVE EXTREME ST.75 ml;377731;La Rive;0.0750;l;11.25;150.00;;;02.05.2025;11.25;5901832063223;Kozmetika
SLAD.KING SEDUCTION 3x100 ml;377732;King;0.3000;L;6.99;23.30;;;02.05.2025;6.99;3850116064536;Hrana
INS.KAVA NESCA.3U1 FRAPPE 15 g;377744;Nescafe;0.0150;KG;0.35;23.33;;;02.05.2025;0.35;8445291182646;Piæa
INS.KAVA JACOBS CRO.GOLD 250 g;377748;Jacobs;0.2500;KG;14.99;59.96;;;02.05.2025;12.99;8711000571170;Piæa
Kruh mali bijeli domaæi 350 g;377750;Eigenbedarf;0.3500;kg;0.51;1.46;;;02.05.2025;0.51;;Hrana
TORTEL. AURELIA PURETINA 250 g;377757;Aurelia;0.2500;kg;2.75;11.00;;;02.05.2025;2.75;3859890561101;Hrana
ÈOK.SAMO TI MALINA 100 g;377758;Zvecevo;0.1000;kg;;8.90;0.89;1.29;02.05.2025;1.29;3858888573829;Hrana
LISNATI PRUTIÆI DESPAR 200 g;377759;DESPAR;0.2000;kg;1.25;6.25;;;02.05.2025;1.25;8001300800118;Hrana
TORTELLONI AURELIA PR©UT 450 g;377760;Aurelia;0.4500;kg;4.69;10.42;;;02.05.2025;4.69;3859893533969;Hrana
MJE©.SU©.VOÆA SPAR VITAL 30 g;377769;SPAR Vital;0.0300;kg;2.99;99.67;;;02.05.2025;2.99;9100000005249;Hrana
GRISINI SPAR VIT PROTEIN.200 g;377770;SPAR Vital;0.2000;kg;3.39;16.95;;;02.05.2025;3.39;9100000006895;Hrana
JAG.SU©.SPAR VITAL 30 g;377771;SPAR Vital;0.0300;kg;2.99;99.67;;;02.05.2025;2.99;9100000005263;Hrana
SP.FK GULA© S OKRUG.330 g;377773;SPAR Feine Küche;0.3300;kg;3.79;11.48;;;02.05.2025;3.79;9100000774510;Hrana
SP.FK CARSKI DROBLJENAC 330 g;377774;SPAR Feine Küche;0.3300;kg;3.79;11.48;;;02.05.2025;3.79;9100000774633;Hrana
SP.FK MESNE OKR.S PIR.330 g;377775;SPAR Feine Küche;0.3300;kg;2.99;9.06;;;02.05.2025;2.99;9100000104669;Hrana
SP.FK KRPICE SA ZELJEM 400 g;377776;SPAR Feine Küche;0.4000;kg;2.99;7.48;;;02.05.2025;2.99;9100000703510;Hrana
SP.FK VAR.KRUM.S HRENOV.50 g;377779;SPAR Feine Küche;0.4500;kg;3.79;8.42;;;02.05.2025;3.79;9100000714547;Hrana
SP.FK BEÈKI ODREZAK 2X125 g;377782;SPAR Feine Küche;0.2500;kg;4.99;19.96;;;02.05.2025;4.99;9100000156323;Hrana
SP.FK TORTELL.S MESOM 500 g ;377784;SPAR Feine Küche;0.5000;kg;4.49;8.98;;;02.05.2025;4.49;9100000104102;Hrana
SIR LEERDAMMER ORIGINAL140 g;377787;Leerdammer;0.1400;kg;3.59;25.64;;;02.05.2025;3.59;8721800401294;Hrana
SIR LEERDAMMER ORIGINAL 250 g;377789;Leerdammer;0.2500;kg;5.19;20.76;;;02.05.2025;5.19;8721800082110;Hrana
GEL TU©.DOVE COMFORT 700 ml;377792;Dove;0.7000;l;;7.84;5.49;8.59;02.05.2025;8.59;8720181375231;Kozmetika
SALATA COLE-SLAW SPAR 350 g ;377793;SparBBQ;0.3500;kg;2.59;7.40;;;02.05.2025;2.59;9100000007427;Hrana
KRUMPIR SALATA SPAR BBQ 350 g;377796;SparBBQ;0.3500;kg;2.59;7.40;;;02.05.2025;2.59;9100000007403;Hrana
ULJE MASL.EKS DJ.MARKO P.0,5 L;377801;;0.5000;L;13.99;27.98;;;02.05.2025;13.99;3859888154230;Hrana
KREMA OLIVAL ROUTEEN  50 ml;377802;;0.0500;l;6.90;138.00;;;02.05.2025;6.90;3858892694787;Kozmetika
SERUM OLIVAL ROUTEEN 30 ml;377804;Olival;0.0300;kom;8.90;296.67;;;02.05.2025;8.90;3858892694770;Kozmetika
KREMA OLIVAL ROUTE.SILKY 50 ml;377805;Olival;0.0500;l;7.90;158.00;;;02.05.2025;7.90;3858892694794;Kozmetika
©LAG SPREJ SPAR 36% M.M 250 ml;377818;SPAR;0.2500;L;2.49;9.96;;;02.05.2025;2.49;9100000011738;Hrana
©LAG SPREJ S BU 30%M.M. 250 ml;377819;S-Budget;0.2500;L;2.29;9.16;;;02.05.2025;2.29;9100000011769;Hrana
INDIJ.ORA©ÈIÆI NATUR PUR 500 g;377821;Natur pur;0.5000;kg;6.49;12.98;;;02.05.2025;6.49;9100000021294;Hrana
DRESING BALSAMICO 230 ml;377847;;0.2300;L;2.49;10.83;;;02.05.2025;2.49;4006824003698;Hrana
JOG. GRÈKI TIP VILIKIS 900 g;377848;;0.9000;kg;;3.43;3.09;3.79;02.05.2025;3.79;3850108039184;Hrana
ÈIPS NATUR PUR BATAT 75 g;377850;Natur pur;0.0750;kg;2.49;33.20;;;02.05.2025;2.99;9100000899039;Hrana
ÈIPS NATUR PUR CIKLA 75 g;377851;Natur pur;0.0750;kg;2.24;29.87;;2.24;02.05.2025;2.99;9100000907789;Hrana
DUOP.LAY´S SLANI I PAP.260 g;377855;Lay's;0.2600;kg;2.79;10.73;;;02.05.2025;2.79;3858889367120;Hrana
SLAD.DESERT SL.KARAM.150 g;377856;;0.1500;kg;5.99;39.93;;;02.05.2025;5.99;9120070100408;Hrana
SLAD.DESERT JOG.-AMARENA 150 g;377857;;0.1500;kg;5.99;39.93;;;02.05.2025;5.99;9120070100422;Hrana
DEO SPR.STR 8 ORIGINAL  150 ml;377874;Str8;0.1500;L;;18.60;2.79;3.50;02.05.2025;3.50;5201314153542;Kozmetika
DEO SPR.STR 8 RED CODE  150 ml;377875;Str8;0.1500;l;;18.60;2.79;3.50;02.05.2025;3.50;5201314153573;Kozmetika
DEO SPR.STR 8 GAME   150 ml;377876;Str8;0.1500;l;;18.60;2.79;3.50;02.05.2025;3.50;5201314170457;Kozmetika
GEL TU©.STR8 RED CODE 250 ml;377877;Str8;0.2500;l;;6.68;1.67;2.09;02.05.2025;2.09;5201314149903;Kozmetika
GEL TU©.STR8 RED GAME  250 ml;377878;Str8;0.2500;l;;6.68;1.67;2.09;02.05.2025;2.09;5201314170372;Kozmetika
GEL TU©.STR8 ORIGINAL  250 ml;377879;Str8;0.2500;l;;6.68;1.67;2.09;02.05.2025;2.09;5201314149880;Kozmetika
LOSION POS.STR8 BRIJAN.R 50 ml;377880;Str8;0.0500;l;;103.80;5.19;6.49;02.05.2025;6.49;5201314149811;Kozmetika
LOSION POS.STR8 BRIJAN.G 50 ml;377881;Str8;0.0500;l;;103.80;5.19;6.49;02.05.2025;6.49;5201314170358;Kozmetika
LOSION POS.STR8 BRIJAN.O 50 ml;377882;Str8;0.0500;l;;103.80;5.19;6.49;02.05.2025;6.49;5201314149767;Kozmetika
GEL AGRADO POSLJE SUN.A 200 ml;377883;AGRADO;0.2000;L;4.99;24.95;;;02.05.2025;4.99;8433295062248;Kozmetika
SP.DJ.AGRADO SU. SPF 50 200 ml;377884;AGRADO;0.2000;L;19.59;97.95;;;02.05.2025;19.59;8433295062231;Kozmetika
LOS.AGRADO DJEÈJ.SPF 50 250 ml;377885;AGRADO;0.2500;L;19.50;78.00;;;02.05.2025;19.50;8433295073121;Kozmetika
KREM.AGRADO SUN. SPF30 250 ml;377896;AGRADO;0.2500;l;13.99;55.96;;;02.05.2025;13.99;8433295065560;Kozmetika
KREM.AGRADO SUN. SPF50 250 ml;377897;AGRADO;0.2500;l;16.99;67.96;;;02.05.2025;16.99;8433295087104;Kozmetika
KREM.AGRADO SUN. SPF50 100 ml;377898;AGRADO;0.1000;l;7.99;79.90;;;02.05.2025;7.99;8433295083328;Kozmetika
SPREJ AGRADO SUHI SPF30 200 ml;377900;AGRADO;0.2000;l;15.59;77.95;;;02.05.2025;15.59;8433295060770;Kozmetika
SPREJ AGRADO SUHI SPF50 75 ml;377901;AGRADO;0.0750;l;11.99;159.87;;;02.05.2025;11.99;8433295062132;Kozmetika
KRUH DOMAÆI MEDITERANEO 400 g;377911;;0.4000;kg;2.19;5.48;;;02.05.2025;2.19;3830085170483;Hrana
TOAST KLARA  AMER.SANDW.750 g;377913;;0.7500;kg;2.99;3.99;;;02.05.2025;2.99;3856016906945;Hrana
GEL NIVEA ZA TU©IR. STA 500 ml;377933;Nivea;0.5000;l;5.89;11.78;;;02.05.2025;5.89;9005800317892;Kozmetika
GEL NIVEA GEL ZA TU©.RO 500 ml;377934;Nivea;0.5000;l;5.89;11.78;;;02.05.2025;5.89;9005800263601;Kozmetika
SIRNI NAMAZ LABNE PRESID.100 g;377942;President;0.1000;kg;0.99;9.90;;;02.05.2025;0.99;8692971431604;Hrana
Torta Monte lopta 2150 g;377945;Bäckerei SPAR;2.1500;kg;27.99;13.02;;;02.05.2025;27.99;;Hrana
JOG.DUKATOS DIVINE ÈOKO.150 g;377950;Dukat;0.1500;kg;1.19;7.93;;;02.05.2025;1.19;3850354018391;Hrana
JOG.DUKAT.DIVINE KARAMEL.150 g;377951;Dukat;0.1500;kg;1.19;7.93;;;02.05.2025;1.19;3850354018377;Hrana
PUD.PROT.STAY STRO.KAKAO 200 g;377952;Dukat;0.2000;kg;1.55;7.75;;;02.05.2025;1.55;3850354018490;Hrana
PUD.PROT.STAY STRO.VANIL.200 g;377955;Dukat;0.2000;kg;1.55;7.75;;;02.05.2025;1.55;3850354018551;Hrana
PUD.PROT.STAY STRO.LJE©.200 g;377956;Dukat;0.2000;kg;1.55;7.75;;;02.05.2025;1.55;3850354018612;Hrana
DES.PROT.MOUS.STAY KAKAO 165 g;377961;Dukat;0.1000;kg;1.59;15.90;;;02.05.2025;1.59;3850354018438;Hrana
BIO JAGODA 250 g;377967;;0.2500;kg;1.99;7.96;;;02.05.2025;2.09;3859893093616;Hrana
GEL ZA TU©.LACTOVIT LAC.300 ml;377971;Lactovit;0.3000;l;2.69;8.97;;;02.05.2025;2.69;8411135008465;Kozmetika
SLAD.QUATTRO LINO LADA 1500 ml;377984;Quattro;1.5000;L;;3.99;5.99;7.49;02.05.2025;7.49;3850116064239;Hrana
PIZZA MARGHERITA MEGIC 380 g;377994;;0.3800;kg;5.29;13.92;;;02.05.2025;5.29;8026517000267;Hrana
PIZZA ©UNKA GLJIVE MEG.430 g;377995;;0.4300;kg;5.99;13.93;;;02.05.2025;5.99;8026517006009;Hrana
PIZZA DIAVOLA MEGIC 400 g;377996;;0.4000;kg;5.99;14.98;;;02.05.2025;5.99;8026517000328;Hrana
LOSOS FJK UMAK SENF 110 g ;378005;Franz Jozef Kaiser;55.0000;kg;2.89;0.05;;;02.05.2025;2.89;8595241524887;Hrana
LOSOS FJK UMAK RAJÈICA 110 g ;378007;Franz Jozef Kaiser;55.0000;kg;2.89;0.05;;;02.05.2025;2.89;8595241524900;Hrana
BOJA SYOSS OLEO CRV.ÐUM.7-77;378015;Syoss;1.0000;kom;6.79;6.79;;;02.05.2025;6.79;9000101661187;Kozmetika
BOJA SYOSS OLEO PJE.PLAVA 8-68;378016;Syoss;1.0000;kom;6.79;6.79;;;02.05.2025;6.79;9000101705867;Kozmetika
MUESLI HIPP VOÆE BIO 200 g;378018;Hipp;0.2000;kg;2.99;14.95;;;02.05.2025;2.99;4062300256385;Hrana
MUESLI HIPP BAN.©UM.VOÆE 200 g;378019;Hipp;0.2000;kg;2.99;14.95;;;02.05.2025;2.99;4062300378391;Hrana
GEL SYOSS Z. KMAX HOLD  250 ml;378023;Syoss;0.2500;l;;20.76;5.19;5.69;02.05.2025;5.69;9000100591010;Kozmetika
VOÆ.PLOÈICA HIPP BAN.JAB.20 g;378025;Hipp;0.0200;kg;.89;44.50;;;02.05.2025;0.90;4062300362239;Hrana
VOÆ.PLOÈICA HIPP BAN.JAB.20 g;378026;Hipp;0.0200;kg;.89;44.50;;;02.05.2025;0.90;4062300362246;Hrana
VOSAK SYOSS M.HOLD 150 ml;378027;Syoss;0.1500;l;;34.60;5.19;5.69;02.05.2025;5.69;9000101681543;Kozmetika
LAK GOT2B ZA KOSU GLUED 300 ml;378029;Got2b;0.3000;l;6.99;23.30;;;02.05.2025;6.99;9000101290875;Kozmetika
KUPKA TESORI BYZANTIUM 500 ml;378052;Tesori;0.5000;l;4.29;8.58;;;02.05.2025;4.29;8008970040738;Kozmetika
KUPKA TESORI AYUREDA 500 ml;378053;Tesori;0.5000;l;4.29;8.58;;;02.05.2025;4.29;8008970043630;Kozmetika
KUPKA TESORI KARMA 500 ml;378054;Tesori;0.5000;l;4.29;8.58;;;02.05.2025;4.29;8008970057507;Kozmetika
GEL TESORI ZA TU© HAMM.250 ml;378055;Tesori;0.2500;l;2.59;10.36;;;02.05.2025;2.59;8008970005621;Kozmetika
GEL TESORI ZA TU© BYZA.250 ml;378056;Tesori;0.2500;l;2.59;10.36;;;02.05.2025;2.59;8008970040745;Kozmetika
GEL TESORI ZA TU© AYUR.250 ml;378057;Tesori;0.2500;l;2.59;10.36;;;02.05.2025;2.59;8008970043647;Kozmetika
DEO SPR.TESORI HAMMAM 150 ml;378058;Tesori;0.1500;l;3.89;25.93;;;02.05.2025;3.89;8008970036908;Kozmetika
DEO SPR.TESORI AYURVE 150 ml;378059;;0.1500;l;3.89;25.93;;;02.05.2025;3.89;8008970051062;Kozmetika
OMEK©. TESORI BYZ. 760 ml;378061;Tesori;0.7600;l;;3.93;2.99;4.49;02.05.2025;4.49;8008970055237;Sredstva za èi¹æenje
DEO SPR.TESORI IMPER.150 ml;378062;Tesori;0.1500;l;3.89;25.93;;;02.05.2025;3.89;8008970036939;Kozmetika
OMEK©. TESORI AYURVEDA 760 ml;378063;Tesori;0.7600;L;;3.93;2.99;4.49;02.05.2025;4.49;8008970055244;Sredstva za èi¹æenje
OMEK©.TESORI PERSIAN 760 ml;378064;Tesori;0.7600;l;;3.93;2.99;4.49;02.05.2025;4.49;8008970055268;Sredstva za èi¹æenje
OMEK.TESORI HAMMAM 760 ml;378066;Tesori;0.7600;l;;3.93;2.99;4.49;02.05.2025;4.49;8008970055213;Sredstva za èi¹æenje
PIVO KARLOVAÈKO SPEC.EDI.0,5 L;378081;Karlovacko;0.5000;L;1.02;2.04;;;02.05.2025;1.02;3850103902636;Piæa
KREMA ZIAJA ZA RUKE CER.100 ml;378087;Ziaja;0.1000;L;1.60;16.00;;;02.05.2025;1.60;5901887036388;Kozmetika
KREMA ZIAJA ZA RUKE KA©.100 ml;378089;Ziaja;0.1000;L;1.60;16.00;;;02.05.2025;1.60;5901887036395;Kozmetika
KREMA LICE ZIAJA MASLINA 50 ml;378091;Ziaja;0.0500;L;4.19;83.80;;;02.05.2025;4.19;5901887033226;Kozmetika
DN.KREMA LICE ZIAJA MLIJ.50 ml;378093;zhengwei zhang;0.0500;L;5.35;107.00;;;02.05.2025;5.35;5901887032212;Kozmetika
NO.KREMA LICE ZIAJA MLIJ.50 ml;378094;Ziaja;0.0500;L;5.35;107.00;;;02.05.2025;5.35;5901887032229;Kozmetika
GEL ZIAJA TU©. NARANÈA 500 ml;378098;Ziaja;0.5000;L;2.99;5.98;;;02.05.2025;2.99;5901887016236;Kozmetika
FLIPS CHEETOS PIZZA 85 g;378103;Cheetos;0.0850;kg;2.49;29.29;;;02.05.2025;2.49;5900259130839;Hrana
GEL TU©.ZIAJA MLIJEKO 500 ml;378104;Ziaja;0.5000;L;2.99;5.98;;;02.05.2025;2.99;5901887007241;Kozmetika
GEL TU©.ZIAJA KAKAO 500 ml;378109;Ziaja;0.5000;L;2.99;5.98;;;02.05.2025;2.99;5901887008316;Kozmetika
GEL TU©.ZIAJA MASLINA 500 ml;378112;Ziaja;0.5000;L;2.99;5.98;;;02.05.2025;2.99;5901887008309;Kozmetika
LOSION ZIAJA KA©MIR 400 ml;378114;Ziaja;0.4000;L;4.79;11.98;;;02.05.2025;4.79;5901887035930;Kozmetika
LOSION ZIAJA MLIJEKO 400 ml;378115;Ziaja;0.4000;L;4.79;11.98;;;02.05.2025;4.79;5901887018223;Kozmetika
ROLL ON ZIAJA ELEGANCE 60 ml;378116;Ziaja;0.0600;L;2.49;41.50;;;02.05.2025;2.49;5901887028192;Kozmetika
ROLL ON ZIAJA SENSITIVE 60 ml;378117;Ziaja;0.0600;L;2.49;41.50;;;02.05.2025;2.49;5901887028208;Kozmetika
ROLL ON ZIAJA ACTIVE 60 ml;378119;Ziaja;0.0600;L;2.49;41.50;;;02.05.2025;2.49;5901887010548;Kozmetika
MASKA ZIAJA MLIJEKO 200 ml;378120;Ziaja;0.2000;L;4.19;20.95;;;02.05.2025;4.19;5901887035534;Kozmetika
REGENER.ZIAJA MLIJEKO 200 ml;378121;Ziaja;0.2000;L;3.39;16.95;;;02.05.2025;3.39;5901887051312;Kozmetika
©AMPON ZIAJA MLIEKO 400 ml;378122;Ziaja;0.4000;L;4.89;12.23;;;02.05.2025;4.89;5901887035459;Kozmetika
TONIK ZIAJA ACAI BERRY 200 ml;378124;zhengwei zhang;0.2000;L;4.79;23.95;;;02.05.2025;4.79;5901887042259;Kozmetika
MICELARNA VODA ZIAJA 390 ml;378125;Ziaja;0.3900;L;5.39;13.82;;;02.05.2025;5.39;5901887050018;Kozmetika
RI®INE PAHULJICE HIPP 200 g;378135;Hipp;0.2000;kg;2.39;11.95;;;02.05.2025;2.39;9062300113478;Hrana
KOLAÈ MINI KREM©NITE 270 g;378136;;0.2700;kg;;11.07;2.99;3.34;02.05.2025;3.34;3858889619144;Hrana
ÈIPS PRINGLES SIR I LUK 165 g;378137;Pringles;0.1650;kg;1.79;10.85;;1.75;02.05.2025;3.49;5053990127641;Hrana
KOLAÈ MINI ZAG.KREM©NITE 300 g;378138;;0.3000;kg;;10.63;3.19;3.57;02.05.2025;3.57;3858889619120;Hrana
OME.ORNEL LUNAR 800 ml;378140;Ornel;0.8000;l;2.19;2.74;;1.99;02.05.2025;3.29;3850105186492;Sredstva za èi¹æenje
SRE.PINK STUFF ZA ÈI©ÆE.750 ml;378145;;0.7500;L;2.99;3.99;;;02.05.2025;2.99;5060033823682;Sredstva za èi¹æenje
INST.KAVA NESC.CREM.VREÆ.150 g;378148;Nescafe;0.1500;KG;7.39;49.27;;;02.05.2025;7.39;8445291256323;Piæa
SRE.PINK STUFF ZA KUPAO.750 ml;378150;;0.7500;L;2.99;3.99;;;02.05.2025;2.99;5060033820117;Sredstva za èi¹æenje
BILJ.MEDALJ.PILET. POP 230 g;378152;Pik;0.2300;kg;5.49;23.87;;;02.05.2025;5.49;3850139284461;Hrana
SRE.PINK STUFF ZA ÈI.3X100 g;378154;;0.3000;KG;6.99;23.30;;;02.05.2025;6.99;5060033821664;Sredstva za èi¹æenje
PASTA PINK STUFF ZA ÈI©Æ.850 g;378157;;0.8500;KG;4.49;5.28;;;02.05.2025;4.49;5060033821114;Sredstva za èi¹æenje
OMEK.ORNEL GLOW 800 ml;378186;Ornel;0.8000;l;2.19;2.74;;1.99;02.05.2025;3.29;3850105186522;Sredstva za èi¹æenje
KREMA COXIR  CRNI PU® OÈ 30 ml;378193;COXIR;0.0300;l;19.99;666.33;;;02.05.2025;19.99;8809080826317;Kozmetika
SERUM COXIR  CRNI PU® 50 ml;378195;COXIR;0.0500;L;16.99;339.80;;;02.05.2025;16.99;8809080826195;Kozmetika
ULJE  COXIR HYLAR.ÈI©Æ. 150 ml;378198;COXIR;0.1500;l;17.99;119.93;;;02.05.2025;17.99;8809080826348;Kozmetika
OMEK©.ORNEL LUNAR 1,6 L;378199;Ornel;1.6000;l;4.99;3.12;;;02.05.2025;4.99;3850105186584;Sredstva za èi¹æenje
MASKA  ZA LICE MIZON CICLAURO.;378200;Mizon;1.0000;KOM;3.29;3.29;;;02.05.2025;3.29;8809663752675;Kozmetika
OMEK©.ORNEL GLOW 1,6 L;378201;Ornel;1.6000;l;4.99;3.12;;;02.05.2025;4.99;3850105186614;Sredstva za èi¹æenje
MASKA MIZON ZA LICE PORE ;378202;Mizon;1.0000;KOM;3.89;3.89;;;02.05.2025;3.89;8809663754198;Kozmetika
DET.NILA MY PINK  2,7 L;378203;Ornel;2.7000;l;7.95;2.94;;;02.05.2025;4.59;3850105186874;Sredstva za èi¹æenje
BALZAM MIZON ZA ÈI©.LICA 80 g;378205;Mizon;0.0800;L;22.89;286.13;;;02.05.2025;22.89;8809606850345;Kozmetika
KREMA MIZON ZA LI.CICALU 50 ml;378206;Mizon;0.0500;l;29.99;599.80;;;02.05.2025;29.99;8809663753818;Kozmetika
PIÆE GRIN GUAVA 0,5 L;378207;;0.5000;L;2.02;4.04;;;02.05.2025;2.02;3858895210267;Piæa
MASKA  ZA LICE MIZON SMOKVA ;378208;Mizon;1.0000;KOM;2.79;2.79;;;02.05.2025;2.79;8809663755492;Kozmetika
MASKA  ZA LICE MIZON KAMELIJA ;378209;Mizon;1.0000;KOM;2.79;2.79;;;02.05.2025;2.79;8809663755461;Kozmetika
MASKA  ZA LICE MIZON SRCE LI.;378210;Mizon;1.0000;KOM;2.79;2.79;;;02.05.2025;2.79;8809663755508;Kozmetika
GIN GORD.PASS.FRU. 0,7 L;378212;;0.7000;L;21.99;31.41;;;02.05.2025;21.89;5000289934800;Piæa
MASKA ZA KOS.CRAZY HAIR 300 ml;378217;;0.3000;L;7.99;26.63;;;02.05.2025;7.99;5907775547127;Kozmetika
PANIRANI PROTEIN ODRESCI 250 g;378220;Cekin;0.2500;kg;4.99;19.96;;;02.05.2025;4.99;3850159141102;Hrana
WHISKEY SHAN.WHIP 0,7 L;378221;;0.7000;L;28.02;40.03;;;02.05.2025;28.02;0810035510104;Piæa
SALVETE 33x33cm NOGOMET ;378223;;20.0000;kom;1.99;0.10;;;02.05.2025;1.99;5906664005557;Proizvodi za kuæanstvo
MASKA ZA KOS.CRAZY HAIR 300 ml;378226;;0.3000;L;7.99;26.63;;;02.05.2025;7.99;5907775547134;Kozmetika
SERUM CRAZY HAIR ZA KOSU 50 ml;378227;;0.0500;L;6.99;139.80;;;02.05.2025;6.99;5907775548063;Kozmetika
SPREJ CRAZY HAIR ZAST.T.100 ml;378228;;0.1000;l;7.99;79.90;;;02.05.2025;7.99;5907775548070;Kozmetika
ULJE CRAZY HAIR ZA KOS.100 ml;378229;;0.1000;L;6.99;69.90;;;02.05.2025;6.99;5907775546380;Kozmetika
VINO AR.STARLINO ELDEL. 0,75 L;378230;;0.7500;L;16.02;21.36;;;02.05.2025;16.02;0810035510852;Piæa
©AMP.CRAZY HAIR 300 ml;378231;;0.3000;l;6.99;23.30;;;02.05.2025;6.99;5907775546328;Kozmetika
©AMP.CRAZY HAIR 300 ml;378232;;0.3000;l;6.99;23.30;;;02.05.2025;6.99;5907775546335;Kozmetika
VINO AR.STAR.ROSE 0,75 L;378233;;0.7500;L;16.02;21.36;;;02.05.2025;16.02;0810035510043;Piæa
REG.CRAZY HAIR KOKOS 300 ml;378235;;0.3000;L;6.99;23.30;;;02.05.2025;6.99;5907775546489;Kozmetika
GIN TON.OL.TO.PI. 0,25 L;378237;;0.2500;L;1.72;6.88;;;02.05.2025;1.72;8586019225570;Piæa
REG.CRAZY HAIR  ÈOKOL.250 ml;378239;;0.2500;L;6.99;27.96;;;02.05.2025;6.99;5907775546373;Kozmetika
GIN TON.OLD TOW.D 0,25 L;378240;;0.2500;L;1.72;6.88;;;02.05.2025;1.72;8586019225563;Piæa
REG.CRAZY HAIR  BANANA 250 ml;378241;;0.2500;L;6.99;27.96;;;02.05.2025;6.99;5907775546366;Kozmetika
REG.CRAZY HAIR  BUB.GUM 250 ml;378243;;0.2500;L;6.99;27.96;;;02.05.2025;6.99;5907775546359;Kozmetika
PILING CRAZY HAIR ZA KO.100 ml;378244;;0.1000;l;6.99;69.90;;;02.05.2025;6.99;5907775546410;Kozmetika
VINO MAG.MALVAZI.BENÈIÆ 0,75 L;378247;;0.7500;L;9.02;12.03;;;02.05.2025;9.02;3859888105010;Piæa
VINO MALVAZIJA BENÈIÆ 0,75 L;378248;;0.7500;L;7.02;9.36;;;02.05.2025;6.92;3859888105386;Piæa
VINO POL.MU©KAT BENÈIÆ 0,75 L;378249;;0.7500;L;9.49;12.65;;;02.05.2025;9.49;3859889514019;Piæa
VINO TERAN BENÈIÆ 0,75 L;378250;;0.7500;L;8.02;10.69;;;02.05.2025;8.02;3859888105218;Piæa
UMAK KUHNE SWEET CHILLI 250 ml;378251;Kühne;0.2500;l;3.29;13.16;;;02.05.2025;3.29;40122724;Hrana
SERUM ELSEVE NIGH.100 ml;378259;Elseve;0.1000;l;9.99;99.90;;;02.05.2025;9.99;3600524135775;Kozmetika
DJEÈJI ©AMPON HISKIN 300 ml ;378260;;0.3000;L;8.89;29.63;;;02.05.2025;8.89;5905359804901;Kozmetika
DJ.REGENERATOR HISKIN 250 ml ;378261;;0.2500;L;9.49;37.96;;;02.05.2025;9.49;5905359804895;Kozmetika
DJ.SPREJ HISKIN 150 ml ;378262;;0.1500;L;8.89;59.27;;;02.05.2025;8.89;5905359804888;Kozmetika
TEQUILA DON JULIO BLAN. 0,7 L;378263;;0.7000;L;62.39;89.13;;;02.05.2025;62.39;7506064300160;Piæa
DJ.AKTIVATOR HISKIN 150 ml ;378264;;0.1500;L;9.49;63.27;;;02.05.2025;9.49;5905359804871;Kozmetika
TEQUILA SIERRA CHILI 0,7 L;378265;;0.7000;L;19.99;28.56;;;02.05.2025;19.99;4062400168809;Piæa
DJ.©AMPON HISKIN 300 ml ;378266;;0.3000;L;8.89;29.63;;;02.05.2025;8.89;5905359804864;Kozmetika
DJ.REGENERATOR HISKIN 250 ml ;378269;;0.2500;L;9.49;37.96;;;02.05.2025;9.49;5905359804857;Kozmetika
DJ.REGENERATOR HISKIN 150 ml ;378273;;0.1500;L;8.89;59.27;;;02.05.2025;8.89;5905359804840;Kozmetika
RUM OLD PASCAS DARK 0,7 L;378274;;0.7000;L;12.99;18.56;;;02.05.2025;12.99;4062400527101;Piæa
DJ.SPREJ HISKIN 150 ml ;378275;;0.1500;L;9.49;63.27;;;02.05.2025;9.49;5905359804833;Kozmetika
GEL GARNIER ZA ÈI©.LICA 250 ml;378276;Garnier;0.2500;l;7.99;31.96;;;02.05.2025;7.99;3600542586030;Kozmetika
GIN HENDRICKS GR.CABARN. 0,7 L;378278;;0.7000;L;48.02;68.60;;;02.05.2025;48.02;5010327705910;Piæa
VINO RIOJA FREIXENET 0,75 L;378280;Freixenet;0.7500;L;10.02;13.36;;;02.05.2025;10.02;8410036809027;Piæa
MICELAR. GARNIER VOD.P. 400 ml;378281;Garnier;0.4000;L;7.59;18.98;;;02.05.2025;7.59;3600542607599;Kozmetika
GIN FINSBURRY STRAWBERY 0,7 L;378282;;0.7000;L;13.99;19.99;;;02.05.2025;13.99;4062400309202;Piæa
INT.SAPUN CHILLY DELICA.250 ml;378290;Chilly;0.2500;L;4.85;19.40;;;02.05.2025;4.85;8002410031690;Toaletne potrep¹tine
GRISSINI KIKIRIKI SEZAM 70 g;378291;;0.0700;kg;0.62;8.86;;;02.05.2025;0.62;8606108732441;Hrana
INT.SAPUN CHILLY FRESH 300 ml;378292;Chilly;0.3000;L;4.85;16.17;;;02.05.2025;4.85;8002410037364;Toaletne potrep¹tine
©AM.OLIVAL PASJI TRN  250ml;378294;Olival;0.2500;L;6.29;25.16;;;02.05.2025;6.29;3858892694916;Kozmetika
GRISSINI ©UNKA-SIR 70 g;378295;;0.0700;kg;0.62;8.86;;;02.05.2025;0.62;8606108732434;Hrana
GRISSINI MEDITERAN 70 g;378296;;0.0700;kg;0.62;8.86;;;02.05.2025;0.62;8606108732458;Hrana
SNACK MIX DELIZZIA 80 g;378297;;0.0800;kg;0.80;10.00;;;02.05.2025;0.80;8606108732496;Hrana
GEL MELEM ZA TU©.COLD 250 ml;378298;Melem;0.2500;l;2.99;11.96;;;02.05.2025;2.99;3856007911040;Kozmetika
TAB.SOMAT EXCELLENCE 65/1;378299;Somat;65.0000;kom;19.99;0.31;;;02.05.2025;19.99;9000101807875;Sredstva za èi¹æenje
GEL ZA KOSU RECEPT EXTR.150 ml;378300;Recept;0.1500;l;6.99;46.60;;;02.05.2025;6.99;3838980608513;Kozmetika
TAB.SOMAT EXCELLENC.75/1;378301;Somat;75.0000;kom;19.99;0.27;;;02.05.2025;19.99;9000101808742;Sredstva za èi¹æenje
KREMA ZA KOSU RECEPT 150 ml;378302;Recept;0.1500;l;6.99;46.60;;;02.05.2025;6.99;3838980608520;Kozmetika
INT.SAPUN XME MENTOL 300 ml;378306;Despar;0.3000;L;1.99;6.63;;;02.05.2025;1.99;8001300902409;Toaletne potrep¹tine
©AM.RECEPT CAFFEINE 400 ml;378307;Recept;0.4000;l;4.69;11.73;;;02.05.2025;4.69;3838980607868;Kozmetika
KAPSULE ARIEL LENOR FRESH 20/1;378308;Ariel;20.0000;kom;;0.60;11.99;13.99;02.05.2025;13.99;8700216357203;Sredstva za èi¹æenje
INT.SAPUN XME SLJEZ&ALO.300 ml;378309;Despar;0.3000;L;1.99;6.63;;;02.05.2025;1.99;8001300902416;Toaletne potrep¹tine
DOD.JEL.NAT.PUR ZAÈ.BILJE 33 g;378310;Natur pur;0.0330;kg;0.99;30.00;;;02.05.2025;0.99;9100000006123;Hrana
KAPSULE ARIEL AMETIST 36/1;378311;Ariel;36.0000;kom;18.99;0.53;;14.99;02.05.2025;14.99;8700216357128;Sredstva za èi¹æenje
DET.ARIEL FRESH AIR 1,7 L;378312;Ariel;1.7000;l;;7.05;11.99;13.99;02.05.2025;13.99;8700216340540;Sredstva za èi¹æenje
DET.ARIEL FRESH AIR 1,76 kg;378314;Ariel;1.7600;kg;;6.81;11.99;13.99;02.05.2025;13.99;8700216438025;Sredstva za èi¹æenje
SERUM NAJFINIJI HYALURON 30 ml;378315;NAJFINIJI;0.0300;L;12.99;433.00;;;02.05.2025;12.99;3859893913709;Kozmetika
MASLAC NAJFINJI BUR.OR.100 ml;378316;NAJFINIJI;0.1000;l;14.99;149.90;;;02.05.2025;14.99;3859893913792;Kozmetika
KAPSULE ARIEL MOUN.SPRING 31/1;378317;Ariel;31.0000;kom;14.99;0.48;;14.99;02.05.2025;14.99;8001090726971;Sredstva za èi¹æenje
KAPSULE ARIEL COL.FRESH 31/1;378318;Ariel;31.0000;kom;14.99;0.48;;14.99;02.05.2025;14.99;8001090726957;Sredstva za èi¹æenje
KREMA NAJFINJI ZA LIC.S.M50 ml;378320;NAJFINIJI;0.0500;l;14.99;299.80;;;02.05.2025;14.99;3859893913785;Kozmetika
PILING NAJFINIJI ARGAN 300 ml;378321;;0.3000;kg;7.99;26.63;;;02.05.2025;7.99;3859893913389;Kozmetika
©AM.HERBAL ESSENCE ARGA.350 ml;378322;Herbal Essences;0.3500;l;4.99;14.26;;;02.05.2025;4.99;8700216211345;Kozmetika
©AM.HERBAL ESSENCE ROSE 350 ml;378323;Herbal Essences;0.3500;l;4.99;14.26;;;02.05.2025;4.99;8700216211277;Kozmetika
©AM.HERBAL ESSENCE ORAN.350 ml;378324;Herbal Essences;0.3500;l;4.99;14.26;;;02.05.2025;4.99;8700216210713;Kozmetika
©AM.HERBAL ESSENCE COCO 350 ml;378325;Herbal Essences;0.3500;l;4.99;14.26;;;02.05.2025;4.99;8700216210843;Kozmetika
REG.HERBAL ESSENCE ARG.250 ml;378326;Herbal Essences;0.2500;l;4.99;19.96;;;02.05.2025;4.99;8700216211161;Kozmetika
REG.HERBAL ESSENCE ROSE 250 ml;378327;Herbal Essences;0.2500;l;4.99;19.96;;;02.05.2025;4.99;8700216211024;Kozmetika
REG.HERBAL ESSENCE ORAN.250 ml;378328;Herbal Essences;0.2500;l;4.99;19.96;;;02.05.2025;4.99;8700216210317;Kozmetika
REG.HERBAL ESSENCE COCO 250 ml;378329;Herbal Essences;0.2500;l;4.99;19.96;;;02.05.2025;4.99;8700216210393;Kozmetika
MASKA HERBAL ARGAN OIL 300 ml;378330;Herbal Essences;0.3000;l;6.99;23.30;;;02.05.2025;6.99;8700216210966;Kozmetika
MEXICANEZ WRAPS HAK 550 g;378338;;0.5500;kg;1.99;3.62;;;02.05.2025;1.99;8720600621659;Hrana
MEXICANEZ NACHOS HAK 550 g;378340;;0.5500;kg;3.39;6.16;;;02.05.2025;3.39;8720600621697;Hrana
MEXICANEZ TACOS HAK 550 g;378341;;0.5500;kg;3.39;6.16;;;02.05.2025;3.39;8720600621734;Hrana
SORBET MANGO MARAKU.CRO.500 ml;378342;;0.5000;L;7.99;15.98;;;02.05.2025;7.99;3859894052308;Hrana
KREM SLA.VAN.BOUR.CROCC.500 ml;378343;;0.5000;L;7.49;14.98;;;02.05.2025;7.49;3859894052315;Hrana
TJES.DE CECCO VERMICELLI 500 g;378344;De Cecco;0.5000;kg;3.39;6.78;;;02.05.2025;3.39;8001250121707;Hrana
EN.NAP.PRO GAME FOC.MAN.0,33 L;378345;Jamnica;0.3300;L;.99;3.00;;;02.05.2025;.99;3856028500469;Piæa
EN.NAP.PRO GAME STA.VI©.0,33 L;378346;Jamnica;0.3300;L;.99;3.00;;;02.05.2025;.99;3856028500438;Piæa
TONIC JAMNICA SENSATION 0,5 L;378347;Jamnica;0.5000;L;1.12;2.24;;;02.05.2025;1.12;3856028501244;Piæa
OSV.PIÆE TOCO JAB.RABARB.1,5 L;378348;;1.5000;L;1.69;1.13;;;02.05.2025;1.69;3856028501060;Piæa
OSVJ.PIÆE TOCO LIM.KRAST.1,5 L;378349;;1.5000;L;1.69;1.13;;;02.05.2025;1.69;3856028501121;Piæa
MED BAGREM OPG KLAIÆ 450 g;378350;;0.4500;kg;8.99;19.98;;;02.05.2025;8.99;3859894301017;Hrana
MED BAGREM OPG KLAIÆ 900 g;378352;;0.9000;kg;15.99;17.77;;;02.05.2025;15.99;3859894301000;Hrana
MED CVJETNI OPG KLAIÆ 900 g;378353;;0.9000;kg;15.99;17.77;;;02.05.2025;15.99;3859894301024;Hrana
MED CVJETNI OPG KLAIÆ 450 g;378359;;0.4500;kg;8.99;19.98;;;02.05.2025;8.99;3859894301031;Hrana
TONIC JAMNICA SENSATION 1,5 L;378360;Jamnica;1.5000;L;1.69;1.13;;;02.05.2025;1.69;3875000183278;Piæa
OSVJ.PIÆE TOCO LIM.KRAST.0,5 L;378361;;0.5000;L;1.05;2.10;;;02.05.2025;1.05;3856028501091;Piæa
OSVJ.PIÆE TOCO JAB.RABAR.0,5 L;378363;;0.5000;L;1.05;2.10;;;02.05.2025;1.05;3856028501039;Piæa
TP PALOMA EXCLUSIVE XXL 20/1;378364;Paloma;20.0000;kom;5.49;0.27;;;02.05.2025;5.49;3838952034005;Toaletne potrep¹tine
D®EM DIDA BO®A EKS.MALINA 240g;378369;Dida Boza;0.2400;kg;3.69;15.38;;;02.05.2025;3.69;3859894111180;Hrana
KEKS BISKREM KAKAO 160 g;378384;Biskrem;0.1600;kg;1.99;12.44;;;02.05.2025;1.99;5941664006814;Hrana
KREKERI S BUDGET SLANI 350 g;378387;S-Budget;0.3500;kg;1.89;5.40;;;02.05.2025;1.89;3831115340906;Hrana
GEL OLOVKA EVELINE 02 1/1 ;378411;Eveline;1.0000;kom;5.49;5.49;;;02.05.2025;5.49;5903416052487;Kozmetika
GEL OLOVKA EVELINE 01 1/1 ;378412;Eveline;1.0000;kom;5.49;5.49;;;02.05.2025;5.49;5903416052470;Kozmetika
GEL OLOVKA EVELINE 03 1/1 ;378413;Eveline;1.0000;kom;5.49;5.49;;;02.05.2025;5.49;5903416052494;Kozmetika
GEL OLOVKA EVELINE 04 1/1 ;378414;Eveline;1.0000;kom;5.49;5.49;;;02.05.2025;5.49;5903416066040;Kozmetika
GEL OLOVKA EVELINE 05 1/1 ;378416;Eveline;1.0000;kom;5.49;5.49;;;02.05.2025;5.49;5903416066057;Kozmetika
MASKARA EVELINE PLAVA 9 ml;378418;Eveline;1.0000;kom;5.39;5.39;;;02.05.2025;5.39;5903416058069;Kozmetika
KAPSULE DG.ESPRE.INTENSO 560 g;378419;Nescafe;0.5600;KG;20.99;37.48;;;02.05.2025;20.99;8445291433342;Piæa
KREMA ZA L.EVELINE M.8u1 50 ml;378421;Eveline;0.0500;L;6.99;139.80;;;02.05.2025;6.99;5901761967869;Kozmetika
KAPSULE DOLCE GU.CORTADO 504 g;378422;Nescafe;0.5040;KG;20.99;41.65;;;02.05.2025;20.99;8445291433526;Piæa
L. EVELINE LAQU 213 8 ml;378424;Eveline;1.0000;kom;2.55;2.55;;;02.05.2025;2.55;5903416054078;Kozmetika
GEL LAK LAQUE 216 8 ml;378425;Eveline;1.0000;kom;2.8;2.80;;;02.05.2025;2.8;5903416054108;Kozmetika
GEL LAK LAQUE 219 8 ml;378426;Eveline;1.0000;kom;2.8;2.80;;;02.05.2025;2.8;5903416048855;Kozmetika
GEL LAK LAQUE 265 8 ml;378427;Eveline;1.0000;kom;2.8;2.80;;;02.05.2025;2.8;5903416064244;Kozmetika
GEL LAK LAQUE 263 8 ml;378428;Eveline;1.0000;kom;2.8;2.80;;;02.05.2025;2.8;5903416064220;Kozmetika
GEL LAK LAQUE 218 8 ml;378429;Eveline;1.0000;kom;2.8;2.80;;;02.05.2025;2.8;5903416054122;Kozmetika
GEL LAK LAQUE 217 8 ml;378430;Eveline;1.0000;kom;2.8;2.80;;;02.05.2025;2.8;5903416054115;Kozmetika
GEL LAK LAQUE 220 8 ml;378431;Eveline;1.0000;kom;2.8;2.80;;;02.05.2025;2.8;5903416053781;Kozmetika
GEL LAK LAQUE 270 8 ml;378432;Eveline;1.0000;kom;2.8;2.80;;;02.05.2025;2.8;5903416066972;Kozmetika
GEL LAK LAQUE 276 8 ml;378433;Eveline;1.0000;kom;2.8;2.80;;;02.05.2025;2.8;5903416067023;Kozmetika
GEL LAK LAQUE 273 8 ml;378434;Eveline;1.0000;kom;2.8;2.80;;;02.05.2025;2.8;5903416067009;Kozmetika
GEL LAK LAQUE 275 8 ml;378435;Eveline;1.0000;kom;2.8;2.80;;;02.05.2025;2.8;5903416066903;Kozmetika
GEL SOMAT EXC.DUO 2x810 ml;378438;Somat;1.0500;l;19.99;19.04;;;02.05.2025;19.99;9000101819342;Sredstva za èi¹æenje
MLIJEKO TRAJNO BIO NP 3,8% 1 L;378441;Natur pur;1.0000;L;1.49;1.49;;;02.05.2025;1.49;9100000024172;Hrana
NJOKI SVJ. REBRASTI SB 500 g;378444;S-Budget;0.5000;kg;1.19;2.38;;;02.05.2025;1.19;8033954557070;Hrana
PIVO STAROPRAMEN 6x0,5 L;378445;Staropramen;3.0000;L;7.29;2.43;;;02.05.2025;7.29;3850131006153;Piæa
CARSKO MESO MARINIRANO ;378446;;1.0000;kg;7.99;7.99;;;02.05.2025;7.99;3858881611566;Hrana
KEKS ZOB.WELLNE.GRO®ÐICE 210 g;378447;Bambi;0.2100;kg;1.99;9.48;;;02.05.2025;1.99;8600043030532;Hrana
CHANDON GARDEN SPRITZ  0,75 L;378449;;0.7500;L;24.02;32.03;;;02.05.2025;24.02;7790975197456;Piæa
VINO MONTE PERD.ROSE 0,75 L;378450;;0.7500;L;11.02;14.69;;;02.05.2025;11.02;5604424000933;Piæa
LIKER AVELL.LJE©.PREMI. 0,7 L;378451;;0.7000;L;26.02;37.17;;;02.05.2025;26.02;3859889132220;Piæa
VINO MALVASIA LINIJA 0,75 L;378453;;0.7500;L;5.49;7.32;;;02.05.2025;5.49;3859889132640;Piæa
VINO TERAN ZIGANTE TAR. 0,75 L;378454;;0.7500;L;19.49;25.99;;;02.05.2025;19.49;3858891982533;Piæa
VINO SH.ROSE 0,75 L;378455;;0.7500;L;21.79;29.05;;;02.05.2025;21.79;3857500066923;Piæa
VINO SH POSH 0,75 L;378456;;0.7500;L;25.19;33.59;;;02.05.2025;25.19;3857500066947;Piæa
DET.VESH WHITE 3 kg;378462;Vesh;3.0000;kg;14.99;5.00;;;02.05.2025;14.99;3870128037021;Sredstva za èi¹æenje
ZAÈ.VEGETA FINO MLJEVENA 200g;378479;Podravka;0.2000;kg;1.99;9.95;;;02.05.2025;1.99;3856020270544;Hrana
TJES.PODR.MAC´N´CHEESE 160g;378485;Podravka;0.1600;kg;2.49;15.56;;;02.05.2025;2.49;3856020269319;Hrana
SRE.DR.BECKMANN ÈISTI.ZA 100 g;378487;Dr. Beckmann;0.1000;kg;2.99;29.90;;;02.05.2025;2.99;4008455583815;Sredstva za èi¹æenje
®ELIN SUPER DOLCELA 25g;378491;Podravka;0.0250;kg;0.99;39.60;;;02.05.2025;1.07;3856020269586;Hrana
OSVJ.PIÆE FRUCTAL JABUKA 0,4 L;378492;Fructal;0.4000;L;1.32;3.30;;;02.05.2025;1.32;3838945042352;Piæa
NAMAZ VOÆ.SUHA SMOKVA POD.350g;378495;Podravka;0.3500;kg;3.99;11.40;;;02.05.2025;3.99;3856020269807;Hrana
D®EM VI©.KUP.JAG.PODRAVKA 330g;378497;Podravka;0.3300;kg;2.99;9.06;;;02.05.2025;2.89;3856020270186;Hrana
D®EM JAGODA POD.SQUEEZE 330g;378498;Podravka;0.3300;kg;2.99;9.06;;;02.05.2025;2.89;3856020270155;Hrana
D®EM MARELICA PODR.SQUEEZ 330g;378499;Podravka;0.3300;kg;2.99;9.06;;;02.05.2025;2.89;3856020270124;Hrana
BADEMI SEEBERGER 200 g;378501;Seeberger;0.2000;kg;5.39;26.95;;;02.05.2025;5.39;4008258065013;Hrana
SLANINA PUREÆA 100 g ;378502;Vindija;0.1000;kg;2.02;20.20;;;02.05.2025;2.02;3850159128998;Hrana
ORASI OLJU©TENI SEEBERGER 200g;378503;Seeburger;0.1500;kg;5.39;35.93;;;02.05.2025;5.39;4008258130018;Hrana
OSVJ.PIÆE FRUCTAL JAGODA 0,4 L;378504;Fructal;0.4000;L;1.32;3.30;;;02.05.2025;1.32;3838945042376;Piæa
OSVJ.PIÆE FRUCTAL MALINA 0,4 L;378505;Fructal;0.4000;L;1.32;3.30;;;02.05.2025;1.32;3838945042369;Piæa
CIDER BUZDOVAN CRVE.JAB.0,33 L;378506;;0.3300;L;2.29;6.94;;;02.05.2025;2.29;3857500065414;Piæa
GEL TU©.DOVE HYDRATE 720 ml;378507;Dove;0.7200;l;7.49;10.40;;;02.05.2025;7.49;8720181466465;Kozmetika
CIDER BUZDOVAN SUHA JAB.0,33 L;378508;;0.3300;L;2.29;6.94;;;02.05.2025;2.29;3857500065407;Piæa
GEL TU©.DOVE PETAL SOFT 720 ml;378509;Dove;0.7200;l;7.49;10.40;;;02.05.2025;7.49;8720181471575;Kozmetika
CIDER BUZDOVAN JAB.BAZG.0,33 L;378510;;0.3300;L;2.29;6.94;;;02.05.2025;2.29;3857500065438;Piæa
CIDER BUZDOVAN JABU.ÐUM.0,33 L;378512;;0.3300;L;2.29;6.94;;;02.05.2025;2.29;3857500065469;Piæa
OSVJ.PIÆE FRUC BUBB.-GUM 0,5 L;378514;Fruc;0.5000;L;1.32;2.64;;;02.05.2025;1.32;3838945042796;Piæa
GEL MR.MUSCLE ZA ODVODE 500 ML;378515;Mr.Muscle;0.5000;L;4.19;8.38;;;02.05.2025;4.19;5000204316155;Sredstva za èi¹æenje
BADEMI BLAN©IR.SEEBERGER 200 g;378516;Seeberger;0.2000;kg;6.99;34.95;;;02.05.2025;6.99;4008258073049;Hrana
PIVO BECK´S 4X0,5 L 3+1 GRATIS;378518;Becks;1.5000;L;5.07;3.38;;;02.05.2025;5.07;3850131290125;Piæa
OCAT ACETO BALSAMICO 250 ml;378519;Monari;0.2500;l;7.99;31.96;;;02.05.2025;7.99;80674016;Hrana
©UNKA PUREÆA EXCLUSIVE 100 g;378521;Perutnina;0.1000;kg;1.79;17.90;;;02.05.2025;1.79;3838977050646;Hrana
GAZIRANO PIÆE COCA-COLA 0,3 L;378523;Coca-Cola;0.3000;L;.92;3.07;;;02.05.2025;.92;90338052;Piæa
OCAT ACETO BALSAMICO 250 ml;378535;Monari;0.2500;l;2.49;9.96;;;02.05.2025;2.49;8003185006012;Hrana
GAZIRANO PIÆE FANTA 0,3 L;378536;Fanta;0.3000;L;.92;3.07;;;02.05.2025;.92;54026476;Piæa
GAZ.PIÆE SCHWEP.BOTAN.ZERO 1 L;378537;Schweppes;1.0000;L;1.79;1.79;;;02.05.2025;1.79;5449000325358;Piæa
SLA.MINI QUATTRO PLAZMA 800 ml;378540;Quattro;0.8000;L;4.99;6.24;;;02.05.2025;4.99;3850116064383;Hrana
GAZ.PIÆE SCHWEP.PINK TO.0,33 L;378542;Schweppes;0.3300;L;1.28;3.88;;;02.05.2025;1.28;5449000303615;Piæa
GAZIRA.PIÆE COCA-COLA 6X0,15 L;378543;Coca-Cola;0.9000;L;4.09;4.54;;;02.05.2025;4.09;5449000241085;Piæa
GAZ.PIÆE SCHWEPPE.TONIC 0,33 L;378548;Schweppes;0.3300;L;1.28;3.88;;;02.05.2025;1.28;5449000220943;Piæa
ENERGE.PIÆE MONSTER ZERO 0,5 L;378553;Monster;0.5000;L;1.95;3.90;;;02.05.2025;1.95;5061013940139;Piæa
ENER.PIÆE MONSTER AUSSIE 0,5 L;378557;Monster;0.5000;L;1.95;3.90;;;02.05.2025;1.95;5061013941488;Piæa
PIVO BITBURGER PILS.BEZA.0,5 L;378559;Bitburger;0.5000;L;1.52;3.04;;;02.05.2025;1.52;4102430061395;Piæa
PASTA ZA KUH.MAGG.PAD THAI 65g;378564;Maggi;0.0650;kg;1.59;24.46;;;02.05.2025;1.59;8445291189409;Hrana
REF.FRESH DAY BOHEMIAN 260 ml;378565;Fresh day;0.2600;L;2.65;10.19;;;02.05.2025;2.65;3858893727569;Sredstva za èi¹æenje
REF.FRESH DAY MARINE WA.260 ml;378567;Fresh day;0.2600;L;2.65;10.19;;;02.05.2025;2.65;3858893727583;Sredstva za èi¹æenje
UMAK MAGGI TIKKA MASALA 65 g;378568;Maggi;0.0650;kg;1.59;24.46;;;02.05.2025;1.59;8445291189836;Hrana
REF.FRESH DAY SWEET FLO.260 ml;378570;Fresh day;0.2600;L;2.65;10.19;;;02.05.2025;2.65;3858893727590;Sredstva za èi¹æenje
UMAK MAGGI TERIYAKI 65 g;378572;Maggi;0.0650;kg;1.59;24.46;;;02.05.2025;1.59;8445291189850;Hrana
REF.FRESH DAY SPRING BL.260 ml;378573;Fresh day;0.2600;L;2.65;10.19;;;02.05.2025;2.65;3858893727606;Sredstva za èi¹æenje
UMAK MAG.EXTRA HOT CHILLI 361g;378576;Maggi;0.3610;kg;3.59;9.94;;;02.05.2025;3.59;8445291218260;Hrana
UMAK MAG.HOT SWEET CHILLI 362g;378578;Maggi;0.3620;kg;3.59;9.92;;;02.05.2025;3.59;8445291218710;Hrana
UMAK MAGGI TERIYAKI 183 ml;378579;Maggi;0.1830;l;3.59;19.62;;;02.05.2025;3.59;8445291156647;Hrana
UMAK MAGGI FRIED NOODLES 190ml;378582;;0.1900;l;3.59;18.89;;;02.05.2025;3.59;8445291156586;Hrana
UMAK MAGGI SWEER CHILLI 191ml;378584;Maggi;0.1910;l;3.59;18.80;;;02.05.2025;3.59;8445291156678;Hrana
SLAD.KING MAJESTIC LEDO 450 ml;378591;King;0.4500;L;6.99;15.53;;;02.05.2025;6.99;3850116064505;Hrana
SLA.KING OBSESSION LEDO 450 ml;378592;King;0.4500;L;6.99;15.53;;;02.05.2025;6.99;3850116064475;Hrana
SLAD.KING SUPREME LEDO 450 ml;378593;King;0.4500;L;6.99;15.53;;;02.05.2025;6.99;3850116064444;Hrana
PJENA ERDAL ZA ÈI©ÆENJE.150 ml;378596;Erdal;0.1500;L;5.75;38.33;;;02.05.2025;5.75;9001531964879;Proizvodi za kuæanstvo
KOREK.ERDAL ZA BIJELU BO.75 ml;378597;Erdal;0.0750;L;3.15;42.00;;;02.05.2025;3.15;4001499197659;Proizvodi za kuæanstvo
ZAÈ.KORIJANDER MLJ.KOTANYI 20g;378598;Kotanyi;0.0200;kg;1.79;89.50;;;02.05.2025;1.49;9001414137260;Hrana
ZAÈIN GARAM MASALA.KOTANYI 20g;378601;Kotanyi;0.0200;kg;1.79;89.50;;;02.05.2025;1.49;9001414535523;Hrana
ZAÈIN KUMIN MLJEV.KOTANYI 15g;378603;Kotanyi;0.0150;kg;1.79;119.33;;;02.05.2025;1.49;9001414135532;Hrana
ZAÈIN PAPAR ©ARENI KOTANYI 50g;378605;Kotanyi;0.0500;kg;2.39;47.80;;;02.05.2025;1.99;9001414007358;Hrana
ZAÈ.CEJLON.CIMET KOTA.BIO 20 g;378613;Kotanyi;0.0200;kg;1.99;99.50;;;02.05.2025;1.99;9001414019139;Hrana
ZAÈIN ÐUMBIR KOTANYI BIO 20 g;378614;Kotanyi;0.0200;kg;1.99;99.50;;;02.05.2025;1.99;9001414019122;Hrana
ZAÈIN KURKUMA KOTANYI BIO 20 g;378615;Kotanyi;0.0200;kg;1.99;99.50;;;02.05.2025;1.99;9001414019115;Hrana
ZAÈ.ÈE©NJAK GRAN.KOTA.BIO 20 g;378616;Kotanyi;0.0200;kg;1.99;99.50;;;02.05.2025;1.99;9001414019078;Hrana
ZAÈIN ORIGANO KOTANYI BIO 9 g;378618;Kotanyi;0.0090;kg;1.49;165.56;;;02.05.2025;1.49;9001414004944;Hrana
SALVETE 33x33cm SURF PARTY;378621;;16.0000;kom;1.99;0.12;;;02.05.2025;1.99;0194099120975;Proizvodi za kuæanstvo
KEKS ZOB.WELLNESS ORIG.210 g;378622;Bambi;0.2100;kg;1.69;8.05;;;02.05.2025;1.69;8600043030525;Hrana
KEKS ZOB.WELLNESS NAR.155 g;378624;Bambi;0.1550;kg;2.29;14.77;;;02.05.2025;2.29;8600043034493;Hrana
KEKS ZOB.WELLNESS ÈOKO.210 g;378625;Bambi;0.2100;kg;1.99;9.48;;;02.05.2025;1.99;8600043030549;Hrana
VERMOUTH MARTINI FIERO 1 L;378630;;1.0000;L;17.49;17.49;;;02.05.2025;16.02;7630040402521;Piæa
PROTEIN PROT.SI VANIL.400 g;378632;PROTEINI SI;0.4000;kg;15.69;39.23;;;02.05.2025;15.69;3830081425372;Hrana
PROT.PROT.SI COOK.&CREAM 400 g;378635;PROTEINI SI;0.4000;kg;15.69;39.23;;;02.05.2025;15.69;3830081425341;Hrana
KIKIRIKI CHIO PR®ENI 250 g;378637;Chio;0.2500;kg;2.79;11.16;;;02.05.2025;2.29;3856021306198;Hrana
PLOÈICA PROT.PROTEINI.SI 50 g;378640;PROTEINI SI;0.0500;kg;1.69;33.80;;;02.05.2025;1.69;3830081429837;Hrana
PLOÈICA PROT.PROTEINI.SI 50 g;378642;Proteini.si;0.0500;kg;1.69;33.80;;;02.05.2025;1.69;3830081429820;Hrana
KIKIRIKI CHIO NESLANI 125 g;378644;Chio;0.1250;kg;1.79;14.32;;;02.05.2025;1.59;3856021306174;Hrana
PLOÈICA PROT.PROTEINI.SI 55 g;378645;Proteini.si;0.0550;kg;1.69;30.73;;;02.05.2025;1.69;3830059011354;Hrana
PLOÈICA PROT.PROTEINI.SI 55 g;378646;Proteini.si;0.0550;kg;1.69;30.73;;;02.05.2025;1.69;3830059011330;Hrana
PLOÈICA PROT.PROTEINI.SI 55 g;378647;Proteini.si;0.0550;kg;1.69;30.73;;;02.05.2025;1.69;3830081421237;Hrana
PLOÈICA PROT.PROTEINI.SI 55 g;378648;Proteini.si;0.0550;kg;1.69;30.73;;;02.05.2025;1.69;3830059011316;Hrana
DONUT PROTEINI.SI BL.COOK.60 g;378649;Proteini.si;0.0600;kg;2.19;36.50;;;02.05.2025;2.19;3830069179822;Hrana
PROT.SHAKE PROT.SI CHOC.330 ml;378653;;0.3300;L;2.69;8.15;;;02.05.2025;2.69;3830075227043;Hrana
PROT.SHAKE PROT.SI VANI.330 ml;378654;Proteini.si;0.3300;L;2.69;8.15;;;02.05.2025;2.69;3830069176180;Hrana
KIKIR.MASLAC PROTEINI.SI 1 kg;378656;;1.0000;kg;10.99;10.99;;;02.05.2025;10.99;3830084723987;Hrana
ZERO SYRUP PROT.SI CHOC.320 ml;378659;;0.3200;L;5.79;18.09;;;02.05.2025;5.79;3830069175046;Hrana
ORBIT BLUEBERRY BOÈICA 64 g;378663;Wrigley;0.0640;kg;3.69;57.66;;;02.05.2025;3.69;4009900538008;Hrana
®V.AIRW.BLACKCURRANT BOÈ.64 g;378665;Wrigley;0.0640;kg;3.69;57.66;;;02.05.2025;3.69;4009900550499;Hrana
®VA.AIR.EXTREME BOÈICA 64 g;378668;Wrigley;0.0640;kg;3.69;57.66;;;02.05.2025;3.69;4009900550208;Hrana
®VA.AIRW.BLACKMINT BOÈICA 64 g;378673;Wrigley;0.0640;kg;3.69;57.66;;;02.05.2025;3.69;4009900550178;Hrana
®VAKE ORBIT SWEETMINT BOÈ.64 g;378676;Wrigley;0.0640;kg;3.69;57.66;;;02.05.2025;3.69;4009900549981;Hrana
®VAKE ORB.WHIT.FRE.BOÈ.64 g;378680;Wrigley;0.0640;kg;3.69;57.66;;;02.05.2025;3.69;4009900538237;Hrana
ORBIT PEPERMINT BOÈICA 64 g;378682;Wrigley;0.0640;kg;3.69;57.66;;;02.05.2025;3.69;4009900550215;Hrana
®VAKE ORBIT SPEARMINT BOÈ.64 g;378683;Wrigley;0.0640;kg;3.69;57.66;;;02.05.2025;3.69;4009900537506;Hrana
®VAKE ORBIT BUBBLEMINT 64 g;378684;Wrigley;0.0640;kg;3.69;57.66;;;02.05.2025;3.69;4009900537445;Hrana
ENERGE.PIÆE BLUE HEAVEN 0,25 L;378688;;0.2500;L;.82;3.28;;;02.05.2025;.82;3857500144003;Piæa
VREÆE ZA SMEÆE,35 L,15/1, FINO;378689;;15.0000;kom;3.59;0.24;;;02.05.2025;3.59;5201314154303;Proizvodi za kuæanstvo
BEZAL.KOKT.BLACK RO.G&T 0,25 L;378690;;0.2500;L;1.52;6.08;;;02.05.2025;1.52;5304000311438;Piæa
BEZA.KO.BLACK RO.IT.SPR.0,25 L;378691;;0.2500;L;1.52;6.08;;;02.05.2025;1.52;5304000311469;Piæa
KRUH S-BUDG.TRAJNI RA®E. 500 g;378692;S-BUDGET;0.5000;kg;0.99;1.98;;;02.05.2025;0.99;9100000773599;Hrana
VREÆE ZA SMEÆE,60 L,10/1, FINO;378693;;10.0000;kom;3.59;0.36;;;02.05.2025;3.59;5201314154327;Proizvodi za kuæanstvo
BEZAL.KOKT.BLACK RO.ICE 0,25 L;378694;;0.2500;L;1.52;6.08;;;02.05.2025;1.52;5304000311452;Piæa
KAVA ALPRO SOJA KARAMEL 250 ml;378695;Alpro;0.2500;L;2.19;8.76;;;02.05.2025;2.19;5411188138839;Hrana
BEZAL.KOK.BLACK WSKY.CO.0,25 L;378696;;0.2500;L;1.52;6.08;;;02.05.2025;1.52;5304000311445;Piæa
HRANA ZA PSE S-B PERAD 300 g;378697;S-Budget;0.3000;kg;0.99;3.30;;;02.05.2025;0.99;9100000020624;Proizvodi za kuæanstvo
SOK RAUCH CULIN.LIMUN 100% 1 L;378698;Rauch;1.0000;L;3.99;3.99;;;02.05.2025;3.99;9008700231299;Piæa
VREÆE ZA SMEÆE,160L, 10/1;378699;;10.0000;kom;6.39;0.64;;;02.05.2025;6.39;5201314932048;Proizvodi za kuæanstvo
KAVA ALPRO BADEM 250 ml;378700;Alpro;0.2570;l;2.19;8.52;;;02.05.2025;2.19;5411188138853;Hrana
HRANA ZA PSE S-B GOVED.300 g;378701;S-Budget;0.3000;kg;0.99;3.30;;;02.05.2025;0.99;9100000020662;Proizvodi za kuæanstvo
HRANA ZA MAÈKE S-B GOV.100 g;378703;S-Budget;0.1000;kg;0.49;4.90;;;02.05.2025;0.49;9100000020570;Proizvodi za kuæanstvo
HRANA ZA MAÈKE S-B PERAD 100 g;378704;S-Budget;0.1000;kg;0.49;4.90;;;02.05.2025;0.49;9100000020471;Proizvodi za kuæanstvo
VREÆE ZA SMEÆE,10L,50/1,U BOJI;378707;;50.0000;kom;1.79;0.04;;;02.05.2025;1.79;5201314413943;Proizvodi za kuæanstvo
NAPOLITANKE LJE©.KOEST.370 g;378728;Koestlin;0.3700;kg;3.09;8.35;;;02.05.2025;3.09;3856014114687;Hrana
BAZA AIRWICK EUKALIPTU.228 ml;378732;Airwick;0.2280;L;14.99;65.75;;;02.05.2025;14.99;5999109544087;Sredstva za èi¹æenje
KAVA SEGAFR.SELEZIONE ES.500 g;378738;Segafredo;0.5000;KG;12.99;25.98;;;02.05.2025;12.99;9001810011546;Piæa
KAVA FRANCK CREMA ©EÆER 9 g;378743;Franck;0.0090;KG;0.39;43.33;;;02.05.2025;0.39;3850291054117;Piæa
KAVA FRANCK CREMA MLIJ.©EÆ.9 g;378746;Franck;0.0090;KG;0.39;43.33;;;02.05.2025;0.39;3850291054100;Piæa
INSTANT KAVA ANAMAR.CLAS.200 g;378747;Anamarija;0.2000;KG;7.49;37.45;;;02.05.2025;7.49;3858881776005;Piæa
KEKS BAIOCCHI MULINO BIA.260 g;378750;Mulino Bianco;0.2600;kg;2.99;11.50;;;02.05.2025;2.99;8076809573252;Hrana
KEKS BAIOCCHI MB.PIST.168 g;378755;Mulino Bianco;0.1680;kg;2.99;17.80;;;02.05.2025;2.99;8076809581318;Hrana
PELINKOVAC TONIC PETE 0,33 L;378756;Maraska;0.3300;L;2.02;6.12;;;02.05.2025;2.02;3850158510305;Piæa
ÈAJ YOGI DETOX ORGANIC 30,6 g;378761;Yogi;0.0306;KG;3.69;120.59;;;02.05.2025;3.69;4012824402492;Piæa
ÈAJ YOGI IMMUNE SUPPORT 34 g;378765;Yogi;0.0340;KG;3.69;108.53;;;02.05.2025;3.69;4012824403222;Piæa
ÈAJ YOGI WOMEN´S BLANCE 30,6 g;378767;Yogi;0.0306;KG;3.69;120.59;;;02.05.2025;3.69;4012824401631;Piæa
ÈAJ YOGI BEDTIME 30,6 g;378768;Yogi;0.0306;KG;3.69;120.59;;;02.05.2025;3.69;4012824402485;Piæa
TEQUILA AGAVI.GOLD 0,7 L;378769;;0.7000;L;12.49;17.84;;;02.05.2025;12.49;3263285153909;Piæa
TEQUILA AGAVITA BLANCO 0,7 L;378771;Les Grand Chais de France;0.7000;L;12.49;17.84;;;02.05.2025;12.49;3263285152896;Piæa
PJEN.BRUT DARG.ICE ROSE 0,75 L;378772;Les Grand Chais de France;0.7500;L;7.39;9.85;;;02.05.2025;7.39;3570590109478;Piæa
APERITIV LE FAVORI 0,7 L;378774;Les Grand Chais de France;0.7000;L;6.29;8.99;;;02.05.2025;6.29;3263280125802;Piæa
PJEN. BRUT DAR.SE 0,75 L;378776;Les Grand Chais de France;0.7500;L;7.39;9.85;;;02.05.2025;7.39;3570590109386;Piæa
PROSEC.SIG.GIUS.EX.DRY  0,75 L;378777;Les Grand Chais de France;0.7500;L;6.19;8.25;;;02.05.2025;6.19;8052783850725;Piæa
BEZA.VINO JP CHENET CHAR. 0,75;378780;Les Grand Chais de France;0.7500;L;5.59;7.45;;;02.05.2025;5.59;3500610146862;Piæa
BEZ.VINO JP CHENE.ROSE 0,75 L;378798;Les Grand Chais de France;0.7500;L;5.59;7.45;;;02.05.2025;5.59;3500610146879;Piæa
BEZALK.BELLLINI NOZECO 0,75 L;378801;Les Grand Chais de France;0.7500;L;5.52;7.36;;;02.05.2025;5.52;3500610154362;Piæa
ÈAJ YOGI GINGER LEMON 30,6 g;378802;Yogi;0.0306;KG;3.69;120.59;;;02.05.2025;3.69;4012824401341;Piæa
BEZ.VINO JP CHEN.CAB.S. 0,75 L;378805;Les Grand Chais de France;0.7500;L;5.59;7.45;;;02.05.2025;5.59;3500610146886;Piæa
ÈAJ YOGI CLASSIC ORGANI.37,4 g;378806;Yogi;0.0374;KG;3.69;98.66;;;02.05.2025;3.69;4012824400054;Piæa
BEZALKO.SPRITZ NOZECO 0,75 L;378807;Les Grand Chais de France;0.7500;L;5.49;7.32;;;02.05.2025;5.52;3500610156366;Piæa
MICELARNA VODA BRIG. 400 ml;378812;Nivea;0.4000;l;9.59;23.98;;;02.05.2025;9.59;9005800377728;Kozmetika
MICELARNA VODA REGE. 400 ml;378813;Nivea;0.4000;l;9.59;23.98;;;02.05.2025;9.59;9005800377742;Kozmetika
GEL TU©.NIVEA MEN DE.SP 500 ml;378818;Nivea;0.5000;l;5.99;11.98;;;02.05.2025;5.99;9005800379401;Kozmetika
SPREJ NIVEA ZA KOSU HOL 250 ml;378819;Nivea;0.2500;l;4.99;19.96;;;02.05.2025;4.99;9005800362847;Kozmetika
KAVA LAVAZZA CREMA DOLCE 250 g;378820;Lavazza;0.2500;KG;6.99;27.96;;;02.05.2025;6.99;8000070037304;Piæa
KAVA LAVAZZ.CR.FORTE ZRNO 1 kg;378822;Lavazza;1.0000;KG;26.49;26.49;;;02.05.2025;26.49;8000070038493;Piæa
RAKIJA IST.TRAVARI.0,5 L;378835;;0.5000;L;28.99;57.98;;;02.05.2025;28.99;3859893119439;Piæa
ODSTR.MRLJA VANISH WHITE 3 L;378884;Vanish;3.0000;L;14.99;5.00;;;02.05.2025;14.99;5997321748238;Sredstva za èi¹æenje
DES.SIR S JAG.PAW PATROL 80 g;378894;;0.0800;kg;0.69;8.63;;;02.05.2025;0.69;8595588200833;Hrana
ZUB.PASTA LACALUT AC.PLU 75 ml;378901;Lacalut;0.0750;L;4.99;66.53;;;02.05.2025;4.99;4016369542460;Kozmetika
ZUB.PASTA LACALUT WH.PRE 75 ml;378902;Lacalut;0.0750;L;5.09;67.87;;;02.05.2025;5.09;4016369546154;Kozmetika
LIKER PELIN.MADRE BAD. 0,7 L;378905;;0.7000;L;22.59;32.27;;;02.05.2025;22.59;3858894970063;Piæa
IZBJELJ.AFRODITA E.WHITE 50 ml;378911;Afrodita;0.0500;l;5.99;119.80;;;02.05.2025;5.99;3830001293579;Kozmetika
KREKERI MCVITIES BBQ 110 g;378933;McVities;0.1100;kg;1.99;18.09;;;02.05.2025;1.99;5000396053364;Hrana
KREKERI MCVITIES VRHNJE 110 g;378939;Mc Vitie's;0.1100;kg;1.99;18.09;;;02.05.2025;1.99;5000396053388;Hrana
KREKERI MCVITIES CHILLI 110 g;378942;Mc Vitie's;0.1100;kg;1.99;18.09;;;02.05.2025;1.99;5000396053340;Hrana
KEKS ZOB.BOOM BOX BAN.KAK.50 g;378944;Boom Box;0.0500;kg;1.03;20.60;;;02.05.2025;1.03;3856027801475;Hrana
KEKS ZOB.BOOM BOX ©UM.VOÆ.50 g;378945;Boom Box;0.0500;kg;1.03;20.60;;;02.05.2025;1.03;3856027801451;Hrana
KEKS ZOB.B.B.BITES.JAG.20 g;378948;Boom Box;0.0200;kg;0.49;24.50;;;02.05.2025;0.49;3856027801215;Hrana
KEKS ZOB.B.B.BITES.ÈOK.20 g;378949;Boom Box;0.0200;kg;0.49;24.50;;;02.05.2025;0.49;3856027801246;Hrana
KREKERI BO.BOX.RAJ.RU®.70 g;378956;Boom Box;0.0700;kg;0.99;14.14;;;02.05.2025;0.99;3856027801369;Hrana
KREKERI BO.BOX.MOR.SOL 70 g;378960;Boom Box;0.0700;kg;0.99;14.14;;;02.05.2025;0.99;3856027801390;Hrana
SLAD.WAVES JAG.S-BUD.5x57 ml;378962;S-Budget;0.2850;L;2.59;9.09;;;02.05.2025;2.59;9100000020822;Hrana
SLAD.WAVES VANIL.S-BUD.5x57 ml;378963;S-Budget;0.2850;L;2.59;9.09;;;02.05.2025;2.59;9100000020808;Hrana
KREKERI BO.BOX.MIX SJEMEN.70 g;378967;;0.0700;kg;0.99;14.14;;;02.05.2025;0.99;3856027801420;Hrana
KREMA NIVEA  ZA TI.REPA.400 ml;378983;Nivea;0.4000;l;10.99;27.48;;;02.05.2025;10.99;9005800380544;Kozmetika
KREMA NIVEA  ZA TI.REPA.400 ml;378985;Nivea;0.4000;l;10.99;27.48;;;02.05.2025;10.99;9005800380551;Kozmetika
LOS.ZA TIJ.NIVEA Q10 FI.400 ml;378988;Nivea;0.4000;l;6.99;17.48;;;02.05.2025;6.99;9005800366791;Kozmetika
SERUM NIVEA ULJNI PR.ST 100 ml;378989;Nivea;0.1000;l;16.99;169.90;;;02.05.2025;16.99;5900017091006;Kozmetika
ÈOK.JIMMY F.CHOCO 80 g;379003;Jimmy Fantastic;0.0800;kg;1.03;12.88;;;02.05.2025;1.03;8600939346709;Hrana
ÈOK.JIMMY F.CHO.LJE©NJAK 80 g;379004;Jimmy Fantastic;0.8000;kg;1.55;1.94;;;02.05.2025;1.55;8600939346716;Hrana
ÈOK.JIMMY NARANÈA KEKS 80 g;379005;Jimmy Fantastic;0.0800;kg;1.55;19.38;;;02.05.2025;1.55;8600939346785;Hrana
ÈOK.JIMMY CRUNCHY COOKIE 90 g;379006;Jimmy Fantastic;0.0900;kg;1.55;17.22;;;02.05.2025;1.55;8600939346723;Hrana
ÈOK.JIMMY F.CHOC.BROWNIE 170 g;379016;Jimmy Fantastic;0.1700;kg;2.59;15.24;;;02.05.2025;2.59;8600939346679;Hrana
ÈOK.JIMMY F.CHOC.LJE©NJ.160 g;379017;Jimmy Fantastic;0.1600;kg;2.59;16.19;;;02.05.2025;2.59;8600939346655;Hrana
ÈOK.JIMMY F.CHOCO 160 g;379018;Jimmy Fantastic;0.1600;kg;2.59;16.19;;;02.05.2025;2.59;8600939346648;Hrana
KEKSI JIMMY ÈOKOLADA 32 g;379020;Jimmy Fantastic;0.0320;kg;0.59;18.44;;;02.05.2025;0.59;8600939843529;Hrana
ÈETK.ZA ZUBE SENSODYNE COMPLET;379021;Sensodyne;1.0000;kom;5.99;5.99;;;02.05.2025;4.79;3830029294749;Kozmetika
KEKSI JIMMY NOISETTE 32 g;379022;Jimmy Fantastic;0.0320;kg;0.59;18.44;;;02.05.2025;0.59;8600939843536;Hrana
ÈETK.ZUB.PARODONTAX 3/1 CLEAN ;379024;Parodontax;3.0000;kom;10.59;3.53;;;02.05.2025;10.59;5054563049889;Kozmetika
ÈOK.MILKA MLIJEÈ.KREMA 100 g;379025;Milka;0.1000;kg;2.49;24.90;;;02.05.2025;2.49;7622300041496;Hrana
ÈETK.ZUB.PARODONTAX COMPL.1/1 ;379029;Parodontax;1.0000;kom;6.39;6.39;;;02.05.2025;5.99;5054563115034;Kozmetika
ÈOK.MILKA JOGURT 100 g;379031;Milka;0.1000;kg;2.49;24.90;;;02.05.2025;2.49;7622202226885;Hrana
PRAL.MILKA FAVOURITES 95 g;379039;Milka;0.0950;kg;3.99;42.00;;;02.05.2025;2.99;7622201390341;Hrana
PRAL.MILKA FAVOURITES 158 g;379045;Milka;0.1580;kg;5.89;37.28;;;02.05.2025;4.99;7622201386016;Hrana
BOJA COLOR NATURALS ZA KO.6.41;379048;Garnier;1.0000;kom;4.99;4.99;;;02.05.2025;4.99;3600542617284;Kozmetika
BOJA COLOR NATURALS ZA KO.7.40;379051;Garnier;1.0000;kom;4.99;4.99;;;02.05.2025;4.99;3600542617307;Kozmetika
BOJA COLOR NATURALS ZA KO.5.25;379053;Garnier;1.0000;kom;4.99;4.99;;;02.05.2025;4.99;3600542617260;Kozmetika
BOJA COLOR NATURALS ZA KO.4.5;379055;Garnier;1.0000;kom;4.99;4.99;;;02.05.2025;4.99;3600542617246;Kozmetika
BOJA COLOR NATURALS ZA KO.9.N;379056;Garnier;1.0000;kom;4.99;4.99;;;02.05.2025;4.99;3600542617321;Kozmetika
BOJA COLOR NATURALS ZA KO.4.15;379057;Garnier;1.0000;kom;4.99;4.99;;;02.05.2025;4.99;3600542617222;Kozmetika
BOJA COLOR NATURALS ZA KO.7.3;379058;Garnier;1.0000;kom;4.99;4.99;;;02.05.2025;4.99;3600542617192;Kozmetika
©AMP.ELSEVE HYALURON PU.400 ml;379067;Elseve;0.4000;L;;10.98;4.39;5.89;02.05.2025;5.89;3600524135041;Kozmetika
©AMP.ELSEVE HYALURON PU.250 ml;379068;Elseve;0.2500;l;;13.16;3.29;4.39;02.05.2025;4.39;3600524135232;Kozmetika
REG.ELSEV.HYALURON  200 ml;379070;Elseve;0.2000;l;;16.45;3.29;4.39;02.05.2025;4.39;3600524164423;Kozmetika
SERUM ELSEVE HYALUR.PURE102 ml;379071;Elseve;0.1020;l;8.49;83.24;;;02.05.2025;8.49;3600524149659;Kozmetika
GEL ZA TU©.DOVE HYDRATE 450 ml;379074;Dove;0.4500;L;5.99;13.31;;;02.05.2025;5.99;8720181466502;Kozmetika
GEL ZA TU©.DOVE PETAL 450 ml;379076;Dove;0.4500;L;5.99;13.31;;;02.05.2025;5.99;8720181471599;Kozmetika
KEKS MILKA CHOCO BISCUIT.150 g;379097;Milka;0.1500;kg;3.39;22.60;;;02.05.2025;3.39;7622300590970;Hrana
BOMBONI NESTLE SMAR.WHITE 34 g;379100;Smarties;0.0340;kg;1.39;40.88;;;02.05.2025;1.39;3800020432976;Hrana
UMAK SMOKY BBQ DOY.THOMY 220 g;379101;Thomy;0.2200;kg;3.19;14.50;;;02.05.2025;3.19;8445291266292;Hrana
JOGURT STAY STRONG 200 g;379113;Dukat;0.2000;kg;1.29;6.45;;;02.05.2025;1.29;5941355017044;Hrana
NAP. STAY STRONG KAKAO 250 ml;379124;Dukat;0.2500;L;1.52;6.08;;;02.05.2025;1.52;8002580321140;Hrana
NA.STAY STRONG VANILIJA 250 ml;379125;Dukat;0.2500;L;1.52;6.08;;;02.05.2025;1.52;8002580321171;Hrana
OME.DUEL SOFT LOTUS 2,45 L;379127;Duel;2.4500;L;5.99;2.44;;;02.05.2025;5.99;8606015846903;Sredstva za èi¹æenje
SIR DIMEK VINDIJA 200 g;379128;Vindija;0.2000;kg;2.99;14.95;;;02.05.2025;3.79;3850108057973;Hrana
SIR GAUDA VINDIJA 200 g;379129;Vindija;0.2000;kg;2.99;14.95;;;02.05.2025;3.39;3850108057980;Hrana
SIR TILZIT VINDIJA 200 g;379130;Vindija;0.2000;kg;2.99;14.95;;;02.05.2025;3.39;3850108057997;Hrana
SIR CHEDDAR VINDIJA 200 g;379131;Vindija;0.2000;kg;2.99;14.95;;;02.05.2025;3.79;3850108057959;Hrana
SIR EMMENTALER VINDIJA 300 g;379132;Vindija;0.3000;kg;5.29;17.63;;;02.05.2025;5.29;3850108057966;Hrana
SIR EMMENTALER VINDIJA 150 g;379133;Vindija;0.1500;kg;2.99;19.93;;;02.05.2025;2.99;3850108057928;Hrana
SIR CHEDDAR VINDIJA MAP 150 g;379134;Vindija;0.1500;kg;2.99;19.93;;;02.05.2025;2.99;3850108057911;Hrana
OMEK.ORNEL ALLURE 800 ml;379136;Ornel;800.0000;ml;2.19;0.00;;1.99;02.05.2025;2.60;3850105186553;Sredstva za èi¹æenje
OME.ORNEL ALLURE 1,6 L;379140;Ornel;1.6000;l;3.99;2.49;;;02.05.2025;3.99;3850105186645;Sredstva za èi¹æenje
VEG.CORDON B.SPAR VEGGIE 330 g;379144;SPAR Veggie;0.3300;kg;4.99;15.12;;;02.05.2025;4.99;9100000013732;Hrana
MAYOKETCHUP HEINZ 415 ml;379145;Heinz;0.4150;L;4.49;10.82;;;02.05.2025;3.99;5900783009908;Hrana
HRENOVKE FRANKFURTER 480 g;379153;Greisinger;0.4800;kg;4.99;10.40;;;02.05.2025;4.99;9003903421065;Hrana
ZUB.PA.BIOREPAIR 2X75 ml;379154;BIOREPAIR;0.1500;l;5.89;39.27;;;02.05.2025;5.89;8017331088906;Kozmetika
HRENOVKE OMOTANE SLAN. 300 g;379158;Greisinger;0.3000;kg;2.99;9.97;;;02.05.2025;2.99;9003903496827;Hrana
KA©.HIPP JAB.BRES.GRIZ 190 g;379161;Hipp;0.1900;kg;1.69;8.89;;;02.05.2025;1.69;9062300132967;Hrana
MINI HREN. OMOTANE SLAN. 250 g;379163;Greisinger;0.3000;kg;3.49;11.63;;;02.05.2025;3.49;9003903496902;Hrana
BIJELA KOBASICA 300 g;379164;Greisinger;0.3000;kg;3.49;11.63;;;02.05.2025;3.49;9003903496797;Hrana
KOBASICA BIJELA ZA KUH. 360 g;379165;Greisinger;0.3600;kg;3.69;10.25;;;02.05.2025;3.69;9003903496483;Hrana
PILEÆI MIKS ZA JUHU VRTOVI HR;379220;SPAR Kroatische Gärten;1.0000;kg;1.99;1.99;;;02.05.2025;1.99;3856021226809;Hrana
KUKURUZ ©EÆERAC AG FRIGO 400 g;379240;;0.4000;kg;1.59;3.98;;;02.05.2025;1.59;3877000505975;Hrana
NOÆNA KREMA ZA LICE MIXA 50 ml;379243;MIXA;0.0500;l;8.99;179.80;;;02.05.2025;8.99;3600550950694;Kozmetika
TAB.FINISH QUANTUM LEMON 36/1;379304;Finish;36.0000;kom;12.99;0.36;;;02.05.2025;12.99;5999109581532;Sredstva za èi¹æenje
Kamenice;379322;;1.0000;kom;2.19;2.19;;;02.05.2025;2.19;;Hrana
EKO OSV.MELLI AROMATICA 250 ml;379327;MELLI;0.2500;L;5.99;23.96;;;02.05.2025;5.99;3857500114570;Sredstva za èi¹æenje
SERUM MIXA HYALUROGEL 30 ml;379353;MIXA;0.0300;L;11.99;399.67;;;02.05.2025;11.99;3600551049861;Kozmetika
INS.KAVA JACOBS CRONAT 3x100 g;379356;Jacobs;0.3000;KG;14.99;49.97;;;02.05.2025;14.99;3858893908395;Piæa
INST.KAVA JACOBS CREMA 3x100 g;379357;Jacobs;0.3000;KG;14.99;49.97;;;02.05.2025;14.99;3858893908418;Piæa
DVOFAZ.ODST.©MINKE MIXA 125 ml;379371;MIXA;0.1250;L;5.99;47.92;;;02.05.2025;5.99;3600551155180;Kozmetika
LOSION MIXA ATOPIANCE 400 ml;379374;MIXA;0.4000;L;6.99;17.48;;;02.05.2025;6.99;3600550894004;Kozmetika
MIC.VOD.GARNIER CHARCOAL 400ml;379376;Garnier;0.4000;L;7.59;18.98;;;02.05.2025;7.59;3600542570275;Kozmetika
SERUM GARNIER VITAMIN C 30 ml;379378;Garnier;0.0300;L;12.99;433.00;;;02.05.2025;12.99;3600542541664;Kozmetika
MASKA ZA LICE GARNIER NAR 1kom;379379;Garnier;1.0000;kg;2.99;2.99;;;02.05.2025;2.99;3600542385312;Kozmetika
GEL ZA LICE GARNIER ALOE 50 ml;379383;Garnier;0.0500;L;7.99;159.80;;;02.05.2025;7.99;3600542456647;Kozmetika
KEKS ZOB.ROW SPIRIT ÈOK.50 g;379387;Row Spirit by Martin Sinkoviæ;0.0500;kg;1.19;23.80;;;02.05.2025;1.19;3859894094032;Hrana
GEL ZA TU©.DOVE FRESH 450 ml;379388;Dove;0.4500;l;5.99;13.31;;;02.05.2025;5.99;8720181471742;Kozmetika
GEL ZA TU©.DOVE VELVET 450 ml;379389;Dove;0.4500;l;5.99;13.31;;;02.05.2025;5.99;8720181468438;Kozmetika
KEKS ZOB.ROW SPIRIT KOKOS 50 g;379390;Row Spirit by Martin Sinkoviæ;0.0500;kg;1.19;23.80;;;02.05.2025;1.19;3859894094018;Hrana
GEL ZA TU©.DOVE PETAL 250 ml;379392;Dove;0.2500;l;2.99;11.96;;;02.05.2025;2.99;8720181471568;Kozmetika
GEL ZA TU©.DOVE VELVET 250 ml;379393;Dove;0.2500;l;2.99;11.96;;;02.05.2025;2.99;8720181468513;Kozmetika
KEKS ZOB.ROW SPIRIT BRUS.50 g;379394;Row Spirit by Martin Sinkoviæ;0.0500;kg;1.19;23.80;;;02.05.2025;1.19;3859894094056;Hrana
GEL ZA TU©.DOVE HYDRATE 250 ml;379395;Dove;0.2500;l;2.99;11.96;;;02.05.2025;2.99;8720181466489;Kozmetika
KREKERI ROW SPIRIT RAJÈIC.55 g;379396;Row Spirit by Martin Sinkoviæ;0.0550;kg;1.29;23.45;;;02.05.2025;1.29;3859894094070;Hrana
KREKERI ROW SPIRIT SIR 55 g;379398;Row Spirit by Martin Sinkoviæ;0.0550;kg;1.29;23.45;;;02.05.2025;1.29;3859894094094;Hrana
KAPSULE DESPAR CAPPUCCIN.168 g;379414;Despar;0.1680;KG;3.99;23.75;;;02.05.2025;3.39;8001300502784;Piæa
NJOKI RUMMO OD KRUMPIRA 500 g;379421;;0.5000;kg;2.29;4.58;;;02.05.2025;2.99;8008343201179;Hrana
D®EM S-BUDGET MARELICA 860 g;379429;S-Budget;0.8600;kg;3.49;4.06;;;02.05.2025;3.49;3856021226366;Hrana
D®EM S-BUDGET MIJE©.VOÆE 860g;379433;S-Budget;0.8600;kg;3.49;4.06;;;02.05.2025;3.49;3856021226380;Hrana
D®EM S-BUDGET ©IPAK 860 g;379435;S-Budget;0.8600;kg;3.99;4.64;;;02.05.2025;3.99;3856021226403;Hrana
PEKMEZ S-BUDGET ©LJIVA 860 g;379436;S-Budget;0.8600;kg;3.99;4.64;;;02.05.2025;3.99;3856021226427;Hrana
ULO.PAMINA ZA INKONTINENC.16/1;379510;Pamina;16.0000;kom;2.65;0.17;;;02.05.2025;2.65;9100000983059;Toaletne potrep¹tine
ULO.PAMINA ZA INKONTINENC.10/1;379511;Pamina;10.0000;KOM;5.29;0.53;;;02.05.2025;5.29;9100000983073;Toaletne potrep¹tine
FILET.INÆUNA U ULJU PREM.70 g;379518;SPAR Premium;0.0380;kg;3.79;99.74;;;02.05.2025;3.79;8001300621720;Hrana
FIL.INÆUN.S PER©. PREMIUM 70 g;379521;SPAR Premium;0.0380;kg;3.79;99.74;;;02.05.2025;3.79;8001300621744;Hrana
FIL.INÆUNA S CHILLY PREMI.70 g;379533;SPAR Premium;0.0380;kg;3.79;99.74;;;02.05.2025;3.79;8001300621737;Hrana
GRANOLA ÈOKO.NAR.BOOM BOX 60 g;379553;Atlantic Trade;0.0600;kg;0.99;16.50;;;02.05.2025;0.99;3856027801154;Hrana
ZOB.KA©A BRUSNICA CHIA B.B.60g;379561;;0.0600;kg;0.99;16.50;;;02.05.2025;0.99;3856027801123;Hrana
GRANOLA ÈOK.NAR.BOOM BOX 300 g;379574;Atlantic Trade;0.3000;kg;3.99;13.30;;;02.05.2025;3.59;3856027801185;Hrana
INST.KAVA JACOBS MONAR.3x100 g;379604;Jacobs;0.3000;KG;14.99;49.97;;;02.05.2025;14.99;3858893908371;Piæa
GEL.SOMAT EXCELLENCE 680 ml ;379670;Somat;0.6800;l;;13.22;8.99;12.99;02.05.2025;12.99;9000101818147;Sredstva za èi¹æenje
GEL.SOMAT GREASE CUTTI.680 ml ;379671;Somat;0.6800;l;;10.28;6.99;8.99;02.05.2025;8.99;9000101816693;Sredstva za èi¹æenje
TAB.SOMAT EXCELLENCE 30/1;379672;Somat;30.0000;kom;;0.30;8.99;12.99;02.05.2025;12.99;9000101808292;Sredstva za èi¹æenje
TAB.SOMAT ALL IN ONE EXTR.75/1;379673;Somat;75.0000;kom;12.99;0.17;;12.99;02.05.2025;12.99;9000101809343;Sredstva za èi¹æenje
TAB.SOMAT EXCELLENCE 50/1;379674;Somat;50.0000;kom;12.99;0.26;;12.99;02.05.2025;12.99;9000101807998;Sredstva za èi¹æenje
GEL.SOMAT GREASE CUTTI.1,08 L ;379675;Somat;1.0800;l;9.99;9.25;;9.99;02.05.2025;9.99;9000101818116;Sredstva za èi¹æenje
GEL.SOMAT LEMON 1,08 L;379676;Somat;1.0800;l;12.99;12.03;;12.99;02.05.2025;12.99;9000101819472;Sredstva za èi¹æenje
TAB.SOMAT GOLD 60/1;379677;Somat;60.0000;kom;12.99;0.22;;12.99;02.05.2025;12.99;9000101808933;Sredstva za èi¹æenje
TAB.SOMAT EXCELLENCE 42/1;379678;Somat;42.0000;kom;12.99;0.31;;12.99;02.05.2025;12.99;9000101809053;Sredstva za èi¹æenje
GEL.SOMAT GREASE CUTTI.1,37 L;379684;Somat;1.3700;l;17.99;13.13;;;02.05.2025;13.99;9000101819502;Sredstva za èi¹æenje
TAB.SOMAT EXCELLENCE 60/1;379686;Somat;60.0000;kom;17.99;0.30;;;02.05.2025;13.99;9000101808087;Sredstva za èi¹æenje
TAB.SOMAT EXCELLENCE 54/1;379688;Somat;54.0000;kom;17.99;0.33;;;02.05.2025;13.99;9000101807936;Sredstva za èi¹æenje
REF.AIRWICK L&W.2x250 ml;379702;Airwick;0.5000;L;11.99;23.98;;;02.05.2025;11.99;5999109544551;Sredstva za èi¹æenje
NAPITAK VEGGIE BADEM BIO 1 L;379703;SPAR Veggie;1.0000;l;1.99;1.99;;;02.05.2025;1.99;9100000005782;Piæa
NAPITAK ALPRO BARISTA SOJA 1 L;379706;Alpro;1.0000;l;2.99;2.99;;;02.05.2025;2.99;5411188115434;Piæa
HRANA ZA MAÈ.SHEBA PILET.85 g;379708;Sheba;0.0850;kg;1.09;12.82;;;02.05.2025;1.09;4008429164675;Proizvodi za kuæanstvo
TUNA SALATA EVA MEXIC.2X160 g;379717;Eva;0.3200;kg;7.89;24.66;;;02.05.2025;7.89;3856020269524;Hrana
TUNA SALATA EVA DALMAT.2X160 g;379718;Eva;0.3200;kg;7.89;24.66;;;02.05.2025;7.89;3856020269555;Hrana
PROT.NAMAZ GO ON KOK.BAD.180 g;379724;;0.1800;kg;3.99;22.17;;;02.05.2025;4.50;5900617044822;Hrana
PROT.NAMAZ GO ON KIK.MAS.180 g;379725;GO ON;0.1800;kg;3.99;22.17;;;02.05.2025;4.50;5900617044815;Hrana
SRE.SANITAR FLASH POWER 750 ml;379728;Sanitar;0.7500;L;2.15;2.87;;;02.05.2025;2.15;3850111505690;Sredstva za èi¹æenje
VINO FRANKOVIÆ TERAN 0,75 L ;379729;;0.7500;L;20.02;26.69;;;02.05.2025;20.02;3857500010315;Piæa
ELE.REFIL 3 VOL AMBI PUR 20 ml;379735;Ambi Pur;1.0000;kom;4.99;4.99;;;02.05.2025;4.99;8001841227955;Sredstva za èi¹æenje
OSVJ.AMBI PUR SPRING A.7,5 ml ;379739;Ambi Pur;1.0000;kom;4.69;4.69;;;02.05.2025;4.69;8700216014755;Sredstva za èi¹æenje
SD SPU®VICA S.DADDY S PASTOM;379743;;1.0000;kom;9.99;9.99;;;02.05.2025;8.49;5060481021852;Proizvodi za kuæanstvo
VINO PATRIS ROSE 0,75 L;379744;;0.7500;L;6.39;8.52;;;02.05.2025;6.39;3859892575304;Piæa
SNACK GECCHELE TUBINI SL.100 g;379748;;0.1000;kg;1.99;19.90;;;02.05.2025;1.99;8015854170368;Hrana
SNACK GECCHELE MAT.BACON 100 g;379749;;0.1000;kg;1.99;19.90;;;02.05.2025;1.99;8015854170481;Hrana
SNACK GECCHELE CONCH.PAP.100 g;379752;;0.1000;kg;1.99;19.90;;;02.05.2025;1.99;8015854170320;Hrana
VINO AR.LAFI BAZ.-LIME. 0,75 L;379759;;0.7500;L;3.52;4.69;;;02.05.2025;3.52;5998693582628;Piæa
VINO AR.LAFI TROPI.MIX 0,75 L ;379760;;0.7500;L;3.52;4.69;;;02.05.2025;3.52;5998693582703;Piæa
DA© POPS MENTA S JAGOD.3x63 ml;379781;;0.1890;L;6.99;36.98;;;02.05.2025;6.99;3858894360482;Hrana
ZUBNA PASTA ELMEX. 2x75ml;379782;Elmex;0.1500;l;8.78;58.53;;;02.05.2025;8.78;8714789992204;Kozmetika
ZUB.PA.ELMEX CARI.PROTEC.75 ml;379783;;0.0750;l;4.39;58.53;;;02.05.2025;4.39;8718951536289;Kozmetika
GEL TU©.PALMOL.MEN COOL 500 ml;379784;Palmolive;0.5000;l;4.49;8.98;;;02.05.2025;4.49;8718951588219;Kozmetika
GEL TU©.PALMOLIVE SPARK.500 ml;379785;;0.5000;l;4.49;8.98;;;02.05.2025;4.49;8718951658325;Kozmetika
ZUB.P.COLGATE AN.TARTAR 75 ml;379786;Colgate;0.1000;l;4.09;40.90;;;02.05.2025;3.85;8718951656123;Kozmetika
ÈET. COLGATE TWISTER 4/1;379787;;4.0000;kom;5.99;1.50;;;02.05.2025;5.99;8718951500488;Kozmetika
BEEF RIBS;379788;;1.0000;kg;24.99;24.99;;;02.05.2025;24.99;3850139645590;Hrana
PIVO S-BUDGET LAGER 2 L;379789;S-Budget;2.0000;L;;0.83;1.65;1.79;02.05.2025;1.89;3856021226748;Piæa
RADLER S-BUDGET GREJP 2 L;379790;S-Budget;2.0000;L;;1.10;2.19;2.39;02.05.2025;2.52;3856021226762;Piæa
OSVJE®AVA.PIÆE VINDI ACE 1,5 L;379791;Vindija;1.5000;L;1.78;1.19;;;02.05.2025;1.78;3850108072310;Piæa
BEZAL.KOK.LE COQ MOJITO 0,33 L;379792;;0.3300;L;1.49;4.52;;;02.05.2025;1.49;4740051000616;Piæa
ÈAJ FRANCK BEESTR.KAM.MAL.50 g;379794;Franck;0.0500;KG;3.29;65.80;;;02.05.2025;3.29;3850291055183;Piæa
BEZAL.KOK.LE COQ BL.LAG.0,33 L;379798;;0.3300;L;1.49;4.52;;;02.05.2025;1.49;4740051000654;Piæa
BEZ.KO.LE COQ MARGARITA 0,33 L;379800;;0.3300;L;1.49;4.52;;;02.05.2025;1.49;4740051000630;Piæa
PIÆE SPAR ALOE VERA 0,5 L;379801;SPAR;0.5000;L;1.55;3.10;;;02.05.2025;1.52;3831115314518;Piæa
LED.ÈAJ VINDI LIMUN KAKT.0,5 L;379802;Vindija;0.5000;L;.69;1.38;;;02.05.2025;.69;3850108077742;Piæa
LEDENI ÈAJ VINDI BRESKVA 0,5 L;379805;Vindija;0.5000;L;.69;1.38;;;02.05.2025;.69;3850108077759;Piæa
SOK FRUVITA JABUKA VI©N.0,75 L;379807;;0.7500;L;2.29;3.05;;;02.05.2025;2.29;8606030050569;Piæa
SOK FRUVITA JABUKA MARE.0,75 L;379809;;0.7500;L;2.29;3.05;;;02.05.2025;2.29;8606030050507;Piæa
SOK FRUVITA JABUK.KRU©K.0,75 L;379811;;0.7500;L;2.29;3.05;;;02.05.2025;2.29;8606030050576;Piæa
SOK FRUVITA JABUK.ÐUMBI.0,75 L;379813;;0.7500;L;2.52;3.36;;;02.05.2025;2.52;8606030050583;Piæa
SOK FRUVITA NARANÈA 0,75 L;379814;;0.7500;L;3.09;4.12;;;02.05.2025;3.09;8606030050699;Piæa
TOR.ÈIPS TAKIS FUEGO 90 g;379822;Takis;0.0900;kg;;3.22;0.29;0.49;02.05.2025;0.49;8412600028599;Hrana
TOR.ÈIPS TAKIS VOLCANO 90 g;379825;Takis;0.0900;kg;;3.22;0.29;0.49;02.05.2025;0.49;5941143028801;Hrana
JEGER MAP;379848;Podravka;1.0000;kg;13.89;13.89;;;02.05.2025;13.89;3856020275617;Hrana
Srdela golema;379854;;1.0000;kg;4.29;4.29;;;02.05.2025;4.29;;Hrana
©AM.BIOBAZA HAIR PISKAV 250 ml;379860;Biobaza;0.2500;L;5.59;22.36;;;02.05.2025;5.59;3856020909901;Kozmetika
KREMA BIOBAZA ZA RUKE BO 50 ml;379861;Biobaza;0.0500;l;2.90;58.00;;;02.05.2025;2.90;3856020914493;Kozmetika
KREMA BIOBAZA ZA RUKE SI 50 ml;379864;Biobaza;0.0500;l;2.90;58.00;;;02.05.2025;2.90;3856020914530;Kozmetika
GEL TU©.BIOBAZA SPO.MEN 220 ml;379865;Biobaza;0.2200;L;;11.14;2.45;3.30;02.05.2025;3.30;3856020913403;Kozmetika
ROLL ON BIOBAZA SPORTSME.50 ml;379870;Biobaza;0.0500;L;;57.00;2.85;3.85;02.05.2025;3.85;3856020913410;Kozmetika
ROLL ON BIOBAZA BOTANIC  50 ml;379871;Biobaza;0.0500;L;3.85;77.00;;;02.05.2025;3.85;3856020915056;Kozmetika
SD SPU®VICA SCRUB DADDY DOG;379874;;1.0000;kom;3.99;3.99;;;02.05.2025;3.39;5060481021111;Proizvodi za kuæanstvo
SD SPU®VICA S. DADDY MOMMY CAT;379875;;1.0000;kom;3.99;3.99;;;02.05.2025;3.39;5060481024150;Proizvodi za kuæanstvo
BOJA ZA KOSU GARNIER OLIA 7.40;379877;Garnier;1.0000;kom;7.29;7.29;;;02.05.2025;7.29;3600542601948;Kozmetika
BOJA ZA KOSU GARNIER OLIA 8.0;379878;Garnier;1.0000;kom;7.29;7.29;;;02.05.2025;7.29;3600542601955;Kozmetika
BOJA ZA KOSU GARNIER OLIA 4.0;379879;Garnier;1.0000;kom;7.29;7.29;;;02.05.2025;7.29;3600542601849;Kozmetika
BOJA ZA KOSU GARNIER OLIA 4.15;379880;Garnier;1.0000;kom;7.29;7.29;;;02.05.2025;7.29;3600542601856;Kozmetika
BOJA ZA KOSU GARNIER OLIA 5.0;379881;Garnier;1.0000;kom;7.29;7.29;;;02.05.2025;7.29;3600542601870;Kozmetika
DET.SPLENDID BUN.&FEINE.1,5 L;379882;Splendid;1.5000;L;3.49;2.33;;;02.05.2025;3.49;9100000013930;Sredstva za èi¹æenje
BOJA ZA KOSU GARNIER OLIA 6.0;379883;Garnier;1.0000;kom;7.29;7.29;;;02.05.2025;7.29;3600542601887;Kozmetika
DES.MLIJ.MILK SNA.PAW PAT.28 g;379884;;0.0280;kg;0.45;16.07;;;02.05.2025;0.45;8595588201083;Hrana
DET.SPLENDID BLACK 1,5 L;379885;Splendid;1.5000;L;3.49;2.33;;;02.05.2025;3.49;9100000013893;Sredstva za èi¹æenje
BOJA ZA KOSU GARNIER OLIA 6.3;379886;Garnier;1.0000;kom;7.29;7.29;;;02.05.2025;7.29;3600542601894;Kozmetika
SLADOLED VANILIJA S-BUDGET 1 L;379887;S-Budget;1.0000;L;2.49;2.49;;;02.05.2025;2.49;9100000032825;Hrana
KAPSULE DOLCE GU.MILANO 99,2 g;379889;Nescafe;0.0992;KG;5.29;53.33;;5.29;02.05.2025;6.49;8445290422149;Piæa
KAPSULE DOLCE GUST.ROMA 99,2 g;379892;Nescafe;0.0992;KG;5.29;53.33;;5.29;02.05.2025;6.49;8445290422163;Piæa
SLAD.VANIL.ÈOKOLA.S-BUDGET 1 L;379895;S-Budget;1.0000;L;2.49;2.49;;;02.05.2025;2.49;9100000032849;Hrana
SLAD.VANIL.JAGODA S-BUDGET 1 L;379898;S-Budget;1.0000;L;2.49;2.49;;;02.05.2025;2.49;9100000032801;Hrana
TORTA SIR- ©UMSKO VOÆE 1kg;379919;;1.0000;kg;12.99;12.99;;;02.05.2025;12.99;3870622001245;Hrana
SD SET SPU®VICA,2/1, CRANKY;379927;;1.0000;kom;7.49;7.49;;;02.05.2025;6.36;5060481024303;Proizvodi za kuæanstvo
SD SPU®VICA SCRUB DADDY LIMUN;379928;;1.0000;kom;3.99;3.99;;;02.05.2025;3.39;5060481023054;Proizvodi za kuæanstvo
ÈAJNI KOLUTIÆI KRA© 1000 g;379929;Kra¹;1.0000;kg;3.49;3.49;;;02.05.2025;3.49;3850102009954;Hrana
ZUBNA PASTA ELMEX.SENS. 2x75ml;379939;Elmex;0.1500;l;8.78;58.53;;;02.05.2025;8.78;8714789985060;Kozmetika
HURMA©ICE 400 g;379946;;0.4000;kg;3.99;9.98;;;02.05.2025;3.99;3870622000477;Hrana
ULJE MASLIN.EXTRA DJEV.0,25 L;379947;;0.2500;L;6.79;27.16;;;02.05.2025;6.49;3859888295513;Hrana
ZUB.PASTA LACALUT BL.WHI.75 ml;379952;Lacalut;0.0750;L;5.09;67.87;;;02.05.2025;5.09;4016369546215;Kozmetika
DOM.AJVAR MADRE NATURA 550 g;379965;;0.5500;kg;8.99;16.35;;;02.05.2025;8.99;3859892918996;Hrana
LJUTENICA MADRE NATURA 550 g;379966;;0.5500;kg;6.99;12.71;;;02.05.2025;6.99;3859892918132;Hrana
ZAKUSKA MADRE NATURA 550 g;379967;;0.5500;kg;6.99;12.71;;;02.05.2025;6.99;3859892918149;Hrana
PEÈ.PAPRIKA MADRE NATURA 550 g;379968;;0.5500;kg;2.99;5.44;;;02.05.2025;2.99;3859892918187;Hrana
FEFER.MADRE NATURA MIX 530 g;379972;;0.2300;kg;2.99;13.00;;;02.05.2025;2.99;3859892918170;Hrana
FEFER.MADRE NATURA LJUTI 530 g;379977;;0.2300;kg;2.99;13.00;;;02.05.2025;2.99;3859892918156;Hrana
FEFER.MADRE NATURA BLAGI 540 g;379978;;0.2300;kg;2.99;13.00;;;02.05.2025;2.99;3859892918163;Hrana
ZOB.KA©A CHIA KOKOS JAGODA 65g;379985;Row Spirit by Martin Sinkoviæ;0.0650;kg;1.19;18.31;;;02.05.2025;1.19;3859894094155;Hrana
ZOB.KA©A KVIN.JABUKA CIMET 65g;379986;Row Spirit by Martin Sinkoviæ;0.0650;kg;1.19;18.31;;;02.05.2025;1.19;3859894094131;Hrana
ZOB.KA©A KVIN.LJE©.ÈOK. 65 g;379987;Row Spirit by Martin Sinkoviæ;0.0650;kg;1.19;18.31;;;02.05.2025;1.19;3859894094117;Hrana
®ITARICE PAW PATROL ÈOKO.300g;379991;;0.3000;kg;2.99;9.97;;;02.05.2025;2.99;8023637000245;Hrana
®ITARICE PRINCIPESSE ÈOKO.300g;379992;;0.3000;kg;2.99;9.97;;;02.05.2025;2.99;8023637000252;Hrana
Sir Maasdam cca 400 g kri¹ka ;379999;;1.0000;kg;12.49;12.49;;;02.05.2025;12.49;93830019420762;Hrana
TOALETNA TORBICA TRAVEL;380014;Vedeta;1.0000;kom;17.89;17.89;;;02.05.2025;17.89;3858883854404;Toaletne potrep¹tine
JOGURT SENSIA FIBER.NATUR 1 kg;380020;Dukat;1.0000;kg;2.69;2.69;;;02.05.2025;2.69;3850354018674;Hrana
LIKER OD LJE©NJAKA MA 0,7 L;380021;;0.7000;L;32.99;47.13;;;02.05.2025;32.99;3858889833076;Piæa
BOMBONI TIC TAC CITR. MIX 54 g;380042;Tic Tac;0.0540;kg;1.95;36.11;;;02.05.2025;1.95;8000500402597;Hrana
BOMBONI TIC-TAC MINT 54 g;380047;Tic Tac;0.0540;kg;1.95;36.11;;;02.05.2025;1.95;8000500166697;Hrana
BOMBONI TIC-TAC NARANÈA 54 g;380048;Tic Tac;0.0540;kg;1.95;36.11;;;02.05.2025;1.95;8000500164976;Hrana
KEKS DESP.PREM.CANTUCC.200 g;380051;Despar;0.2000;kg;2.59;12.95;;;02.05.2025;2.59;8001300502760;Hrana
®VAKE WRIG.ORBIT JAG.14 g;380053;Wrigley;0.0140;kg;.99;70.71;;;02.05.2025;.99;50173464;Hrana
VOÆNO VINO KUPINE 0,75 L;380057;;0.7500;L;6.02;8.03;;;02.05.2025;6.02;8600133104211;Piæa
BOMBONI SKITTLES 152 g;380060;Skittles;0.1520;kg;2.49;16.38;;;02.05.2025;2.49;4009900513791;Hrana
BOMBONI SKITTLES FRUITS 152 g;380066;Skittles;0.1520;kg;2.49;16.38;;;02.05.2025;2.49;4009900482967;Hrana
BOMBONI MENTOS COLA 38 g;380073;Mentos;0.0380;kg;0.89;23.42;;;02.05.2025;0.89;87368123;Hrana
VOÆNO VINO BOROVNICA 0,75 L;380080;;0.7500;L;6.02;8.03;;;02.05.2025;6.02;8600133104235;Piæa
VOÆNO VINO ARONIJE 0,75 L;380081;;0.7500;L;6.02;8.03;;;02.05.2025;6.02;8600133104204;Piæa
 DVOPEK CLASSIC 320 g;380082;;0.3200;kg;2.19;6.84;;;02.05.2025;2.19;3858881120891;Hrana
DVOPEK INTEGRALNI 320 g;380083;;0.3200;kg;2.19;6.84;;;02.05.2025;2.19;3858881120792;Hrana
Pecivo ¹tangica s budget 80 g;380097;Bäckerei SPAR;0.0800;kg;0.49;6.13;;;02.05.2025;0.49;;Hrana
KOZICE ARG.REP. PREMIUM 300 g;380103;SPAR REMIUM;0.3000;kg;9.99;33.30;;;02.05.2025;9.99;8001300674566;Hrana
VOÆNO VINO MALINE 0,75 L;380118;;0.7500;L;6.02;8.03;;;02.05.2025;6.02;8600133104228;Piæa
VINO JP CHENET SAUVIGN. 0,75 L;380119;Les Grand Chais de France;0.7500;L;5.49;7.32;;;02.05.2025;5.49;3263286355906;Piæa
S-BUDGET VODKA 0,1 L;380120;S-Budget;0.1000;L;1.29;12.90;;;02.05.2025;1.29;3856021227325;Piæa
APEROL 3L;380121;Aperol;3.0000;L;89.99;30.00;;;02.05.2025;90.02;8002230340729;Piæa
VODKA ABSOLUT 4,5 L;380122;;4.5000;L;119.99;26.66;;;02.05.2025;119.99;7312040014507;Piæa
WHISKY JACK DANIELS 3L;380124;;3.0000;L;120.02;40.01;;;02.05.2025;120.02;5099873045114;Piæa
VINO CABERNE.SAUVIGN.MM 0,75 L;380126;;0.7500;L;5.29;7.05;;;02.05.2025;5.29;4840049001325;Piæa
VINO SAUVIGNON 0,75 L;380127;;0.7500;L;5.29;7.05;;;02.05.2025;5.29;4840049001349;Piæa
VINO CABARNET DEL F. 0,75 L;380129;;0.7500;L;;5.99;4.49;5.92;02.05.2025;6.02;4840267009042;Piæa
VINO CHARD.DEL F. 0,75 L;380133;;0.7500;L;;5.99;4.49;5.92;02.05.2025;6.02;4840267009035;Piæa
VINO CABERNET SAUV.CRI. 0,75 L;380135;;0.7500;L;7.02;9.36;;;02.05.2025;7.02;4840013004079;Piæa
VINO CHARDONN.CRICOVA 0,75 L;380136;;0.7500;L;7.02;9.36;;;02.05.2025;7.02;4840013004086;Piæa
CROISSANT NUTELLA 4x85 g;380139;Nutella;0.3400;kg;5.99;17.62;;;02.05.2025;5.99;8000500413654;Hrana
PUDING DUKAT LUX VANIL.4X125 g;380156;Dukat;0.5000;kg;1.99;3.98;;;02.05.2025;1.99;3850354018315;Hrana
PUDING DUKAT LUX ÈOKO.4X125 g;380163;Dukat;0.5000;kg;1.99;3.98;;;02.05.2025;1.99;3850354018292;Hrana
DIVLJI LOSOS S-BUDGET 250 g;380178;S-Budget;0.2500;kg;5.49;21.96;;;02.05.2025;5.49;9100000446332;Hrana
SALVETE GAMING 33x33cm,20/1;380208;;20.0000;kom;2.49;0.12;;;02.05.2025;2.49;5201184937723;Proizvodi za kuæanstvo
SALVETE JUNGLE 33x33cm,20/1;380213;;20.0000;kom;2.49;0.12;;;02.05.2025;2.49;5201184937822;Proizvodi za kuæanstvo
SALVETE PEPPA PIG 33x33cm,20/1;380229;;20.0000;kom;2.99;0.15;;;02.05.2025;2.99;5201184910344;Proizvodi za kuæanstvo
SALVETE STITCH 33x33cm,20/1;380237;;20.0000;kom;2.99;0.15;;;02.05.2025;2.99;5201184967966;Proizvodi za kuæanstvo
HRANA ZA PSE FRISK.JUN.4X85 g;380256;Friskies;0.3400;kg;2.59;7.62;;;02.05.2025;2.59;8445290752048;Proizvodi za kuæanstvo
HRANA ZA PSE FRISK.JUN.4X85 g;380258;Friskies;0.3400;kg;2.59;7.62;;;02.05.2025;2.59;8445290751768;Proizvodi za kuæanstvo
HRANA ZA PSE FRIS.ADULT 4X85 g;380260;Friskies;0.3400;kg;2.59;7.62;;;02.05.2025;2.59;8445290751737;Proizvodi za kuæanstvo
HRANA ZA PSE FRIS.ADULT 4X85 g;380262;Friskies;0.3400;kg;2.59;7.62;;;02.05.2025;2.59;8445290752017;Proizvodi za kuæanstvo
HRANA ZA PSE FRISKIES JUN.85 g;380264;Friskies;0.0850;kg;0.89;10.47;;;02.05.2025;0.89;8445290751096;Proizvodi za kuæanstvo
HRANA ZA PSE FRISK.ADULT 85 g;380266;Friskies;0.0850;kg;0.89;10.47;;;02.05.2025;0.89;8445290751065;Proizvodi za kuæanstvo
HRANA ZA PSE FRISK.ADULT 85 g;380268;Friskies;0.0850;kg;0.89;10.47;;;02.05.2025;0.89;8445290751034;Proizvodi za kuæanstvo
PIVO STARFU*KER PA.ALE 0,44 L;380290;Exclusive bei SPAR;0.4400;L;1.99;4.52;;;02.05.2025;1.99;3858893811879;Piæa
PIVO GENIJE SESSION IPA 0,44 L;380291;Exclusive bei SPAR;0.4400;L;1.99;4.52;;;02.05.2025;1.99;3858893811886;Piæa
PIVO BABAROGA HOPPY LAG.0,44 L;380292;Exclusive bei SPAR;0.4400;L;1.99;4.52;;;02.05.2025;1.99;3858893811893;Piæa
LED.ÈAJ VOLIM TEA BRESK.0,75 L;380294;Exclusive bei SPAR;0.7500;L;1.99;2.65;;;02.05.2025;1.99;9120131560011;Piæa
LED.ÈAJ VOLIM TEA MINT 0,75 L;380295;Exclusive bei SPAR;0.7500;L;1.99;2.65;;;02.05.2025;1.99;9120131560028;Piæa
SIR ZRNATI S BUDG.NATUR 200 g;380296;SPAR;0.2000;kg;1.39;6.95;;;02.05.2025;1.39;9100000017860;Hrana
HRANA ZA PSE PED.JUN.PER.500 g;380301;Pedigree;0.5000;kg;3.29;6.58;;;02.05.2025;3.29;5998749146408;Proizvodi za kuæanstvo
VL.TOA.PAP.ZEWA BADEM 80/1;380424;Zewa;80.0000;KOM;3.29;0.04;;;02.05.2025;3.29;7322541475233;Toaletne potrep¹tine
VL.TOA.PAP.ZEWA BABY 80/1;380425;Zewa;80.0000;;3.29;0.04;;;02.05.2025;3.29;7322541394275;Toaletne potrep¹tine
PECIVO ®EMLJA S -BUDGET  300 g;380426;S-BUDGET;0.3000;kg;1.49;4.97;;;02.05.2025;1.49;3856021227400;Hrana
TJES.PLJUKANCI KARLA XXL 450 g;380432;®itoproizvod;0.4500;kg;2.49;5.53;;;02.05.2025;2.49;3858894930180;Hrana
Pastrva kalifornijska;380437;;1.0000;kg;6.99;6.99;;;02.05.2025;5.99;93856024302800;Hrana
GIN BOGOWSKI 0,7 L;380475;;0.7000;L;34.89;49.84;;;02.05.2025;34.92;0769503273105;Piæa
TORTILJA FLOUR 30CM 18/1 1,62;380521;;1.0000;kom;6.99;6.99;;;02.05.2025;4.99;8437007389432;Hrana
DET.VESH GEL COLOR 1 L ;380522;Vesh;1.0000;L;7.15;7.15;;;02.05.2025;7.15;3870128033825;Sredstva za èi¹æenje
PROSECCO CANELLA DOC 0,2 L;380525;;0.2000;L;4.02;20.10;;;02.05.2025;4.02;8006233101103;Piæa
PANIRANI KOLUTIÆI FROZY 400 g;380528;Frozy;0.4000;kg;3.49;8.73;;;02.05.2025;3.49;3858891045580;Hrana
OBLICI PAN.RIBLJI FROZY 330 g;380529;Frozy;0.3300;kg;3.49;10.58;;;02.05.2025;3.49;3858891045603;Hrana
KAP.PERSIL UNIVERSAL 54/1;380543;Persil;54.0000;kom;;0.26;13.99;18.99;02.05.2025;18.99;9000101801323;Sredstva za èi¹æenje
COCKTAIL DA. MOJ. 0,33 L;380544;;0.3300;L;1.32;4.00;;;02.05.2025;1.32;3830055525688;Piæa
COCK.DANA SEX ON THE B.0,33 L;380545;;0.3300;L;1.32;4.00;;;02.05.2025;1.32;3830055525664;Piæa
COCKTA.DANA BLUE LAGOON 0,33 L;380546;;0.3300;L;1.32;4.00;;;02.05.2025;1.32;3830055525640;Piæa
SLA.CROCCANTINO DESPAR 6x75 ml;380547;Despar;0.4500;L;4.49;9.98;;;02.05.2025;4.49;9100000018881;Hrana
BRISURE BIJ.TARTUF ZIGANT.40 g;380557;Zigante Tartufi;0.0400;kg;21.99;549.75;;;02.05.2025;21.99;3858891983127;Hrana
KREMA CRN.TARTUF.ZIGANTE 40 g;380558;Zigante;0.0400;kg;14.99;374.75;;;02.05.2025;14.99;3858891983165;Hrana
KREMA BIJE.TARTUF.ZIGANTE 40 g;380559;Zigante;0.0400;kg;22.99;574.75;;;02.05.2025;22.99;3858891983134;Hrana
BRISURE CRN.TARTUF ZIGANT.40 g;380560;Zigante;0.0400;kg;16.99;424.75;;;02.05.2025;16.99;3858891983141;Hrana
CARPAC.CRN.TARTUF.ZIGANTE 40 g;380567;Zigante;0.0400;kg;15.99;399.75;;;02.05.2025;15.99;3858891983158;Hrana
ISTARSKI PESTO ZIGANTE130 g;380568;Zigante;0.1300;kg;7.99;61.46;;;02.05.2025;7.99;3858891981390;Hrana
GAZIRANO PIÆE 7UP ZERO 0,5 L;380570;7Up;0.5000;L;1.15;2.30;;;02.05.2025;1.15;3830065023358;Piæa
GAZIRANO PIÆE 7UP ZERO 2 L;380571;7Up;2.0000;L;2.05;1.03;;;02.05.2025;1.95;3830065023396;Piæa
OSVJ.PIÆE VINDI LIMUNADA 1,5 L;380572;Vindija;1.5000;L;1.78;1.19;;;02.05.2025;1.78;3850108072365;Piæa
CAPPUCCINO JACOBS MILKA 15,8 g;380573;Jacobs;0.0158;KG;0.79;50.00;;;02.05.2025;0.65;8711000680179;Piæa
CAPPUCC.JACOBS ORIGINAL 11,6 g;380574;Jacobs;0.0116;KG;0.79;68.10;;;02.05.2025;0.65;8711000493861;Piæa
CAPP.JACOBS VANILIA12 g;380575;Jacobs;0.0120;KG;0.65;54.17;;;02.05.2025;0.65;8711000680216;Piæa
CAPP.JACOBS MILKA LJE©N.16,5 g;380576;Jacobs;0.0165;KG;0.79;47.88;;;02.05.2025;0.65;8711000493939;Piæa
TONIC FENTIM.GINGER BEER 0,2 L;380577;Fentimans;0.2000;L;2.15;10.75;;;02.05.2025;2.15;5029396000727;Piæa
MAJON.SA TARTUF.ZIGANTE 130 g;380583;Zigante;0.1300;kg;5.99;46.08;;;02.05.2025;5.99;3858891982618;Hrana
VINO ERDUT ROSE NL 0,75L;380590;;0.7500;L;7.99;10.65;;;02.05.2025;7.99;3859889193450;Piæa
VINO ERDUT GRA©EVINA NL 0,75 L;380591;;0.7500;L;7.99;10.65;;;02.05.2025;7.99;3859889193221;Piæa
GIN TONIC OLD PILOTS 0,25 L ;380592;;0.2500;L;3.02;12.08;;;02.05.2025;3.02;3859894018342;Piæa
VODKA SODA OLD PIL. 0,25 L;380593;;0.2500;L;3.02;12.08;;;02.05.2025;3.02;3859894018359;Piæa
NAMAZ OD LOSOSA 150 g;380595;;0.1500;kg;4.99;33.27;;;02.05.2025;4.99;8055323490597;Hrana
NAMAZ OD TUNE 150 g;380596;;0.1500;kg;4.99;33.27;;;02.05.2025;4.99;8055323490580;Hrana
BACARDI CARTA ORO 0,7 L;380598;;0.7000;L;18.49;26.41;;;02.05.2025;18.02;5010677028875;Piæa
RAJÈICA SJEC.LA TORRENTE 400 g;380601;;0.4000;kg;1.29;3.23;;;02.05.2025;1.29;8000282000707;Hrana
RAJÈICA PELAT LA TORRENTE 400g;380602;;0.4000;kg;1.29;3.23;;;02.05.2025;1.29;8000282001117;Hrana
UMAK POMOP. LA TORRENTE 400 g;380604;;0.4000;kg;1.29;3.23;;;02.05.2025;1.29;8000282000271;Hrana
RAJÈICA PASIRANA POMOLA 700 g;380605;;0.7000;kg;1.99;2.84;;;02.05.2025;1.99;8000282001865;Hrana
RAJÈICA PASIRANA POMOLA 435 g;380606;;0.4350;kg;1.79;4.11;;;02.05.2025;1.79;8000282001476;Hrana
KETCHUP HEINZ BLAGI 450 g;380610;Heinz;0.4500;kg;3.59;7.98;;;02.05.2025;3.59;8715700421551;Hrana
NAM.VEGGI.ZAÈ.BILJ.ÈE©NJ.150 g;380626;SPAR Veggie;0.1500;kg;2.29;15.27;;;02.05.2025;2.29;9100000027654;Hrana
CAPPUCCINO NESCAFE MOCHA 306 g;380636;Nescafe;0.3060;KG;6.99;22.84;;;02.05.2025;6.99;8000300240245;Piæa
UMAK J.DAN.ORIGINAL BBQ 553g;380642;;0.5530;kg;7.99;14.45;;;02.05.2025;7.99;0810020931754;Hrana
UMAK J.DANIEL´S MED BBQ 553g;380644;;0.5530;kg;7.99;14.45;;;02.05.2025;7.99;0810020931778;Hrana
DET.DUEL UNIVERSAL 2,45 L;380653;Duel;2.4500;L;11.99;4.89;;;02.05.2025;11.99;8606015847108;Sredstva za èi¹æenje
SENF THOMY AMERICANO TUBA 190g;380655;;0.1900;kg;2.29;12.05;;;02.05.2025;2.29;8445290992864;Hrana
SENF ESTRAGON PODRAVKA 310 g;380659;Podravka;0.3100;kg;2.09;6.74;;;02.05.2025;2.09;3856020268909;Hrana
NAPOLITANKE LASTA 480 g;380689;Lasta;0.4800;kg;2.99;6.23;;;02.05.2025;2.99;3870128037878;Hrana
BAG.VEGGIE SA ZAÈ.BILJEM 175 g;380700;SPAR Veggie;0.1750;kg;1.29;7.37;;;02.05.2025;1.29;9100000007953;Hrana
INST.KAVA ILLY CLASSIC RO.95 g;380703;Illy;0.0950;KG;9.49;99.89;;;02.05.2025;9.99;8003753144337;Piæa
INST.KAVA ILLY BOLD ROAST 95 g;380705;Illy;0.0950;KG;9.49;99.89;;;02.05.2025;9.99;8003753144313;Piæa
Èajna kobasica Spar;380715;SPAR;1.0000;kg;14.99;14.99;;;02.05.2025;14.99;3856021227578;Hrana
TP.PALOMA MAX 4/1;380716;Paloma;4.0000;kom;4.39;1.10;;;02.05.2025;4.39;3838952035163;Toaletne potrep¹tine
Dimljena kuhana ¹unka Despar;380717;Despar;1.0000;kg;14.99;14.99;;;02.05.2025;12.99;1260670000000;Hrana
NAMAZ B.MAMAN LJE©.ÈOKOL.360g;380749;;0.3600;kg;5.99;16.64;;;02.05.2025;6.99;3608580129615;Hrana
NAMAZ B.MAMAN KIKIRIKI 325 g;380751;;0.3250;kg;4.99;15.35;;;02.05.2025;5.49;3608580141082;Hrana
NAMAZ NOCCIOLATA LJE©.ÈOK.250g;380752;;0.2500;kg;5.29;21.16;;;02.05.2025;5.29;8052575091176;Hrana
NAMAZ NOCCIOLATA LJE©.ÈOK.250g;380754;;0.2500;kg;5.39;21.56;;;02.05.2025;5.39;8052575091183;Hrana
RI®A ARBORIO ENCIAN VAK.1 kg;380764;;1.0000;kg;4.49;4.49;;;02.05.2025;4.49;3858894620388;Hrana
RI®A ORIGINARIO ENCIAN 1 kg;380766;;1.0000;kg;3.99;3.99;;;02.05.2025;3.99;3858894620401;Hrana
VODKA GREY GOOSE 1,5 L;380775;Grey Goose;1.5000;L;120.02;80.01;;;02.05.2025;120.02;5010677850506;Piæa
RUM CAPTAIN MORGAN 1,5 L;380776;Captain Morgan;1.5000;L;40.02;26.68;;;02.05.2025;40.02;5000281035338;Piæa
VODKA CRYSTAL HEAD 1,75 L;380777;;1.7500;L;130.02;74.30;;;02.05.2025;130.02;0627040411469;Piæa
WHISKEY J.W. RED LABEL 1,5 L;380783;Johnnie Walker;1.5000;L;45.02;30.01;;;02.05.2025;45.02;5000267013008;Piæa
GIN HENDRICKS 1,75 L;380802;Hendricks;1.7500;L;115.02;65.73;;;02.05.2025;115.02;5010327701028;Piæa
LIKER JAGERMEISTER 3 L;380803;;3.0000;L;74.02;24.67;;;02.05.2025;74.02;4067700027740;Piæa
TAB.JAR ALL IN ONE LEMON 116/1;380804;Jar;116.0000;kom;;0.18;20.99;29.99;02.05.2025;29.99;8700216253482;Sredstva za èi¹æenje
DET.PERSIL FRESHNESS 6,05 kg;380818;Persil;6.0500;kg;29.99;4.96;;;02.05.2025;23.99;9000101806083;Sredstva za èi¹æenje
DET.PERWOLL COLOR 2x3 L;380822;Perwoll;6.0000;l;22.99;3.83;;;02.05.2025;22.99;9000101818222;Sredstva za èi¹æenje
RAKIJA AURA BISKA 3 L;380846;;3.0000;L;150.02;50.01;;;02.05.2025;150.02;3859893552588;Piæa
LIKER AURA TERANINO 3 L;380848;;3.0000;L;150.02;50.01;;;02.05.2025;150.02;3858894950386;Piæa
GIN AURA KARBUN 3 L;380849;;3.0000;L;190.02;63.34;;;02.05.2025;190.02;3859893552601;Piæa
S SALVETE CRNA 30/1,33x33cm;380904;SPAR Qualitätsmarke;1.0000;kom;1.19;1.19;;;02.05.2025;1.19;9100000037011;Proizvodi za kuæanstvo
S SALVETE MINT 30/1,33x33cm;380906;SPAR Qualitätsmarke;1.0000;kom;1.19;1.19;;;02.05.2025;1.19;9100000036892;Proizvodi za kuæanstvo
S SALVETE APRIKOT 30/1,33x33cm;380907;SPAR Qualitätsmarke;1.0000;kom;1.19;1.19;;;02.05.2025;1.19;9100000036830;Proizvodi za kuæanstvo
S SALVETE T. ROZA 30/1,33x33cm;380908;SPAR Qualitätsmarke;1.0000;kom;1.19;1.19;;;02.05.2025;1.19;9100000036953;Proizvodi za kuæanstvo
S SALVETE CRNE 50/1,40x40cm;380909;SPAR Qualitätsmarke;1.0000;kom;2.69;2.69;;;02.05.2025;2.69;9100000037035;Proizvodi za kuæanstvo
S SALVETE MINT 50/1,40x40cm;380910;SPAR Qualitätsmarke;1.0000;kom;2.69;2.69;;;02.05.2025;2.69;9100000036915;Proizvodi za kuæanstvo
S SALVETE APRIKOT  50/1,40x40c;380911;SPAR Qualitätsmarke;1.0000;kom;2.69;2.69;;;02.05.2025;2.69;9100000036854;Proizvodi za kuæanstvo
S SALVETE T.ROZA  50/1,40x40cm;380912;SPAR Qualitätsmarke;1.0000;kom;2.69;2.69;;;02.05.2025;2.69;9100000036977;Proizvodi za kuæanstvo
S SALVETE CRNE 50/1,24x24cm;380913;SPAR Qualitätsmarke;1.0000;kom;1.29;1.29;;;02.05.2025;1.29;9100000036991;Proizvodi za kuæanstvo
S SALVETE MINT  50/1,24x24cm;380914;SPAR Qualitätsmarke;1.0000;kom;1.29;1.29;;;02.05.2025;1.29;9100000036878;Proizvodi za kuæanstvo
S SALVETE APRIKOT 50/1,24x24cm;380915;SPAR Qualitätsmarke;1.0000;kom;1.29;1.29;;;02.05.2025;1.29;9100000036816;Proizvodi za kuæanstvo
S SALVETE T.ROZA  50/1,24x24cm;380916;SPAR Qualitätsmarke;1.0000;kom;1.29;1.29;;;02.05.2025;1.29;9100000036939;Proizvodi za kuæanstvo
BEEF RIBS TANN 650g;380999;Tann;0.6500;kg;12.99;19.98;;;02.05.2025;12.99;9100200514831;Hrana
ÆEVAPÈIÆI S-BUDGET 800 g;381005;S-BUDGET;0.8000;kg;3.99;4.99;;3.99;02.05.2025;5.29;3856021227721;Hrana
SPARE RIBS 600 G TANN;381008;Tann;0.5000;kg;10.99;21.98;;;02.05.2025;10.99;9100200514855;Hrana
EDAMAME U MAH.SPAR VITAL300 g ;381054;SPAR Vital;0.3000;kg;;5.97;1.79;1.83;02.05.2025;1.79;9100000019581;Hrana
SLAD.©TAPIÆ VRHNJE SB 8x65 ml;381055;S-Budget;0.5200;L;3.29;6.33;;;02.05.2025;3.29;8057204093538;Hrana
ÈIPS PRINGLES KETCHUP 165 g;381066;Pringles;0.1650;kg;3.49;21.15;;;02.05.2025;3.49;5053990121922;Hrana
INST.KAVA NESCAF.CLASSIC 155 g;381116;Nescafe;0.1550;KG;2.99;19.29;;;02.05.2025;2.99;8445291261044;Piæa
KAVA JULIUS MEIN.ES.MOKA 220 g;381117;JULIUS MEINL;0.2200;KG;7.79;35.41;;;02.05.2025;7.19;9000403975456;Piæa
IN.JUHA PODRAVKA CURRY 65g;381192;Podravka;0.0650;kg;1.69;26.00;;;02.05.2025;1.69;3856020269944;Hrana
IN.JUHA PODRAVKA PILET.TER.65g;381193;Podravka;0.0650;kg;1.69;26.00;;;02.05.2025;1.69;3856020270063;Hrana
IN.JUHA PODRAVKA SP.BEEF 65g;381194;Podravka;0.0650;kg;1.69;26.00;;;02.05.2025;1.69;3856020270032;Hrana
JUHA KREM OD RAJÈ.S-BUDGET 65g;381196;S-Budget;0.0650;kg;0.65;10.00;;;02.05.2025;0.65;3856021226526;Hrana
JUHA KREM OD GLJIVA S-BUDG.65g;381197;S-Budget;0.0650;kg;0.65;10.00;;;02.05.2025;0.65;3856021226502;Hrana
JUHA POVRTNA TJ. S-BUDGET 65g;381198;S-Budget;0.0650;kg;0.59;9.08;;;02.05.2025;0.59;3856021226489;Hrana
JUHA GOVEÐA TJES. S-BUDGET 65g;381199;S-Budget;0.0650;kg;0.59;9.08;;;02.05.2025;0.59;3856021226465;Hrana
JUHA KOKO©JA TJES. S-BUDG. 65g;381200;S-Budget;0.0650;kg;0.59;9.08;;;02.05.2025;0.59;3856021226441;Hrana
GIN&TON.MILLHILL STRA. 0,25 L ;381219;;0.2500;L;2.42;9.68;;;02.05.2025;2.42;8594005026155;Piæa
FLIPS STOBI 200 g;381220;Stobi;0.2000;kg;1.99;9.95;;;02.05.2025;0.99;5310005021753;Hrana
FLIPS STOBI SPICY 200 g;381221;Stobi;0.2000;kg;1.99;9.95;;;02.05.2025;0.99;5310005021777;Hrana
WHISKY CLAN CAMPBELL 0,7 L;381222;;0.7000;L;;14.27;9.99;13.92;02.05.2025;14.02;5056772300003;Piæa
RAKIJA TRAVARICA BADEL 0,1 L;381223;;0.1000;L;1.65;16.50;;;02.05.2025;1.65;3850112122230;Piæa
RAKIJA ©LJIVOVICA BADEL 0,1 L;381224;;0.1000;L;1.69;16.90;;;02.05.2025;1.69;3850112121301;Piæa
BACARDI CARTA NEGRA 0,7 L;381225;;0.7000;L;18.49;26.41;;;02.05.2025;18.02;7610113004814;Piæa
VINO ©IBENSKI JAKOV 0,75 L;381226;;0.7500;L;14.99;19.99;;;02.05.2025;14.99;3859890650638;Piæa
PROSEC.VALDO ROSE 0,75 L;381227;;0.7500;L;14.02;18.69;;;02.05.2025;14.02;8002335650068;Piæa
PROSECCO VALDO CUVEE M. 0,75 L;381228;;0.7500;L;12.02;16.03;;;02.05.2025;12.02;8002335620061;Piæa
VINO VRH.MERLOT NUIÆ 0,75 L;381229;;0.7500;L;13.02;17.36;;;02.05.2025;13.02;3872499000338;Piæa
VINO VR.®ILAVKA NUIÆ 0,75 L;381230;;0.7500;L;13.02;17.36;;;02.05.2025;13.02;3872499000017;Piæa
VINO VR.BLATINA NUIÆ 0,75 L;381231;;0.7500;L;13.02;17.36;;;02.05.2025;13.02;3872499000031;Piæa
VINO VR.CAB.SAUVIGN.NUIÆ 0,75L;381232;;0.7500;L;13.02;17.36;;;02.05.2025;13.02;3872499000055;Piæa
ZUB.PASTA SENSODYNE CLIN 75 ml;381238;Sensodyne;0.0750;kom;8.49;113.20;;;02.05.2025;6.39;5054563207357;Kozmetika
ZUB.PASTA AQUAFRESH INT.W75 ml;381239;Aquafresh;0.0750;kom;3.99;53.20;;;02.05.2025;3.89;5054563159250;Kozmetika
VODA ZA USTA PARODONAT.300 ml;381240;Parodontax;0.3000;l;7.99;26.63;;;02.05.2025;7.99;5054563231291;Kozmetika
TUNA FJK SUNCOKR.ULJE 4X80 g;381241;Franz Jozef Kaiser;0.1040;kg;5.99;57.60;;;02.05.2025;5.99;8595241527857;Hrana
IZO.NAP.POWERADE MANGO 0,5 L;381254;Powerade;0.5000;L;1.65;3.30;;;02.05.2025;1.65;5449000320988;Piæa
BALZAM USNE ISANA 2x4,8g;381303;ISANA;0.0096;kg;1.79;186.46;;;02.05.2025;1.79;42453383;Kozmetika
PUD.PROTEIN VANIL.SPAR 200 g;381306;SPAR;0.2000;kg;0.99;4.95;;;02.05.2025;0.99;9100000015439;Hrana
PUD.PROTEIN ÈOKOLAD.SPAR 200 g;381307;SPAR;0.2000;kg;0.99;4.95;;;02.05.2025;0.99;9100000015415;Hrana
PROT.NAP.ÈOKO.SPAR 330 ml;381308;SPAR;0.3500;kg;1.52;4.34;;;02.05.2025;1.52;9100000015477;Hrana
PROT.NAP.VANILIJA SPAR 330 ml;381309;SPAR;0.3500;kg;1.52;4.34;;;02.05.2025;1.52;9100000015491;Hrana
ÈIPS OD LEÆE CHIO SLANI 65 g;381370;Chio;0.0650;kg;;27.54;1.79;1.99;02.05.2025;1.99;5996253002210;Hrana
BOMB.SKITTLES DESSERT 152 g;381371;Skittles;0.1520;kg;2.49;16.38;;;02.05.2025;2.49;4009900544788;Hrana
DIVLJE BOROVNICE SPAR 200 g;381372;SPAR;0.2000;kg;1.99;9.95;;;02.05.2025;1.99;9100000031309;Hrana
TAB.SOMAT GOLD 120/1;381405;Somat;120.0000;kom;19.99;0.17;;;02.05.2025;19.99;9000101808803;Sredstva za èi¹æenje
DET.PERSIL UNIVERSAL 2X2,43 L;381406;Persil;4.8600;l;29.99;6.17;;;02.05.2025;23.99;9000101824438;Sredstva za èi¹æenje
DET.PERSIL COLOR 2X2,43 L;381410;Persil;4.8600;l;29.99;6.17;;;02.05.2025;23.99;9000101824469;Sredstva za èi¹æenje
GEL SOMAT EXCELLENCE 3x684 ml;381420;Somat;2.0500;L;19.99;9.75;;;02.05.2025;19.99;9000101819250;Sredstva za èi¹æenje
TORTA BISCOTTO 850 g;381440;;0.8500;kg;10.99;12.93;;;02.05.2025;10.99;3870622001078;Hrana
KRUTI ©AMPON BILJARICA LI.50 g;381463;;0.0500;kg;7.99;159.80;;;02.05.2025;7.99;3857500147325;Kozmetika
KRUTI ©AMPON BILJARICA NA.50 g;381466;;0.0500;kg;7.99;159.80;;;02.05.2025;7.99;3857500147301;Kozmetika
PIVO BREWVILLE OA.STOUT 0,33 L;381474;Exclusive bei SPAR;0.3300;L;2.02;6.12;;;02.05.2025;2.02;3857500107022;Piæa
PIVO BREWVILLE APA 0,33 L;381475;Exclusive bei SPAR;0.3300;L;2.02;6.12;;;02.05.2025;2.02;3857500107008;Piæa
PIVO BREWVILLE IPA 0,33 L;381476;Exclusive bei SPAR;0.3300;L;2.02;6.12;;;02.05.2025;2.02;3857500107039;Piæa
PIVO BREWVILLE PILSNER 0,33 L;381477;Exclusive bei SPAR;0.3300;L;2.02;6.12;;;02.05.2025;2.02;3857500107060;Piæa
DET.ARIEL UNIVERSAL 6 kg;381492;Ariel;6.0000;kg;21.99;3.67;;21.99;02.05.2025;21.99;8700216088404;Sredstva za èi¹æenje
MLIJEKO UHT 1,5% S BUDGET 1 L;381521;SPAR;1.0000;L;0.95;0.95;;;02.05.2025;0.95;9100000988771;Hrana
MLIJEKO UHT 3,5% S BUDGET 1 L;381523;SPAR;1.0000;L;1.05;1.05;;;02.05.2025;1.05;9100000988795;Hrana
RIBLJ.BURG.PICC.PANONICA 400 g;381563;;0.4000;kg;7.99;19.98;;;02.05.2025;7.99;3859894308009;Hrana
RIBLJ.BURG.AROM.PANONICA 400 g;381564;;0.4000;kg;7.99;19.98;;;02.05.2025;7.99;3859894308023;Hrana
RIBLJ.ÆEVAPÈIÆI PANONICA 400 g;381565;;0.4000;kg;7.99;19.98;;;02.05.2025;7.99;3859894308047;Hrana
RIBASICA AROMAT.PANONICA 400 g;381566;;0.4000;kg;7.99;19.98;;;02.05.2025;7.99;3859894308061;Hrana
TJESTENINA FUSILLI PIR 400 g;381575;;0.4000;kg;2.99;7.48;;;02.05.2025;2.99;3857500150103;Hrana
D®EM EXTRA DIVLJI ©IPAK 340 g;381579;;0.3400;kg;5.99;17.62;;;02.05.2025;5.99;3857500148407;Hrana
MINI HOT DOG S-BUDGET 1 kg;381614;S-Budget;1.0000;kg;3.99;3.99;;;02.05.2025;3.99;3856021227349;Hrana
SRE.SPLENDID ODST.KAMENCA 1 L ;381626;Splendid;1.0000;L;2.65;2.65;;;02.05.2025;2.65;9100000022215;Sredstva za èi¹æenje
POK.PAK.MARTINELIA YUMMY TIN B;381632;MARTINELIA;1.0000;kom;8.49;8.49;;;02.05.2025;8.49;8436609398576;Kozmetika
POK.PAKET ZMILE ADV.KALE;381634;ZMILE;1.0000;kom;21.99;21.99;;;02.05.2025;21.99;4038432015053;Kozmetika
MJE©AVINA INT.PIROV GRIZ 300g;381641;;0.3000;kg;3.99;13.30;;;02.05.2025;3.99;3857500150127;Hrana
TJES.PEREC FUSILLI ©PINAT 400g;381642;;0.4000;kg;2.49;6.23;;;02.05.2025;2.49;3859894123336;Hrana
TJES.PEREC FUSILLI PROT. 400g;381646;;0.4000;kg;2.99;7.48;;;02.05.2025;2.99;3859894123374;Hrana
TJ.PEREC FUSILLI TIKVA  400g;381647;;0.4000;kg;2.49;6.23;;;02.05.2025;2.49;3859894123350;Hrana
TJ.PEREC FUSILLI BATAT 400g;381649;;0.4000;kg;2.49;6.23;;;02.05.2025;2.49;3859894123312;Hrana
ÈOK.KRA© SELEC.GRIOTTE 135 g;381651;Griotte;0.1350;kg;3.79;28.07;;;02.05.2025;3.79;3850102013494;Hrana
GRANOLA MOR.LAB JAG.VAN. 350 g;381652;;0.3500;kg;7.99;22.83;;;02.05.2025;7.99;3859894271044;Hrana
PRALINE KRA© BAJADERA 175 g;381653;Bajadera;0.1750;kg;7.99;45.66;;;02.05.2025;5.99;3850102009770;Hrana
GRANOLA MORNING LAB NUTS 350g;381655;;0.3500;kg;7.99;22.83;;;02.05.2025;7.99;3859894271037;Hrana
GRANOLA MOR.LAB KOKOS 350 g;381656;;0.3500;kg;7.99;22.83;;;02.05.2025;7.99;3859894271051;Hrana
GRANOLA MOR.LAB TRO.ÈOKO. 350g;381657;;0.3500;kg;7.99;22.83;;;02.05.2025;7.99;3859894271099;Hrana
GUM.BOM.KIKI FLUFFY XMAS 90 g;381664;;0.0900;kg;1.39;15.44;;;02.05.2025;1.39;3850102009855;Hrana
BOBICE HASKAPA BIO 300 g;381666;;0.3000;kg;6.99;23.30;;;02.05.2025;6.99;3858895370008;Hrana
KEKS PARIS LJE©.XM.(3x75) 225g;381670;Paris;0.2250;kg;1.79;7.96;;;02.05.2025;1.79;3856014107955;Hrana
POKL.VREÆICA KANDIT XMAS 297 g;381672;Kandit;0.2970;kg;4.85;16.33;;;02.05.2025;4.85;3856024805698;Hrana
POK.PAK.KAND.XMAS SAONICE 550g;381673;Kandit;0.5500;kg;10.99;19.98;;;02.05.2025;10.99;3856024805674;Hrana
D®EM EX.BABOJELIÆ HAS.BOB.230g;381677;;0.2300;kg;4.49;19.52;;;02.05.2025;4.49;3858895370022;Hrana
VL.TP.VIOLETA NEVEN 4X60/1;381678;Violeta;240.0000;KOM;4.99;0.02;;;02.05.2025;4.99;3870128021280;Toaletne potrep¹tine
POK.PAK.NIVEA W.FACE Q10 POWER;381688;Nivea;1.0000;kom;31.99;31.99;;;02.05.2025;31.99;9005800382937;Kozmetika
POK.PAK.NIVEA W. DAILY CARE ;381689;Nivea;1.0000;kom;8.99;8.99;;;02.05.2025;8.99;9005800383255;Kozmetika
LIZALICA BO®IÆ MIX 48 g;381695;;0.0480;kg;1.29;26.88;;;02.05.2025;1.29;5901986031482;Hrana
ZU.PASTA SIGNAL EX.FRESH 75 ml;381719;Signal;0.0750;l;3.29;43.87;;;02.05.2025;3.29;8720181437243;Kozmetika
ÈET.ZUB.SIGNAL SENSISOFT 3/1;381721;Signal;3.0000;kom;6.49;2.16;;;02.05.2025;6.49;8720181277184;Kozmetika
SOK HASKAP MATIÈNI BIO 330 ml;381728;;0.3300;l;7.52;22.79;;;02.05.2025;7.52;3858895370046;Piæa
BOMBONI U FIGURICI 5G;381732;Baron Company;0.0050;kg;1.49;298.00;;;02.05.2025;1.49;8590311106178;Hrana
PECI.ELEPH.OKUS RO©TILJA 125 g;381738;Elephant;0.1250;kg;1.89;15.12;;1.59;02.05.2025;1.59;5949040204601;Hrana
NAMAZ LINO LADA DUO PODR.770 g;381739;Podravka;0.7700;kg;;6.48;4.99;6.49;02.05.2025;6.49;3856020272739;Hrana
POK.PAK.PANTENE HYDRA GLOW;381748;Pantene;1.0000;kom;24.99;24.99;;;02.05.2025;24.99;8700216614788;Kozmetika
POK.PAK.PANTENE INFINITY ;381750;Pantene;1.0000;kom;9.99;9.99;;;02.05.2025;9.99;8700216614870;Kozmetika
ÈOK.FERR.ROCHER BIJELA 90 g ;381765;Ferrero;0.0900;kg;2.49;27.67;;;02.05.2025;2.49;8000500359884;Hrana
NEKTAR MARASKA MULTIVITAMI.1 L;381786;Maraska;1.0000;L;1.79;1.79;;;02.05.2025;1.65;3850158800062;Piæa
POK.PAK.MELEM COLD 3X10 ml  ;381787;Melem;1.0000;kom;9.59;9.59;;;02.05.2025;9.59;3856007911712;Kozmetika
MEDENJACI KASTNER 300 g;381793;Kastner;0.3000;KG;4.99;16.63;;;02.05.2025;4.99;9001734004112;Hrana
MEDENJACI KASTNER MIX 300 g;381796;Kastner;0.3000;KG;4.99;16.63;;;02.05.2025;4.99;9001734004143;Hrana
POK.PAK.MARTINELIA MAKE&KEY;381822;MARTINELIA;1.0000;kom;5.99;5.99;;;02.05.2025;5.99;8436609399290;Kozmetika
POK.PAK.MARTINELIA CIR.BEAUTY ;381823;MARTINELIA;1.0000;kom;7.99;7.99;;;02.05.2025;7.99;8436609399306;Kozmetika
POK.PAK.MARTINELIA BALL.BE.SET;381826;MARTINELIA;1.0000;kom;9.49;9.49;;;02.05.2025;9.49;8436609398941;Kozmetika
POK.PAK.MARTINELIA GAL.DREA.;381827;MARTINELIA;1.0000;kom;7.99;7.99;;;02.05.2025;7.99;8436609398767;Kozmetika
D®EM MADRE NAT.MARELICA 430 g ;381828;;0.4300;kg;3.99;9.28;;;02.05.2025;3.99;3859892918408;Hrana
D®EM MADRE NAT.©LJIVA 430 g ;381830;;0.4300;kg;3.59;8.35;;;02.05.2025;3.59;3859892918415;Hrana
D®EM MADRE NAT.VI©NJA 430 g ;381833;;0.4300;kg;3.99;9.28;;;02.05.2025;3.99;3859892918422;Hrana
D®EM MADRE NAT.JAGODA 430 g ;381837;;0.4300;kg;4.59;10.67;;;02.05.2025;4.59;3859892918477;Hrana
DEO STICK OLD SPICE TIGE.50 ml;381852;Old Spice;0.0500;l;;61.60;3.08;3.85;02.05.2025;3.85;8700216884686;Kozmetika
MORSKO BLAGO LEDO 352 g;381866;Ledo;0.3520;kg;4.99;14.18;;;02.05.2025;4.99;3850116066004;Hrana
DUOPACK CHIO TIP TOP 200 g;381868;Chio;0.2000;kg;2.29;11.45;;2.29;02.05.2025;3.09;3856021307430;Hrana
PRALINE FERRERO ROCHER 312 g;381894;Ferrero;0.3120;kg;11.99;38.43;;;02.05.2025;11.99;4008400172521;Hrana
PAN.PIL.FREE-TES VINDIJA 600 g;381897;Cekin;0.6000;kg;;10.98;6.59;8.29;02.05.2025;8.29;3850159141119;Hrana
PAN.PIL.NUGGETS VINDIJA 600 g;381898;Cekin;0.6000;kg;;10.98;6.59;8.29;02.05.2025;8.29;3850159141126;Hrana
JUHA IN.FINI MINI RAJÈICA 115g;381921;Podravka;0.1150;kg;2.19;19.04;;;02.05.2025;2.69;3856020275228;Hrana
ÈIPS LAYS SALSA 120 g;381922;Lays;0.1200;kg;2.19;18.25;;;02.05.2025;1.89;5900259135834;Hrana
JUHA IN.FINI MINI GOVEÐA 90 g;381923;Podravka;0.0900;kg;2.19;24.33;;;02.05.2025;2.69;3856020275082;Hrana
JUHA IN.FINI MINI KOKO©JA 90 g;381926;Podravka;0.0900;kg;2.19;24.33;;;02.05.2025;2.69;3856020274566;Hrana
POK.PAK.AFRODITA MYS.BLOOM  ;381930;Afrodita;1.0000;kom;13.49;13.49;;;02.05.2025;13.49;3831070662495;Kozmetika
POK.PAK.AFRODITA YUICY PAP.GL ;381931;Afrodita;1.0000;kom;15.99;15.99;;;02.05.2025;15.99;3831070662525;Kozmetika
TARALLI CLASSIC FLAVOR 500 g;381933;;0.5000;kg;2.49;4.98;;;02.05.2025;2.49;8057094341719;Hrana
POK.PAK.AFRODITA CANDY GIRL  ;381936;Afrodita;1.0000;kom;12.49;12.49;;;02.05.2025;12.49;3831070662433;Kozmetika
GIN S-BUDGET 0,1 L;381941;S-BUDGET;0.1000;L;1.29;12.90;;;02.05.2025;1.29;3856021227585;Piæa
VINO GRA©EVINA JERUZAL. 0,75 L;381946;;0.7500;L;5.79;7.72;;;02.05.2025;5.79;3830078702233;Piæa
BEZALK.PJENU©.JPC CHARD 0,75 L;381948;Les Grand Chais de France;0.7500;L;6.29;8.39;;;02.05.2025;6.29;3500610129247;Piæa
BEZALKOH.PJENU.JPC ROSE 0,75 L;381949;Les Grand Chais de France;0.7500;L;6.29;8.39;;;02.05.2025;6.29;3500610129254;Piæa
BEZ.PJ.BRUT DARG.CHARDO 0,75 L;381955;Les Grand Chais de France;1.0000;L;9.02;9.02;;;02.05.2025;9.02;3500610155772;Piæa
STUDENTSKI MIX S-BUDGET 500 g;382013;S-Budget;0.5000;kg;3.99;7.98;;;02.05.2025;3.99;3856021226946;Hrana
STUDENTSKI MIX S-BUDGET 500 g;382014;S-Budget;0.5000;kg;3.99;7.98;;;02.05.2025;3.99;3856021226960;Hrana
PECIVO ELEPHANT 125 g;382028;Elephant;0.1250;kg;1.89;15.12;;1.59;02.05.2025;1.59;5949040203529;Hrana
PECIVO ELEPHANT 125 g;382031;Elephant;0.1250;kg;1.89;15.12;;1.59;02.05.2025;1.59;5949040203567;Hrana
PECIVO ELEPHANT TWIST 70 g;382036;Elephant;0.0700;kg;1.39;19.86;;;02.05.2025;1.39;5949040204311;Hrana
ENJOY SAL TUNA COUSCOUS 275 g;382071;SPAR enjoy;0.2750;kg;4.19;15.24;;;02.05.2025;4.19;3856021227684;Hrana
ENJOY SAL.PILET.QUINOA 275 g;382073;SPAR enjoy;0.2750;kg;4.19;15.24;;;02.05.2025;4.19;3856021227707;Hrana
POK.PAK. TESORI AYUREDA   ;382084;Tesori;1.0000;kom;8.99;8.99;;;02.05.2025;8.99;8008970051796;Kozmetika
SIR ISTARSKI TVRDI SPAR 300 g;382099;SPAR Qualitätsmarke;0.3000;kg;5.99;19.97;;;02.05.2025;5.99;3856021227462;Hrana
SALVETE 3D DJEDA BO®IÈNJAK;382110;;1.0000;kom;0.99;0.99;;;02.05.2025;0.99;8712442877448;Proizvodi za kuæanstvo
SALVETE 3D BO®.PULOVER;382112;;1.0000;kom;0.99;0.99;;;02.05.2025;0.99;8712442877417;Proizvodi za kuæanstvo
NAMAZ LINO LADA DUO PODR.500 g;382130;Podravka;0.5000;kg;4.69;9.38;;;02.05.2025;4.69;3856020241636;Hrana
SRE.VANISH WHITE 970 g;382133;Vanish;0.9700;kg;12.99;13.39;;;02.05.2025;12.99;5999109562821;Sredstva za èi¹æenje
SALVETE ZIMA 33x33 cm,20/1;382135;;1.0000;kom;2.49;2.49;;;02.05.2025;2.49;9001632908307;Proizvodi za kuæanstvo
KOB. NOSTALGIÈNA  80 g PIVAC;382233;Pivac;0.0800;kg;1.79;22.38;;;02.05.2025;1.79;3859892881290;Hrana
®IT. PODR.O´PLANT FRUIT 350 g;382248;Podravka;0.3500;kg;3.59;10.26;;;02.05.2025;3.59;3856020274320;Hrana
KOB.DIMLJENA ZA KUHANJE 270 g;382249;Medven;0.2700;kg;3.98;14.74;;;02.05.2025;3.98;3859894129307;Hrana
®IT. POD.O´PLANT DAT.MAT. 350g;382254;Podravka;0.3500;kg;3.59;10.26;;;02.05.2025;3.59;3856020274269;Hrana
®IT.POD.O´PLANT CHIA  PIR 350g;382259;Podravka;0.3500;kg;3.59;10.26;;;02.05.2025;3.59;3856020274238;Hrana
®IT. PO.O´PLANT DAT.KAKAO 350g;382262;Podravka;0.3500;kg;3.59;10.26;;;02.05.2025;3.59;3856020274290;Hrana
INST.J.NISSIN WOK CHILLI 92g;382285;Nissin;0.0920;kg;;18.37;1.69;2.39;02.05.2025;2.39;5997523313135;Hrana
©TRUKLI SIR ZLATO POLJE 1 kg;382287;Podravka;1.0000;kg;5.99;5.99;;;02.05.2025;5.99;3838700369267;Hrana
INST.J.NISSIN WOK TERIYAKI 90g;382288;Nissin;0.0900;kg;;18.78;1.69;2.39;02.05.2025;2.39;5997523313159;Hrana
INST.J.NISSIN NOOD.SPICY 66g;382290;Nissin;0.0660;kg;;19.55;1.29;2.09;02.05.2025;2.09;5997523317072;Hrana
INST.J.NISSIN NOOD.KOZICE 63g;382293;Nissin;0.0630;kg;;20.48;1.29;2.09;02.05.2025;2.09;8712429130405;Hrana
NEKT.VINDI DISNEY JAGODA 0,2 L;382306;Vindija;0.2000;L;0.89;4.45;;;02.05.2025;0.89;3850108075496;Piæa
NEK.VINDI DISNEY BRESKVA 0,2 L;382307;Vindija;0.2000;L;0.89;4.45;;;02.05.2025;0.89;3850108078305;Piæa
NEKTAR VINDI DISNEY JABUKA 1 L;382308;Vindija;1.0000;L;;1.29;1.29;1.79;02.05.2025;1.79;3850108078190;Piæa
NEKTAR VINDI DISNEY BOROVN.1 L;382309;Vindija;1.0000;L;2.19;2.19;;;02.05.2025;2.19;3850108078244;Piæa
EN.PIÆE RED BULL WINTER 0,25 L;382311;Red Bull;0.2500;L;1.72;6.88;;;02.05.2025;1.72;90457319;Piæa
SOK HOHES C 100% ®ELJEZO 1 L;382312;Hohes C;1.0000;L;3.29;3.29;;;02.05.2025;3.29;4048517619731;Piæa
HUMMUS GURU RIBELLA 180 g;382313;Zvijezda;0.1800;kg;2.25;12.50;;;02.05.2025;2.09;8606011896254;Hrana
SOK HOHES C 100% IMUNO 1 L;382314;Hohes C;1.0000;L;3.29;3.29;;;02.05.2025;3.29;4048517654442;Piæa
SOK HOHES C 100% SUNVIT. D 1 L;382315;Hohes C;1.0000;L;3.99;3.99;;;02.05.2025;3.99;4048517629983;Piæa
HUMMUS GURU RIBELLA ORIG.180 g;382316;;0.1800;kg;2.25;12.50;;;02.05.2025;2.09;8606011896377;Hrana
SMOTHIE HS JAGODA 200 g;382321;;0.2000;KG;0.99;4.95;;;02.05.2025;0.99;8590014839311;Piæa
SORBET MANGO SPAR PREMI.480 ml;382322;SPAR PREMIUM;0.4800;L;5.99;12.48;;;02.05.2025;5.99;9100000021621;Hrana
SMOTHIE HS ANANAS 200 g;382323;;0.2000;KG;0.99;4.95;;;02.05.2025;0.99;8590014839502;Piæa
SMOTHIE HS MARELICA 200 g;382325;;0.2000;KG;0.99;4.95;;;02.05.2025;0.99;8590014839328;Piæa
SLA.VAN.PEC.KAR.PREMIUM 480 ml;382328;SPAR PREMIUM;0.4800;L;5.99;12.48;;;02.05.2025;5.99;9100000021515;Hrana
OME.DUEL LIKE A DIAMOND 2,45 L;382337;Duel;2.4500;L;5.99;2.44;;;02.05.2025;5.99;8606015847047;Sredstva za èi¹æenje
ÈAJ NATURAVI.JABUKA CIMET 60 g;382361;Naturavita;0.0600;KG;2.19;36.50;;;02.05.2025;2.19;3858884092270;Piæa
KAP.BARCAFFE BADEM ÈOKOL.140 g;382362;Barcaffe;0.1400;KG;3.98;28.43;;;02.05.2025;3.98;3838471055017;Piæa
ÈOKOLADA KINDER CRISPY 34 g;382370;Kinder;0.0340;kg;1.09;32.06;;;02.05.2025;1.09;8000500434123;Hrana
BO®.SALVETE 33x33cm PALOMA;382380;;1.0000;kom;0.99;0.99;;;02.05.2025;0.99;3838952035552;Proizvodi za kuæanstvo
ÈAJ TWININGS ENGLISH.BREA.50 g;382399;Twinings;0.0500;KG;4.19;83.80;;;02.05.2025;4.19;0070177077693;Piæa
ÈAJ TWININGS EARL GREY 50 g;382403;Twinings;0.0500;KG;4.49;89.80;;;02.05.2025;4.49;0070177077563;Piæa
ÈAJ TWININGS ZELENI S LIM.40 g;382407;Twinings;0.0400;KG;4.69;117.25;;;02.05.2025;4.69;0070177173159;Piæa
GRO®ÐICA TAMNA JUMBO 500 g;382437;;0.5000;kg;3.19;6.38;;;02.05.2025;3.19;3872084015938;Hrana
ORAH JEZGRA 300 g;382439;;0.3000;kg;2.99;9.97;;;02.05.2025;2.99;3872084015976;Hrana
BRUSNICA SUHA 400 g;382452;;0.4000;kg;3.99;9.98;;;02.05.2025;3.99;3872084015754;Hrana
PISTACIJA SUHOPR®ENA 300 g;382455;;0.3000;kg;5.99;19.97;;;02.05.2025;5.99;3872084015358;Hrana
SJEM.BUNDEVE SUHOP.SLANE 500 g;382457;;0.5000;kg;4.49;8.98;;;02.05.2025;4.49;3872084015945;Hrana
©LJIVA SUHA BEZ KO©TICA 500 g;382458;Eigenbedarf;0.5000;kg;;5.58;2.79;3.19;02.05.2025;3.19;3872084013514;Hrana
MLIJ.BIJELA ÈOK.DISNEY 0,2 L;382460;Vindija;0.2000;L;0.99;4.95;;;02.05.2025;0.99;3850108022940;Hrana
MLIJ.ÈOK.DISNEY BEZ LAKT.0,2 L;382461;Vindija;0.2000;L;0.99;4.95;;;02.05.2025;0.99;3850108022933;Hrana
VOÆ.SNACK O´PLANT POWER 200 g;382504;O´PLANT;0.2000;kg;1.99;9.95;;;02.05.2025;1.99;3856020270575;Hrana
VOÆ.SNACK O´PLANT REFRE.200 g;382505;O´PLANT;0.2000;kg;1.99;9.95;;;02.05.2025;1.99;3856020272548;Hrana
VOÆ.SNACK O´PLANT GLOW 200 g;382508;O´PLANT;0.2000;kg;1.99;9.95;;;02.05.2025;1.99;3856020270698;Hrana
VOÆ.SNACK O´PLANT RELA.200 g;382509;O´PLANT;0.2000;kg;1.99;9.95;;;02.05.2025;1.99;3856020270667;Hrana
VOÆ.SNACK O´PLANT FOCUS 200 g;382511;O´PLANT;0.2000;kg;1.99;9.95;;;02.05.2025;1.99;3856020270636;Hrana
VOÆ.SNACK O´PLANT IMUNO 200 g;382512;O´PLANT;0.2000;kg;1.99;9.95;;;02.05.2025;1.99;3856020270605;Hrana
ÈAJ AGRISTAR KAMIL.CVIJET 50 g;382527;Agristar;0.0500;KG;2.79;55.80;;;02.05.2025;2.79;3858886500971;Piæa
ÈAJ AGRISTA.BIJELI SLIJEZ 50 g;382528;Agristar;0.0500;KG;4.59;91.80;;;02.05.2025;4.59;3858886500964;Piæa
ÈAJ AGRISTAR VRBOVICA 50 g;382529;Agristar;0.0500;KG;2.19;43.80;;;02.05.2025;2.19;3858886500988;Piæa
KOLAÈ BADEM MALINA 155 g;382531;;0.1550;kg;4.49;28.97;;;02.05.2025;4.49;3859893454929;Hrana
DIMCEK CEKIN 500 g;382532;Cekin;0.5000;kg;5.99;11.98;;;02.05.2025;5.99;3850159123467;Hrana
AS NIVEA BALSAM SENSIT. 100 ml;382538;Nivea;0.1000;L;;55.90;5.59;7.49;02.05.2025;7.49;4005900619228;Kozmetika
AS NIVEA BALSAM  100 ml;382541;Nivea;0.1000;L;;55.90;5.59;7.49;02.05.2025;7.49;4005808380800;Kozmetika
©AM.AFRODITA CRVENI LUK 950 ml;382563;Afrodita;0.9500;kom;5.99;6.31;;;02.05.2025;5.99;3831070662334;Kozmetika
©AMP.AFRODITA ÈAJ.RU®M 950 ml ;382564;Afrodita;0.9500;kom;5.99;6.31;;;02.05.2025;5.99;3831070662327;Kozmetika
KOLAÈ SA KARAM.I KIKIRIK.165 g;382573;;0.1650;kg;4.49;27.21;;;02.05.2025;4.49;3859893454639;Hrana
OME.TESORI THALASSO THE.760 ml;382590;Tesori;0.7600;L;;3.93;2.99;4.49;02.05.2025;4.49;8008970055251;Sredstva za èi¹æenje
OME.TESORI AMMOR.AROMA.760 ml ;382597;Tesori;0.7600;l;;3.93;2.99;4.49;02.05.2025;4.49;8008970055206;Sredstva za èi¹æenje
ZUB.PASTA SENSODYNE JUN. 50 ml;382612;Sensodyne;0.0500;l;3.55;71.00;;;02.05.2025;3.55;5054563219251;Kozmetika
ZUB.PASTA SENSODYNE KIDS 50 ml;382614;Sensodyne;0.0500;l;3.55;71.00;;;02.05.2025;3.55;5054563219237;Kozmetika
KREMA D OLIVE ZA RU.TJE 250 ml;382626;Dalan;0.2500;L;3.59;14.36;;;02.05.2025;3.59;8690529009831;Kozmetika
SAP.DALAN ALOE VERA 90 g;382628;Dalan;0.0900;kg;1.19;13.22;;;02.05.2025;1.19;8690529513260;Kozmetika
KETCHUP HEINZ LJUTI 455 g;382638;Heinz;0.4550;kg;3.59;7.89;;;02.05.2025;3.59;5900783009564;Hrana
KESTEN ROLADA SANA 250 g;382640;Sana;0.2500;kg;4.99;19.96;;;02.05.2025;4.99;3858892322796;Hrana
POSEBNA PUREÆ.PILEÆ.SPAR 500 g;382650;SPAR;0.5000;kg;1.59;3.18;;;02.05.2025;1.59;3856021228254;Hrana
POSEBNA PUREÆA PILEÆ.SPAR 1 kg;382655;SPAR;1.0000;kg;2.99;2.99;;;02.05.2025;2.99;3856021228278;Hrana
Jeger domaæi Kudeliæ;382668;Kudeliæ;1.0000;kg;;10.79;10.79;11.49;02.05.2025;11.49;3859891672431;Hrana
LIKER CANNELLA 0,7 L;382690;;0.7000;L;25.02;35.74;;;02.05.2025;25.02;3859894092021;Piæa
ÈIPS LAY´S EMENTALER SIR 130g;382696;Lays;0.1300;kg;2.19;16.85;;;02.05.2025;2.19;5900259136572;Hrana
©AMPON REVITAL RU®MARIN 300 ml;382697;Revitalift;0.3000;L;3.09;10.30;;;02.05.2025;3.09;3850177003741;Kozmetika
KREM.ANNYER BRIL.ZA KOS 100 ml;382699;Annyer;0.1000;l;3.99;39.90;;;02.05.2025;3.99;3850177007350;Kozmetika
LAK ZA KOSU MODESTA 200 ml;382700;Modesta;0.2000;L;2.89;14.45;;;02.05.2025;2.89;3850177003253;Kozmetika
MASKA REVITAL ZA KOSU 250 ml;382706;Revitalift;0.2500;L;4.89;19.56;;;02.05.2025;4.89;3850177003475;Kozmetika
KREMA ANNYER MEN 100 ml;382707;Annyer;0.1000;L;3.99;39.90;;;02.05.2025;3.99;3850177003840;Kozmetika
HENNESSY VS 0,7 L GB;382723;;0.7000;L;40.02;57.17;;;02.05.2025;40.02;3245990155515;Piæa
GIN H&H KOCBEK VANILLA 0,7 L;382724;;0.7000;L;30.02;42.89;;;02.05.2025;30.02;3830082060244;Piæa
GIN H&H KOCBEK LONDON D. 0,7 L;382725;;0.7000;L;40.02;57.17;;;02.05.2025;40.02;3830082060084;Piæa
PIVO KROMBACHER 5X0,5 L+ÈA©A;382733;;2.5000;L;6.64;2.66;;;02.05.2025;6.64;4008287958201;Piæa
PIZZA MARGHERITA SCHÄR 300 g;382751;Schar;0.3000;kg;;11.97;3.59;4.79;02.05.2025;4.79;8008698026090;Hrana
PIZZA SALAME SCHÄR 330 g;382752;Schar;0.3300;kg;;10.88;3.59;4.79;02.05.2025;4.79;8008698026175;Hrana
TIJESTO LISNATO SCHÄR 250 g;382754;Schar;0.2500;kg;;14.36;3.59;4.79;02.05.2025;4.79;8008698006931;Hrana
LASAGNE SCHÄR 300 g ;382755;Schar;0.3000;kg;;11.97;3.59;4.79;02.05.2025;4.79;8008698006757;Hrana
GUMENI BOMB.NIMM2 XMAS 250 g;382756;;0.2500;KG;3.39;13.56;;;02.05.2025;3.39;4014400918816;Hrana
LOSIO.SOLO POS.BRIJANJA 125 ml;382765;Solo;0.1250;L;2.39;19.12;;;02.05.2025;2.39;5944568001411;Kozmetika
DEO SPRAY SOLO SPORT 150 ml;382766;Solo;0.1500;L;1.99;13.27;;;02.05.2025;1.99;5944568000889;Kozmetika
DEO SPREJ DESIRE LE CHAR.75 ml;382768;Desire;0.0750;L;2.09;27.87;;;02.05.2025;2.09;5944568001695;Kozmetika
VINO KAIKEN MALB.INDOM. 0,75 L;382770;;0.7500;L;12.82;17.09;;;02.05.2025;12.82;7804303002449;Piæa
VINO KAIKEN CF INDOMITO 0,75 L;382771;;0.7500;L;12.82;17.09;;;02.05.2025;12.82;7804303002463;Piæa
VODKA BELUGA NOBLE 0,7 L+ÈA©A;382774;;0.7000;L;50.02;71.46;;;02.05.2025;50.02;3890000781019;Piæa
PJENU©AC EPOHA BRUT 0,75 L;382775;;0.7500;L;20.02;26.69;;;02.05.2025;20.02;3850112171733;Piæa
PP VINA BENÈIÆ 3x0,75 L;382776;;2.2500;l;20.08;8.92;;;02.05.2025;20.08;3859888105416;Piæa
GAZ.PIÆE COCA-COLA OREO 0,25 L;382784;Coca-Cola;0.2500;L;1.32;5.28;;;02.05.2025;1.32;5449000329691;Piæa
NAP.PROT.VAN.POLLEO 500 ml;382785;Z Bregov;0.5000;l;2.89;5.78;;;02.05.2025;2.89;3850108023770;Hrana
NAP.PROT.ÈOK.POLLEO 500 ml;382786;Z Bregov;0.5000;l;2.89;5.78;;;02.05.2025;2.89;3850108023787;Hrana
ÈAJ AHMAD KUGLICA ENG.BRE.25 g;382788;Ahmad;0.0250;KG;3.99;159.60;;;02.05.2025;3.99;0054881027472;Piæa
JOG.ACTIMEL JAGODA 4X100 g;382789;Danone;0.4000;kg;2.49;6.23;;;02.05.2025;2.49;5997536303703;Hrana
ÈAJ AHMAD KUGLICA ENG.TEA 25 g;382791;Ahmad;0.0250;KG;3.99;159.60;;;02.05.2025;3.99;0054881027496;Piæa
JOG.ACTIM.BOR-KUP 4X100 g;382792;Danone;0.4000;kg;2.49;6.23;;;02.05.2025;2.49;5990031646986;Hrana
JOG.ACTIM.NAR-JAG 4X100 g;382793;Danone;0.4000;kg;2.49;6.23;;;02.05.2025;2.49;5990031646962;Hrana
ÈAJ AHMAD ZVIJ.ENGLIS.BRE.60 g;382795;Ahmad;0.0600;KG;5.99;99.83;;;02.05.2025;5.99;0054881014137;Piæa
DIVLJA SV. ODREZAK BUTA 300 g;382797;;0.3000;kg;5.99;19.97;;;02.05.2025;5.99;3830034360873;Hrana
OME.VIOLETA MYSTIC 1,55 L;382825;Violeta;1.5500;L;2.99;1.93;;2.99;02.05.2025;3.19;3870128039810;Sredstva za èi¹æenje
POK.PAKET KNEIPP HERZMO.;382826;;1.0000;kom;11.99;11.99;;;02.05.2025;11.99;4008233174310;Kozmetika
POK.PAKET TETES BADEMOMENTE ;382827;;6.0000;kom;11.99;2.00;;;02.05.2025;11.99;4008491261647;Kozmetika
PIVO MEDVEDGRAD 30 GOD.8X0,5 L;382828;;4.0000;L;11.49;2.87;;;02.05.2025;11.49;3859893357824;Piæa
POK.PAKET VANDINI TERMOFOR;382843;;1.0000;kom;23.99;23.99;;;02.05.2025;23.99;4003583202492;Kozmetika
DIVLJA SV. ODREZAK LEÐA 300 g;382858;;0.3000;kg;6.79;22.63;;;02.05.2025;6.79;3830034364758;Hrana
GEL TU©.JENA LEN ARGANO.250 ml;382859;Eigenbedarf;0.2500;L;2.99;11.96;;;02.05.2025;2.99;4260602128366;Kozmetika
GEL TU©.JEAN&LEN KOKOS.250 ml;382860;Eigenbedarf;0.2500;L;2.99;11.96;;;02.05.2025;2.99;4260602122715;Kozmetika
VALJU©CI ZLATO POLJE 400 g;382861;Zlato Polje;0.4000;kg;2.09;5.23;;;02.05.2025;2.09;3838700369342;Hrana
GEL TU©.JEAN&LEN MANGO .250 ml;382862;Eigenbedarf;0.2500;L;2.99;11.96;;;02.05.2025;2.99;4260602128359;Kozmetika
VALJU©CI ZLATO POLJE1 kg;382863;Zlato Polje;1.0000;kg;4.99;4.99;;;02.05.2025;4.99;3838700369328;Hrana
GEL TU©.JEAN&LEN MEN 4U 250 ml;382865;Eigenbedarf;0.2500;L;2.99;11.96;;;02.05.2025;2.99;4260702188710;Kozmetika
KROKETI ZLATO POLJE 1 kg;382866;Zlato Polje;1.0000;kg;4.29;4.29;;;02.05.2025;4.29;3838700369298;Hrana
KREMA JEAN&LEN ZA RUKE 75 ml;382867;;0.0750;L;3.99;53.20;;;02.05.2025;3.99;4260602123026;Kozmetika
KREMA JEAN&LEN ZA RUKE 75 ml;382868;;0.0750;L;3.99;53.20;;;02.05.2025;3.99;4260602127918;Kozmetika
REG.JEAN&LEN ZA KOSU 300 ml;382869;;0.3000;L;4.99;16.63;;;02.05.2025;4.99;4260602120254;Kozmetika
REG.JEAN&LEN ZA KOSU 300 ml;382870;;0.3000;L;4.99;16.63;;;02.05.2025;4.99;4260602128427;Kozmetika
©AMP.JEAN&LEN ZA KOSU 300 ml;382872;;0.3000;l;4.99;16.63;;;02.05.2025;4.99;4262401735295;Kozmetika
©AMP.JEAN&LEN ZA KOSU 300 ml;382873;;0.3000;l;4.99;16.63;;;02.05.2025;4.99;4260602128694;Kozmetika
©AMP.JEAN&LEN ZA KOSU 300 ml;382875;;0.3000;l;4.99;16.63;;;02.05.2025;4.99;4260602128403;Kozmetika
KOLAÈ  BROWNIE VI©NJA 300 g;382907;;0.3000;kg;6.99;23.30;;;02.05.2025;6.99;3859893454554;Hrana
SOK JABUÈNI 5 L 100 %;382909;;5.0000;L;7.99;1.60;;;02.05.2025;7.99;3858893253129;Piæa
KESTEN ©TAPIÆ LEDO 60 ml;382910;Ledo;0.0600;L;1.29;21.50;;;02.05.2025;1.29;3850116064413;Hrana
KESTEN ©TAPIÆ LEDO 6x60 ml;382911;Ledo;0.3600;L;5.99;16.64;;;02.05.2025;5.99;3850116064178;Hrana
CAPPUCCIN.FRANCK GRIOTTE 144 g;382915;Franck;0.1440;KG;3.89;27.01;;;02.05.2025;3.89;3850291055442;Piæa
CAPPUCCIN.FRANCK FONTANA 144 g;382916;Franck;0.1440;KG;3.89;27.01;;;02.05.2025;3.89;3850291055466;Piæa
CAPPUCCI.FRANCK BAJADERA 148 g;382917;Franck;0.1480;KG;4.29;28.99;;;02.05.2025;4.29;3850291055459;Piæa
PA©TETA GAVRIL.JUN.PILE.100 g;382930;Gavrilovic;0.1000;kg;1.39;13.90;;;02.05.2025;1.39;3858892726426;Hrana
PA©TETA GAVR.JUN.TUNA 100 g;382933;Gavrilovic;0.1000;kg;1.99;19.90;;;02.05.2025;1.99;3858892726440;Hrana
PA©TETA SPAR JETRENA 100 g;382935;Gavrilovic;0.1000;kg;;6.90;0.69;0.95;02.05.2025;0.95;3856021225208;Hrana
TUNA SAL.RIO MARE JESEN 160 g;382937;Rio Mare;0.1600;kg;4.68;29.25;;;02.05.2025;4.68;8004030835139;Hrana
TUNA RIO MARE FILODOLIO 4X65 g;382938;Rio Mare;0.2600;kg;7.69;29.58;;;02.05.2025;7.69;8004030104006;Hrana
TUNA RIO MARE LIMUN PAP.3X65 g;382941;Rio Mare;0.1950;kg;5.89;30.21;;;02.05.2025;5.89;8004030271418;Hrana
PAPRIKA PEPPAD.BL.®UTA 400 g;382943;Peppadew;0.1400;kg;3.59;25.64;;;02.05.2025;3.59;6007788005634;Hrana
KOMPOT PODR.VOÆNI KOKTEL 820 g;382945;Podravka;0.4700;kg;4.29;9.13;;;02.05.2025;4.29;3856020271848;Hrana
KOBASA VITAKRAFT ZA PSA 1 kg;382947;Vitakraft;1.0000;kg;3.59;3.59;;;02.05.2025;3.59;4008239230201;Proizvodi za kuæanstvo
NAPITAK ZA MAÈKE VITAK.5X30 g;382948;Vitakraft;0.1500;kg;2.99;19.93;;;02.05.2025;2.99;4008239579997;Proizvodi za kuæanstvo
VOÆ.PIRE HOLLE BAN.JAB.100 g;382949;Holle;0.1000;kg;1.29;12.90;;;02.05.2025;1.29;7640161877214;Hrana
VOÆ.PIRE HOLLE MAR.BAN.100 g;382950;Holle;0.1000;kg;1.29;12.90;;;02.05.2025;1.29;7640161877085;Hrana
VOÆ.PIRE HOLLE JAB.JAG.100 g;382952;Holle;0.1000;kg;1.29;12.90;;;02.05.2025;1.29;7640161877009;Hrana
VOÆ.PIRE HOLLE BAN.KRU.100 g;382953;Holle;0.1000;kg;1.29;12.90;;;02.05.2025;1.29;7640161877238;Hrana
VOÆ.PIRE HOLLE JAB.MAN.100 g;382954;Holle;0.1000;kg;1.29;12.90;;;02.05.2025;1.29;7640161877023;Hrana
VOÆ.PIRE HOLLE MAN.MARAK.100 g;382955;Holle;0.1000;kg;1.29;12.90;;;02.05.2025;1.29;7640161877399;Hrana
VOÆ.PIRE HOLLE KRU©.BAN.100 g;382956;Holle;0.1000;kg;1.29;12.90;;;02.05.2025;1.29;7640161877276;Hrana
SNACK DES.VIT.MAHUNARKE 60 g;383032;SPAR Vital;0.0600;kg;2.19;36.50;;;02.05.2025;2.19;9100000031965;Hrana
SNACK DESPAR VITAL LEÆA 70 g;383034;SPAR Vital;0.0700;kg;2.19;31.29;;;02.05.2025;2.19;9100000031941;Hrana
ÈOKOLADA SCHOGETTEN BLON.100 g;383035;Schogetten;0.1000;kg;1.29;12.90;;;02.05.2025;1.29;4000415850708;Hrana
NAPITAK NATUR PUR ZOB 0,5 L;383039;SPAR Natur*pur;0.5000;l;1.09;2.18;;;02.05.2025;1.09;9100000020211;Piæa
BO®.KEKSI ZA PSE WANPY 100 g ;383051;;0.1000;kg;1.99;19.90;;;02.05.2025;1.99;6927749860204;Proizvodi za kuæanstvo
BO®IÆNI KALENDAR WANPY 100 g ;383055;;0.1000;kg;3.99;39.90;;;02.05.2025;3.99;6927749813088;Proizvodi za kuæanstvo
FALAFEL KUG.ORIJENT SANA 350 g;383057;Sana;0.3500;kg;5.39;15.40;;;02.05.2025;5.39;3858892321744;Hrana
BO®IÆNI KALENDAR WANPY 150 g ;383059;;0.1500;kg;3.99;26.60;;;02.05.2025;3.99;6927749811572;Proizvodi za kuæanstvo
ROLL ON BOROTALCO INV.PI 50 ml;383077;Borotalco;0.0500;L;3.50;70.00;;;02.05.2025;3.50;80937531;Kozmetika
DEO SPR.BOROTALCO INVISI150 ml;383078;Borotalco;0.1500;L;3.50;23.33;;;02.05.2025;3.50;8002410046298;Kozmetika
GIN OLD TOWER PINK 0,7 L+ ÈA©A;383081;;0.7000;L;16.02;22.89;;;02.05.2025;16.02;8586019222678;Piæa
WHISKEY SHANKYS + ÈA©E;383083;;0.7000;L;28.02;40.03;;;02.05.2025;28.02;0810035511750;Piæa
BACARDI SPICED 0,7L+ÈA©A;383167;Bacardi;0.7000;L;15.02;21.46;;;02.05.2025;15.02;3859893954368;Piæa
BACARDI CART.BLAN.0,7L+ÈA©A;383168;Bacardi;0.7000;L;15.02;21.46;;;02.05.2025;15.02;3859893954351;Piæa
©AMPON PANTENE T&S 400 ml;383175;Pantene;0.4000;l;5.59;13.98;;;02.05.2025;5.59;8006540476758;Kozmetika
REGENERATOR PANTENE T&S 275 ml;383177;Pantene;0.2750;l;5.59;20.33;;;02.05.2025;5.59;8700216508896;Kozmetika
©AMPON PANTENE R&P 3U1 325 ml;383181;Pantene;0.3250;l;5.59;17.20;;;02.05.2025;5.59;8700216567084;Kozmetika
ODSTRANJIV.AFRODITA KO®. 15 ml;383183;Afrodita;0.0150;L;6.99;466.00;;;02.05.2025;6.99;3831070661511;Toaletne potrep¹tine
REG.PANTENE COLOR PR.275 ml;383187;Pantene;0.2750;l;5.59;20.33;;;02.05.2025;5.59;8700216508933;Kozmetika
REGENERATOR PANTENE R&P 275 ml;383188;Pantene;0.2750;l;5.59;20.33;;;02.05.2025;5.59;8700216422338;Kozmetika
©AMPON PANTENE COLOR 325 ml;383190;Pantene;0.3250;l;5.59;17.20;;;02.05.2025;5.59;8700216567152;Kozmetika
REG.PANTENE AQUALIGHT 275 ml;383193;Pantene;0.2750;kom;5.59;20.33;;;02.05.2025;5.59;8700216509015;Kozmetika
MASKA PANTENE R&P 220 ml;383196;Pantene;0.2200;l;4.99;22.68;;;02.05.2025;4.99;8700216500616;Kozmetika
REG.PANTENE INFINITE 275 ml;383198;Pantene;0.2750;l;5.59;20.33;;;02.05.2025;5.59;8700216508957;Kozmetika
MASKA PANTENE INFINITE 220 ml;383199;Pantene;0.2200;l;4.99;22.68;;;02.05.2025;4.99;8700216545716;Kozmetika
BRIT.WILKINSON EXTRA 2 10+5;383218;Wilkinson;15.0000;kom;6.29;0.42;;6.29;02.05.2025;8.99;4027800348503;Kozmetika
DET.DUEL JORGOVAN 2,7 kg;383234;Duel;2.7000;KG;8.99;3.33;;;02.05.2025;8.99;8606013178921;Sredstva za èi¹æenje
DET.DUEL SOFT LOTUS 2,7 kg;383239;Duel;2.7000;KG;8.99;3.33;;;02.05.2025;8.99;8606013178969;Sredstva za èi¹æenje
MEKSIÈKI MIX S-BUDGET 750 g;383276;S-Budget;0.7500;kg;3.49;4.65;;;02.05.2025;2.96;9100000003276;Hrana
OMEK©IVAÈ ORNEL DETOX 3 L;383279;Ornel;3.0000;l;3.99;1.33;;;02.05.2025;3.99;3850105184191;Sredstva za èi¹æenje
SIR KOC.U ZAÈ BILJ.SPAR 300 g ;383286;SPAR Qualitätsmarke;0.3000;kg;3.19;10.63;;;02.05.2025;3.19;9100000027791;Hrana
SIR KOC.ÈILI PAPR.SPAR 300 g ;383287;SPAR Qualitätsmarke;0.3000;kg;3.19;10.63;;;02.05.2025;3.19;9100000027814;Hrana
KRUH HRSKAVI VEGANES 125 g;383288;SPAR Veggie;0.1250;kg;1.09;8.72;;;02.05.2025;1.14;9100000441405;Hrana
ÈAJ SPAR ZIMSKA BAJKA 60 g;383300;SPAR;0.0600;KG;1.39;23.17;;;02.05.2025;1.39;9100000125046;Piæa
ÈAJ SPAR ZIMSKI 60 g;383301;SPAR;0.0600;KG;1.39;23.17;;;02.05.2025;1.39;9100100004050;Piæa
ÈAJ SPAR JAB.CIMET VANILI.60 g;383302;SPAR;0.0600;KG;1.39;23.17;;;02.05.2025;1.39;9100100501115;Piæa
Kruh ra¾eni 500 g;383303;Bäckerei SPAR;0.5000;kg;2.19;4.38;;;02.05.2025;2.19;;Hrana
ANTIQUE PELIN.0,7L+PRAL.I ÈA©A;383306;Badel 1862;0.8600;L;22.99;26.73;;;02.05.2025;22.89;3850112112491;Piæa
LIKER BAJADERA 0,7 L;383308;Badel 1862;0.7000;L;20.02;28.60;;;02.05.2025;20.02;3850112112453;Piæa
©TAPIÆI SEZAM 230 g;383309;;0.2300;kg;;8.65;1.99;2.99;02.05.2025;2.99;3859889360333;Hrana
TORTA SPAR MALINA  900 g;383315;SPAR Qualitätsmarke;0.9000;kg;14.79;16.43;;;02.05.2025;14.79;3856021228216;Hrana
KOLAÈ VITAL CACAO 135 g;383332;SPAR Vital;0.1350;kg;2.79;20.67;;;02.05.2025;2.79;3856021227264;Hrana
KOLAÈ VITAL GREEN 135 g;383336;SPAR Vital;0.1350;kg;2.79;20.67;;;02.05.2025;2.79;3856021226922;Hrana
PEC.DESPAR PANINI SOFFICI 240g;383337;DESPAR;0.2400;kg;1.99;8.29;;;02.05.2025;2.01;9100000027326;Hrana
MASLAC LURPAK 200 g;383338;Lurpack;0.2000;kg;2.49;12.45;;;02.05.2025;2.49;5740900400016;Hrana
OSLIÆ FILET PAN.MSC SPAR 400 g;383341;SPAR;0.4000;kg;4.49;11.23;;;02.05.2025;4.49;3856021227608;Hrana
GIN FIRST LADY 0,7 L;383342;;0.7000;L;15.02;21.46;;;02.05.2025;15.02;3859893685316;Piæa
PLOÈICA VITAL KIKIR.MED 47 g;383343;SPAR Vital;0.0470;kg;1.99;42.34;;;02.05.2025;1.59;3856021227363;Hrana
GIN GALACTICOS 0,7 L;383344;;0.7000;L;12.02;17.17;;;02.05.2025;12.02;3859893685309;Piæa
PLOÈ.VIT.KIKIR.KAKAO DAT.47 g;383345;SPAR Vital;0.0470;kg;1.99;42.34;;;02.05.2025;1.59;3856021227387;Hrana
VINO BLATO PLAVAC 1L;383351;Blato 1902;1.0000;L;6.69;6.69;;;02.05.2025;6.69;3859888154131;Piæa
SAKE AKASHI TAI SHIRAUME 0,5 L;383352;;0.5000;L;40.02;80.04;;;02.05.2025;40.02;4970860797005;Piæa
WHISKEY HATOZAKI 0,7 L;383355;;0.7000;L;47.49;67.84;;;02.05.2025;47.49;4970860800002;Piæa
ANANAS - AVIONSKI kom;383356;;1.0000;kom;11.49;11.49;;;02.05.2025;11.49;5050372130053;Hrana
VINO DE STEF.VENEZIA.DOC 0,75L;383357;;0.7500;L;16.99;22.65;;;02.05.2025;16.99;8033389834623;Piæa
VINO DE STEF.PINOT GRIG. 0,75L;383363;;0.7500;L;16.99;22.65;;;02.05.2025;16.99;8033389834203;Piæa
VINO BRUNELLO DI MONTA. 0,75 L;383365;;0.7500;L;42.59;56.79;;;02.05.2025;42.59;8053610700008;Piæa
VINO ROYAL H.CAB.SAUVIG. 0,75L;383366;;0.7500;L;5.59;7.45;;;02.05.2025;5.59;3859893869068;Piæa
VINO VERANDA CAERNET FRANC 1L;383367;;1.0000;L;5.19;5.19;;;02.05.2025;5.19;3859893869327;Piæa
SRE.SPLENDID ODR®AVANJE 250 ml;383368;Splendid;0.2500;L;1.99;7.96;;;02.05.2025;1.99;9100000029856;Sredstva za èi¹æenje
BIO MATOVILAC 90 g;383374;;0.0900;kg;1.79;19.89;;;02.05.2025;1.79;8014190021648;Hrana
SOL MORS.TARTUF CR.ZIGANTE 80g;383375;;0.0800;kg;5.99;74.88;;;02.05.2025;5.99;3858891982199;Hrana
BIO RUKOLA 90 g;383377;;0.0900;kg;1.59;17.67;;;02.05.2025;1.59;8014190021631;Hrana
SOL MORS.TARTUF CR.ZIGANTE 80g;383379;;0.8000;kg;4.49;5.61;;;02.05.2025;4.49;3858891983080;Hrana
GYOZA PILE.I POVR.BIBIGO 600 g;383399;;0.6000;kg;;13.32;7.99;11.99;02.05.2025;11.99;4016337912417;Hrana
TORTILLA ÈIPS DIJO SLANI 150 g;383411;;0.1500;kg;1.99;13.27;;;02.05.2025;1.99;5900928088324;Hrana
MIX ORA©ASTOG VOÆA I ÈOKO.75 g;383412;;0.0750;kg;;19.07;1.43;1.69;02.05.2025;1.69;8606015855523;Hrana
MIX ORA©ASTOG VOÆA I KAR.75 g;383413;;0.0750;kg;;19.07;1.43;1.69;02.05.2025;1.69;8606015855509;Hrana
LIKER BAILEYS CHOCOLATE 0,5 L;383463;Baileys;0.5000;L;23.79;47.58;;;02.05.2025;23.79;5011013941254;Piæa
ÈOKOLADA U PRAHU KRA© 100 g;383465;Kra¹;0.1000;KG;2.99;29.90;;;02.05.2025;2.99;3850102006670;Piæa
SPAR VREÆA ZA SMEÆE 20L,15/1 ;383471;SPAR Qualitätsmarke;15.0000;kom;2.19;0.15;;;02.05.2025;2.19;9100000032283;Proizvodi za kuæanstvo
SPAR VREÆA ZA SMEÆE 35L,10/1 ;383473;SPAR Qualitätsmarke;10.0000;kom;2.49;0.25;;;02.05.2025;2.49;9100000032290;Proizvodi za kuæanstvo
MUSLI NATUR PUR VOÆNI 500 g;383474;Natur pur;0.5000;kg;3.99;7.98;;;02.05.2025;3.99;9100000028293;Hrana
SPAR VREÆA ZA SMEÆE 60L,10/1 ;383475;SPAR Qualitätsmarke;10.0000;kom;2.89;0.29;;;02.05.2025;2.89;9100000032306;Proizvodi za kuæanstvo
PILEÆI BATAK ZABATAK BEZ KOSTI;383492;Cekin;1.0000;kg;7.69;7.69;;;02.05.2025;7.69;3850159113567;Hrana
SERUM ZIAJA ULJE ZA KOSU 50 ml;383494;Ziaja;0.0500;l;5.59;111.80;;;02.05.2025;5.59;5901887042013;Kozmetika
©AMPON ZIAJA ZA KOSU AR 300 ml;383497;Ziaja;0.3000;L;4.49;14.97;;;02.05.2025;4.49;5901887042006;Kozmetika
DET.DASH ALPEN FRISCHE 5 L;383502;;5.0000;L;18.99;3.80;;;02.05.2025;18.99;4012400502783;Sredstva za èi¹æenje
GRO®ÐICA SU©ENA 500 g;383503;;0.5000;kg;2.59;5.18;;;02.05.2025;2.59;3858893921462;Hrana
DET.DASH ALPEN FRISCHE 6 kg;383512;;1.0000;KG;18.99;18.99;;;02.05.2025;18.99;4012400502363;Sredstva za èi¹æenje
KAP.DASH ALPEN FRISCHE 60/1;383516;;1.6000;kg;18.99;11.87;;;02.05.2025;18.99;4012400502097;Sredstva za èi¹æenje
VODA FLOEWATER GAZIRANA 0,25 L;383520;Hell;0.2500;L;.52;2.08;;;02.05.2025;.52;5999571054084;Piæa
VODA FLOEWATER NEGAZIRA.0,25 L;383521;;0.2500;L;.52;2.08;;;02.05.2025;.52;5999571054121;Piæa
INST.KAVA NES.3U1 CLASS.15,5 g;383532;Nescafe;0.0155;KG;0.35;22.58;;;02.05.2025;0.35;8445291259331;Piæa
ÈAJ PODRAVKA BEAUTY 40 g;383533;Podravka;0.0400;KG;2.99;74.75;;;02.05.2025;2.99;3838700379280;Piæa
BU KRPE SPU®VASTE 5/1,18x20cm;383547;S-BUDGET;5.0000;kom;1.99;0.40;;;02.05.2025;1.99;9100000041087;Proizvodi za kuæanstvo
PECIVO ÖLZ MAXI  BURGER 300 g;383548;;0.3000;kg;3.49;11.63;;;02.05.2025;3.49;9005300803406;Hrana
KOLAÈ ÈOKOLADNA KOCKA 80 g;383549;;0.0800;kg;1.49;18.63;;;02.05.2025;1.49;3858889619380;Hrana
®ITARICE NESTLE TRIX 300 g;383555;Nesquik;0.3000;kg;4.59;15.30;;;02.05.2025;4.39;5900020045133;Hrana
NAMAZ NUTELLA PLANT BASED 350g;383584;Nutella;0.3500;kg;3.99;11.40;;3.99;02.05.2025;5.99;8000500426494;Hrana
TORTILLA ÈIPS DIJO SIR 150 g;383588;;0.1500;kg;1.99;13.27;;;02.05.2025;1.99;5900928088331;Hrana
BAKALAR 400/600 PRE©ANI VAKUM.;383591;;1.0000;kg;44.99;44.99;;;02.05.2025;44.99;;Hrana
TAB. LIKVI SUPREME 67/1;383597;Likvi;67.0000;kom;26.99;0.40;;;02.05.2025;26.99;3850105187130;Sredstva za èi¹æenje
KROKETI S-BUDGET 750 g;383610;S-Budget;0.7500;kg;2.69;3.59;;;02.05.2025;2.69;5999033898096;Hrana
SIR LIVANJSKI TVRDI SPAR 300 g;383615;SPAR;0.3000;kg;5.99;19.97;;;02.05.2025;5.99;3856021227448;Hrana
JAGODE S-BUDGET 1 kg;383625;S-Budget;1.0000;kg;3.99;3.99;;;02.05.2025;3.99;5999139404603;Hrana
PRALINE MLIJEÈNE CAFAREL 150 g;383629;;0.1500;kg;3.99;26.60;;;02.05.2025;3.99;8013108007668;Hrana
PRALINE TAM.ÈOKO.CAFAREL 150 g;383631;;0.1500;kg;3.99;26.60;;;02.05.2025;3.99;8013108007750;Hrana
SIR SA TARTUFIMA PREMIUM 200 g;383635;SPAR PREMIUM;0.2000;kg;7.99;39.95;;;02.05.2025;7.99;3856021227486;Hrana
PANCETA DALMAT. MIJUKIÆ 350 g;383636;;0.3500;kg;5.49;15.69;;4.99;02.05.2025;4.99;3859894300133;Hrana
SLANINA DOMAÆA MIJUKIÆ 350 g;383638;;0.3500;kg;6.99;19.97;;;02.05.2025;6.99;3859894300119;Hrana
DATULJA MEDJOUL 500 g;383654;;0.5000;kg;4.99;9.98;;;02.05.2025;4.99;8719689286408;Hrana
PROKULICA S-BUDGET 450 g;383662;S-Budget;0.4500;kg;1.49;3.31;;;02.05.2025;1.49;5999033898515;Hrana
SLADILO XUCKER KSILITOL 700 g;383674;;0.7000;kg;14.99;21.41;;;02.05.2025;14.99;4260248061720;Hrana
SLADILO XUCKER ERITRITOL 700 g;383675;;0.7000;kg;10.99;15.70;;;02.05.2025;10.99;4260248061256;Hrana
SLADILO XUCKER LIKE SUG.600 g;383678;;0.6000;kg;13.99;23.32;;;02.05.2025;13.99;4260248065247;Hrana
MLIJ.ÈOKOLADA XUCKER 80 g;383679;;0.0800;kg;3.49;43.63;;;02.05.2025;3.49;4260248064165;Hrana
MLIJ.ÈOKOL.XUCKER LJE©.80 g;383680;;0.0800;kg;3.49;43.63;;;02.05.2025;3.49;4260248064059;Hrana
MLIJ.ÈOKOL.XUCKER KARAM.80 g;383681;;0.0800;kg;3.49;43.63;;;02.05.2025;3.49;4260248064158;Hrana
TAMNA ÈOKOLADA  XUCKER 80 g;383682;;0.0800;kg;3.49;43.63;;;02.05.2025;3.49;4260248064172;Hrana
NAMAZ XUCKER NOUGAT 300 g;383683;;0.3000;kg;10.99;36.63;;;02.05.2025;10.99;4260248062017;Hrana
VOÆ.NAMAZ XUCKER JAGODA 220 g;383684;;0.2200;kg;5.99;27.23;;;02.05.2025;5.99;4260248063892;Hrana
VOÆ.NAMAZ XUCKER MAREL.220 g;383685;;0.2200;kg;5.99;27.23;;;02.05.2025;5.99;4260248063878;Hrana
NAPITAK ALPRO BAD.TAM.ÈOK.1 L;383687;Alpro;1.0000;L;;2.59;2.59;3.99;02.05.2025;3.99;5411188114666;Piæa
NAPITAK ALPRO PROT.VANIL.1 L;383689;Alpro;1.0000;L;2.59;2.59;;2.59;02.05.2025;3.99;5411188140368;Piæa
SOK ARONIJA ENCIAN 0,75 L;383691;Encian;0.7500;L;7.52;10.03;;;02.05.2025;7.52;3858894620340;Piæa
POVR.NAMAZ.NATUREL MASL.75 g;383694;Naturel;0.0750;kg;1.89;25.20;;;02.05.2025;1.89;3858887246205;Hrana
Krumpir mladi S Budget rfs;383697;S-BUDGET;1.0000;kg;0.89;0.89;;;02.05.2025;0.59;3858893252092;Hrana
KEKSI DELICIA KOKOS B©.135 g;383701;Delicia;0.1350;kg;3.29;24.37;;;02.05.2025;3.29;3859889106276;Hrana
ÈAJ PODRAVKA RELAX 36 g;383706;Podravka;0.0360;KG;2.99;83.06;;;02.05.2025;2.99;3838700379242;Piæa
©TAPIÆI SCHAR B.G.75 g;383720;Schar;0.0750;kg;;31.87;2.39;2.99;02.05.2025;2.99;8008698041055;Hrana
ÈAJ YOGI DETOX/RELAX 61,2 g;383721;Yogi;0.0612;KG;5.99;97.88;;;02.05.2025;5.99;4012824424333;Piæa
TIJESTO ZA PIZZU SCHAR 300 g;383725;Schar;0.3000;kg;;15.97;4.79;5.99;02.05.2025;5.99;8008698002025;Hrana
ÈAJ YOGI MATCHA LIMUN 30,6 g;383729;Yogi;0.0306;KG;3.69;120.59;;;02.05.2025;3.69;4012824403277;Piæa
ZAÈINJENO SVINJSKO CARSKO MESO;383747;;1.0000;kg;8.99;8.99;;;02.05.2025;8.99;3859893373961;Hrana
ÈIPS ÈIPI ÈIPS TIP TOP C.180 g;383764;Tip Top;0.1800;kg;3.99;22.17;;;02.05.2025;3.99;3856021307522;Hrana
ÈIPS ÈIPI ÈIPS PAPRIKA 250 g;383765;;0.2500;kg;2.79;11.16;;2.79;02.05.2025;2.79;3856021307485;Hrana
ÈIPS ÈIPI ÈIPS SLANI 250 g;383766;;0.2500;kg;2.79;11.16;;2.79;02.05.2025;2.79;3856021307461;Hrana
VINO POP ART SWEET RED 0,75 L;383803;;0.7500;L;8.09;10.79;;;02.05.2025;8.09;3830078702509;Piæa
ÈETK.CURAPROX ORTHO 1/1;383819;Curaprox;1.0000;kom;6.49;6.49;;;02.05.2025;6.49;7612412700077;Kozmetika
ÈETK.CURAPROX SUPERSOFT 3/1;383822;Curaprox;3.0000;kom;12.95;4.32;;;02.05.2025;12.95;7612412003963;Kozmetika
TAB.LIKVI SUPREME 22/1;383866;Likvi;22.0000;kom;6.99;0.32;;;02.05.2025;6.99;3850105187079;Sredstva za èi¹æenje
TAB.LIKVI SUPREME 53/1;383867;Likvi;53.0000;kom;23.99;0.45;;;02.05.2025;23.99;3850105187109;Sredstva za èi¹æenje
TOAL.PAPIR LOVELY 8/1;383876;Lovely;8.0000;kom;4.99;0.62;;;02.05.2025;4.99;9100000026053;Toaletne potrep¹tine
SRE.SPLENDID ULTRAPOWER 750 ml;383882;Splendid;0.7500;L;1.99;2.65;;;02.05.2025;1.99;3856021227158;Sredstva za èi¹æenje
SRE.FROSCH ZA KAMENAC 1 L;383884;Frosch;1.0000;L;;2.19;2.19;2.79;02.05.2025;2.79;4009175953803;Sredstva za èi¹æenje
OSV.SPLENDID ULTRAPOWER 500 ml;383885;Splendid;0.5000;L;2.49;4.98;;;02.05.2025;2.49;3856021227196;Sredstva za èi¹æenje
SRE.SPLENDID ULTRAPOWER 750 ml;383888;Splendid;0.7500;L;1.99;2.65;;;02.05.2025;1.99;3856021227134;Sredstva za èi¹æenje
ÈIPS LAY´S SLANI 163 g;383889;Lays;0.1630;kg;2.19;13.44;;;02.05.2025;2.19;5900259136084;Hrana
OSV.SPLENDID ULTRAPOWER 500 ml;383890;Splendid;0.5000;L;2.49;4.98;;;02.05.2025;2.49;3856021227172;Sredstva za èi¹æenje
NAPITAK MILKA CLASSIC 250 ml;383891;;0.2500;L;1.55;6.20;;;02.05.2025;1.55;5711953190070;Piæa
NAPITAK MILKA CARAMEL 250 ml;383892;;0.2500;L;1.55;6.20;;;02.05.2025;1.55;5711953190087;Piæa
NAPITAK MILKA NOISETTE 250 ml;383893;;0.2500;L;1.55;6.20;;;02.05.2025;1.55;5711953190117;Piæa
MESNA ROLICA PIZZA 480 g;383895;;0.4800;kg;4.99;10.40;;;02.05.2025;4.99;3859893373909;Hrana
INSTA.KAVA JACOBS VELVET 180 g;383924;Jacobs;0.1800;KG;12.99;72.17;;;02.05.2025;10.49;8711000496404;Piæa
KUTIJA CRNA 340x280x90 mm;383925;;1.0000;kom;5.99;5.99;;;02.05.2025;5.99;8007402337217;Hrana
CHAMP.MOET CHANDON ICE 0,75 L;383934;Moet & Chandon;0.7500;L;70.02;93.36;;;02.05.2025;70.02;3185370457054;Piæa
VINO KORLAT CAB.SAUV. 3L;383936;;3.0000;L;60.02;20.01;;;02.05.2025;60.02;3850112171665;Piæa
VODKA OLD PILOTS 1,75 L;383937;;1.7500;L;110.02;62.87;;;02.05.2025;110.02;3859894018243;Piæa
BISKVITNI KOLAÈ VI©NJA 400 g;383965;;0.4000;kg;3.69;9.23;;;02.05.2025;3.69;3850135267529;Hrana
KOLAÈ BROWNIE 450 g;383966;;0.4500;kg;3.99;8.87;;;02.05.2025;3.99;3850135267505;Hrana
TORTA OD MEDA I ORAHA 800 g;383967;;0.8000;kg;14.99;18.74;;;02.05.2025;14.99;8594071650018;Hrana
KRUH ZLATNA KORA NAREZAN.600 g;383968;;0.6000;kg;2.19;3.65;;;02.05.2025;2.19;3856016907492;Hrana
ÈIPS ÈIPI ÈIPS PAPRIKA 140 g;383969;;0.1400;kg;2.49;17.79;;;02.05.2025;2.49;3856021307416;Hrana
ÈIPS ÈIPI ÈIPS SLANI 150 g;383972;;0.1500;kg;2.49;16.60;;;02.05.2025;2.49;3856021307393;Hrana
MJE©.POVRÆ.SKANDIN. LEDO 480 g;383981;Ledo;0.4800;kg;3.99;8.31;;;02.05.2025;3.99;3850116065267;Hrana
MJE©.POVRÆA KORZIKA LEDO 480 g;383982;Ledo;0.4800;kg;3.99;8.31;;;02.05.2025;3.99;3850116065236;Hrana
MJE©.POVRÆA TOSKANA LEDO 480 g;383983;Ledo;0.4800;kg;3.99;8.31;;;02.05.2025;3.99;3850116068282;Hrana
Pa¹teta s paèjom i pil. jetrom;384035;;1.0000;kg;17.99;17.99;;17.99;02.05.2025;17.99;5413546347846;Hrana
©TRUDLE LASTA MIX 240 g;384052;Lasta;0.2400;kg;9.99;41.63;;;02.05.2025;9.99;3870128039384;Hrana
PINSA DESPAR 230 g;384053;DESPAR;0.2300;kg;2.49;10.83;;;02.05.2025;2.50;9100000042619;Hrana
MIJE©ANI NAMAZ ALPINESSE 400 g;384054;Meggle;0.4000;kg;5.49;13.73;;;02.05.2025;5.49;4034900008589;Hrana
KREM.ZORINA MAST ZA RUKE 50 ml;384055;ZORINA MAST;0.0500;L;5.79;115.80;;;02.05.2025;5.79;3859894008565;Kozmetika
LOS.ZORINA MAST MASLINA 300 ml;384056;ZORINA MAST;0.3000;L;11.39;37.97;;;02.05.2025;11.39;3859894008015;Kozmetika
LOS.ZORINA MAST LIMETA 300 ml;384057;ZORINA MAST;0.3000;L;11.39;37.97;;;02.05.2025;11.39;3859894008022;Kozmetika
SERUM ZORINA MAST RETIN. 30 ml;384058;ZORINA MAST;0.0300;l;19.99;666.33;;;02.05.2025;19.99;3859894008725;Kozmetika
SERUM ZORINA MAST PEPETI 30 ml;384059;ZORINA MAST;0.0300;l;18.99;633.00;;;02.05.2025;18.99;3859894008718;Kozmetika
KRE.LOREAL  REVITA.SPF30 50 ml;384071;LOREAL;0.0500;L;14.99;299.80;;;02.05.2025;14.99;3600522416906;Kozmetika
SERUM LOREAL AGE SPECIAL.30 ml;384073;LOREAL;0.0300;L;11.99;399.67;;;02.05.2025;11.99;3600524185398;Kozmetika
SERUM LOREAL REVITALIFT 30 ml;384074;LOREAL;0.0300;L;15.99;533.00;;;02.05.2025;15.99;3600523279111;Kozmetika
GEL ZA TU©.LACTOVIT LAC.300 ml;384075;Lactovit;0.3000;l;2.69;8.97;;;02.05.2025;2.69;8411660421890;Kozmetika
INST.KAKAO NESQUIK 400 g+100 g;384076;Nesquik;0.4000;KG;4.59;11.48;;;02.05.2025;4.59;8445291197725;Piæa
PRALINE GIANDUIOTTO DESP.150 g;384077;Despar;0.1500;kg;3.99;26.60;;;02.05.2025;3.99;8001300502708;Hrana
PRALINE DESPAR CREMINO 150 g;384078;Despar;0.1500;kg;3.99;26.60;;;02.05.2025;3.99;8001300502715;Hrana
KAPSULE ARIEL COLOR 100/1;384079;Ariel;100.0000;kom;29.99;0.30;;;02.05.2025;29.99;8700216580885;Sredstva za èi¹æenje
VOD.CURAPROX PERIO PLUS 200 ml;384085;Curaprox;0.2000;L;11.95;59.75;;;02.05.2025;11.95;7612412426748;Kozmetika
VOD.CURAPROX PERIO PLUS 200 ml;384086;Curaprox;0.2000;L;11.95;59.75;;;02.05.2025;11.95;7612412426700;Kozmetika
GEL OLOVKA EVELINE METAL. 1/1 ;384105;Eveline;1.0000;kom;4.69;4.69;;;02.05.2025;4.69;5903416058953;Kozmetika
GEL OLOVKA EVELINE METAL. 1/1 ;384107;Eveline;1.0000;kom;4.69;4.69;;;02.05.2025;4.69;5903416058977;Kozmetika
GEL OLOVKA EVELINE METAL. 1/1 ;384109;Eveline;1.0000;kom;4.69;4.69;;;02.05.2025;4.69;5903416058960;Kozmetika
GEL OL.EVELINE 06 1/1 ;384111;Eveline;1.0000;kom;5.49;5.49;;;02.05.2025;5.49;5903416066064;Kozmetika
GEL LAK EVELINE 282 8 ml;384115;Eveline;1.0000;kom;2.99;2.99;;;02.05.2025;2.99;5903416066958;Kozmetika
GEL LAK EVELINE 200 8 ml;384116;Eveline;1.0000;kom;2.99;2.99;;;02.05.2025;2.99;5903416053521;Kozmetika
GEL LAK EVELINE 34 8 ml;384118;Eveline;1.0000;kom;2.99;2.99;;;02.05.2025;2.99;5903416008019;Kozmetika
GEL LAK EVELINE 290 8 ml;384119;Eveline;1.0000;kom;2.99;2.99;;;02.05.2025;2.99;5903416068310;Kozmetika
GEL LAK EVELINE 289 8 ml;384121;Eveline;1.0000;kom;2.99;2.99;;;02.05.2025;2.99;5903416068303;Kozmetika
GEL LAK EVELINE 300 8 ml;384123;Eveline;1.0000;kom;2.99;2.99;;;02.05.2025;2.99;5903416067122;Kozmetika
GEL LAK EVELINE 311 8 ml;384124;Eveline;1.0000;kom;2.99;2.99;;;02.05.2025;2.99;5903416074625;Kozmetika
RAKIJA ©LJIVO.VODOTORANJ 0,5 L;384128;;0.5000;L;29.99;59.98;;;02.05.2025;29.99;3859893817472;Piæa
KREMA EVELINE ZA LICE BO 50 ml;384129;Eveline;0.0500;L;6.99;139.80;;;02.05.2025;6.99;5903416058595;Kozmetika
SERUM EVELNE VITAMIN C  30 ml;384130;Eveline;0.0300;l;8.99;299.67;;;02.05.2025;8.99;5903416053415;Kozmetika
RIBLJI ©TAPIÆI S-BUDGET 450 g;384143;S-Budget;0.4500;kg;3.99;8.87;;;02.05.2025;3.99;9100000718453;Hrana
KREMA EVELINE ZA RUKE 100 ml;384148;Eveline;0.1000;L;1.89;18.90;;;02.05.2025;1.89;5907609338471;Kozmetika
SRE.ZA PARKETE EMSAL 1 L;384152;Emsal;1.0000;L;4.64;4.64;;;02.05.2025;4.64;4009175964571;Sredstva za èi¹æenje
ÈETK.ZA ZUBE COLGATE EX. 1+1;384155;Colgate;1.0000;kom;1.99;1.99;;;02.05.2025;1.99;8718951309609;Kozmetika
PASTA ELMEX COMP.CA. 75 ml;384158;Elmex;0.7500;l;5.39;7.19;;;02.05.2025;5.39;8718951516014;Kozmetika
POSL.ZA PSE SCOTTY MINIS 100 g;384159;Scotty;0.1000;kg;1.99;19.90;;;02.05.2025;1.99;9100000040141;Proizvodi za kuæanstvo
KREMA NIVEA MEN ANTI-AGE 50 ml;384168;Nivea;0.0500;l;26.99;539.80;;;02.05.2025;26.99;4006000026862;Kozmetika
SERUM NIVEA MEN ANTI-AGE 30 ml;384169;Nivea;0.0300;l;30.99;1033.00;;;02.05.2025;30.99;4006000020068;Kozmetika
HRANA ZA PSE SCOT.NATURE 150 g;384170;Scotty;0.1500;kg;0.99;6.60;;;02.05.2025;0.99;9100000036274;Proizvodi za kuæanstvo
HRANA ZA MAÈ.MOL.NATURE100 g;384171;Molly;0.1000;kg;0.59;5.90;;;02.05.2025;0.59;9100000036182;Proizvodi za kuæanstvo
BOJA PALETTE DELUXE 5-11;384172;Palette;1.0000;kom;;4.99;4.99;5.99;02.05.2025;5.99;9000101736823;Kozmetika
LEDOLETTE KAKAO LEDO 800 g;384173;Ledo;0.8000;kg;4.99;6.24;;;02.05.2025;4.99;3850116067469;Hrana
LEDOLETTE MARELICA LEDO 800 g;384174;Ledo;0.8000;kg;4.99;6.24;;;02.05.2025;4.99;3850116067438;Hrana
ZUB.P.CO.MAX FRESH 75 ml;384176;Colgate;0.7500;l;3.19;4.25;;;02.05.2025;3.00;8718951631342;Kozmetika
POSL.ZA MAÈKE VITAK.YUMS 40 g;384177;Vitakraft;0.0400;kg;1.79;44.75;;;02.05.2025;1.79;4008239588982;Proizvodi za kuæanstvo
GEL TU©.PALMOLIVE SPARK.500 ml;384178;Palmolive;0.5000;l;4.49;8.98;;;02.05.2025;4.49;8718951658295;Kozmetika
POSLAS.ZA PSE BEEF STICK 12 g;384179;;0.0120;kg;0.69;57.50;;;02.05.2025;0.69;4008239265005;Proizvodi za kuæanstvo
KREKER ZA MALE PAPIGE VIT.80 g;384180;Vitakraft;0.0800;kom;2.49;31.13;;;02.05.2025;2.49;4008239212313;Proizvodi za kuæanstvo
HRANA ZA KANARINCE VITAK.500 g;384181;Vitakraft;0.5000;kg;2.49;4.98;;;02.05.2025;2.49;4008239106209;Proizvodi za kuæanstvo
HRA.ZA PSE CESAR JUN.PUR.150 g;384183;Cesar;0.1500;kg;1.79;11.93;;;02.05.2025;1.79;4008429121609;Proizvodi za kuæanstvo
HRA.ZA MAÈ.ONE JUN.PIL.800 g;384184;One;0.8000;kg;6.59;8.24;;;02.05.2025;6.59;8445290073464;Proizvodi za kuæanstvo
MINI GRISSINI DESPAR 150 g;384185;DESPAR;0.1500;kg;1.39;9.27;;;02.05.2025;1.39;3856021227769;Hrana
HRA.MAÈ.GOUR.GOLD SUC.DEL.85 g;384186;Gourmet Gold;0.0850;kg;0.89;10.47;;;02.05.2025;0.89;8445291132849;Proizvodi za kuæanstvo
MINI GRISSINI DESPAR 150 g;384187;DESPAR;0.1500;kg;1.39;9.27;;;02.05.2025;1.39;3856021227783;Hrana
MINI GRISSINI DESPAR 150 g;384188;DESPAR;0.1500;kg;1.39;9.27;;;02.05.2025;1.39;3856021227745;Hrana
SMOKVA SUHA EUROCOMPANY 400 g;384190;;0.4000;kg;4.79;11.98;;4.79;02.05.2025;4.79;3872084015907;Hrana
MINI GRISSINI DESPAR 150 g;384193;DESPAR;0.1500;kg;1.39;9.27;;;02.05.2025;1.39;3856021227820;Hrana
MARELIC.SUHA EUROCOMPANY 400 g;384194;;0.4000;kg;4.39;10.98;;4.39;02.05.2025;4.39;3872084015891;Hrana
HRA.MAÈ.GOUR.GOLD SUC.DEL.85 g;384195;Gourmet Gold;0.0850;kg;0.89;10.47;;;02.05.2025;0.89;8445291132870;Proizvodi za kuæanstvo
MINI GRISSINI DESPAR 150 g;384197;DESPAR;0.1500;kg;1.39;9.27;;;02.05.2025;1.39;3856021227806;Hrana
HRA.MAÈ.GOUR.GOLD SUC.DEL.85 g;384198;Gourmet Gold;0.0850;kg;0.89;10.47;;;02.05.2025;0.89;8445291133242;Proizvodi za kuæanstvo
HRA.MAÈ.GOUR.GOLD SUC.4X85 g;384200;Gourmet Gold;0.3400;kg;3.09;9.09;;;02.05.2025;3.31;8445291133280;Proizvodi za kuæanstvo
KARAMEL.KIKIR.ALL SWEET 100 g ;384201;Sweet&Beauty;0.1000;kg;3.49;34.90;;;02.05.2025;3.49;3857500134721;Hrana
HRA.MAÈ.GOUR.GOLD SUC.4X85 g;384202;Gourmet Gold;0.3400;kg;3.09;9.09;;;02.05.2025;3.31;8445291133532;Proizvodi za kuæanstvo
SALVETE  33x33 CHRISTMAS;384204;;1.0000;kom;1.99;1.99;;;02.05.2025;1.99;4021766295314;Proizvodi za kuæanstvo
SALVETE  33x33 ATELIER CRISTA;384205;;1.0000;kom;1.99;1.99;;;02.05.2025;1.99;4021766302074;Proizvodi za kuæanstvo
SALVETE  33x33 ATELIER CRISTA ;384206;;1.0000;kom;1.99;1.99;;;02.05.2025;1.99;4021766302067;Proizvodi za kuæanstvo
SALVETE  33x33 ATELIER GNOM;384207;;1.0000;kom;1.99;1.99;;;02.05.2025;1.99;4021766300735;Proizvodi za kuæanstvo
SALVETE  33x33  STAR&SNOWFLAKE;384208;;1.0000;kom;1.99;1.99;;;02.05.2025;1.99;4021766300537;Proizvodi za kuæanstvo
SALVETE  33x33 ADVENT.VJENAC;384209;;1.0000;kom;1.99;1.99;;;02.05.2025;1.99;4021766282048;Proizvodi za kuæanstvo
KREMA BECUTAN BABY 50 ml;384214;Becutan;0.0500;L;3.39;67.80;;;02.05.2025;3.39;5310001252977;Kozmetika
SALVETE  33x33 NOVOGODI©NJA;384215;;1.0000;kom;1.99;1.99;;;02.05.2025;1.99;4021766300940;Proizvodi za kuæanstvo
SALVETE  33x33 CRISTMAS TAXI;384216;;1.0000;kom;1.99;1.99;;;02.05.2025;1.99;4021766272148;Proizvodi za kuæanstvo
SALVETE  33x33 BO®. BOR;384217;;1.0000;kom;1.99;1.99;;;02.05.2025;1.99;4021766302753;Proizvodi za kuæanstvo
©AMPON I KUPKA BECUTAN 200 ml;384223;Becutan;0.2000;L;3.25;16.25;;;02.05.2025;3.25;5310001217747;Kozmetika
KUPKA BECUTAN ZA DJECU 400 ml;384226;Becutan;0.4000;L;4.89;12.23;;;02.05.2025;4.89;5310001223342;Kozmetika
VLA®NE MARAMICE BECUTAN ;384227;Becutan;128.0000;KOM;3.49;0.03;;;02.05.2025;3.49;5310001234775;Toaletne potrep¹tine
KAP. BECUTAN ZA BEBE 12/1;384228;Becutan;12.0000;KOM;4.49;0.37;;4.49;02.05.2025;4.99;5310001274252;Sredstva za èi¹æenje
NEKTAR CAPPY NARANÈA 1 L;384229;Cappy;1.0000;L;2.89;2.89;;;02.05.2025;2.89;5449000323217;Piæa
OSVJE®A.PIÆE CAPPY BRESKVA 1 L;384230;Cappy;1.0000;L;2.09;2.09;;;02.05.2025;2.09;5449000323231;Piæa
OSVJ. ZA WC DOMESTOS 2x50 g;384231;Domestos;0.1000;KG;5.49;54.90;;;02.05.2025;3.84;8720182903174;Sredstva za èi¹æenje
NEKTAR CAPPY JABUKA 1 L;384232;Cappy;1.0000;L;2.09;2.09;;;02.05.2025;2.09;5449000018564;Piæa
OSVJ. ZA WC DOMESTOS 2X50 g;384234;Domestos;0.1000;KG;5.49;54.90;;;02.05.2025;3.84;8720182903266;Sredstva za èi¹æenje
OSVJ. ZA WC DOMESTOS 50 g;384235;Domestos;0.0500;KG;3.29;65.80;;;02.05.2025;2.45;8720182905024;Sredstva za èi¹æenje
OSVJ. ZA WC DOMESTOS 2X50 g;384236;Domestos;0.1000;KG;5.49;54.90;;;02.05.2025;3.84;8720182903181;Sredstva za èi¹æenje
SALATA ARGETA PILET.PIK.160 g;384239;Argeta;0.1600;kg;4.49;28.06;;;02.05.2025;4.49;3838471055499;Hrana
SALATA ARGETA PILET.TJES.160 g;384241;Argeta;0.1600;kg;4.49;28.06;;;02.05.2025;4.49;3838471055482;Hrana
SALATA ARGETA POVRÆE 160 g;384243;Argeta;0.1600;kg;4.49;28.06;;;02.05.2025;4.49;3838471055505;Hrana
TUNA GIANA KOM.VLAST.SOK 170 g;384246;Giana;0.1200;kg;2.99;24.92;;;02.05.2025;2.99;8595241505350;Hrana
INÆUNI FILET FJK SUN.ULJE 45 g;384252;Franz Jozef Kaiser;0.0270;kg;2.99;110.74;;;02.05.2025;2.99;8594012797710;Hrana
INÆUNI ROLAN FJK KAPARE 45 g;384253;Franz Jozef Kaiser;0.0270;kg;2.99;110.74;;;02.05.2025;2.99;8595241513980;Hrana
SARDINA MARDE©.SUNC.ULJE 100 g;384255;MARDE©IÆ;0.0700;kg;1.59;22.71;;;02.05.2025;1.59;3859891129171;Hrana
SARD.MARD.BIO MASL.ULJE 100 g;384257;MARDE©IÆ;0.0700;kg;1.99;28.43;;;02.05.2025;1.99;3859891129096;Hrana
PA©T.ARG.EXC.TELE.TRU.KOR.95 g;384272;Argeta;0.0950;kg;2.69;28.32;;;02.05.2025;2.69;3838471052832;Hrana
VL.MAR.WHITEDAY 20/1;384276;;20.0000;KOM;2.29;0.11;;;02.05.2025;2.29;8681242204269;Sredstva za èi¹æenje
TUNA VITAL MANJE SOLI 3X70 g;384277;SPAR Vital;0.1560;kg;4.49;28.78;;;02.05.2025;4.49;8001300244264;Hrana
SRE.FROSCH ZA ÈI©Æ.BABY 500 ml;384281;Frosch;0.5000;L;;3.98;1.99;2.59;02.05.2025;2.59;4009175944726;Sredstva za èi¹æenje
KARAM.PAP.JALAP.SPARBBQ 360 g;384282;SPAR BBQ;0.3600;kg;3.99;11.08;;;02.05.2025;3.99;9100000023274;Hrana
VINO MERLOT CRICOVA 0,75 L;384283;;0.7500;L;7.02;9.36;;;02.05.2025;7.02;4840013004109;Piæa
KARAMEL.LUK SPARBBQ 320 g;384284;SparBBQ;0.3200;kg;3.99;12.47;;;02.05.2025;3.99;9100000023298;Hrana
SRE.SANITAR FLASH POWER 650 ml;384285;Sanitar;0.6500;L;2.99;4.60;;;02.05.2025;2.99;3850111505683;Sredstva za èi¹æenje
VINO MUSCAT CRICO.0,75 L;384286;;0.7500;L;7.02;9.36;;;02.05.2025;7.02;4840013005281;Piæa
OME.VIKING ALLSTAR 1,44 L;384290;;1.4400;L;3.79;2.63;;;02.05.2025;3.79;8692900937030;Sredstva za èi¹æenje
OME.VIKING DYNAMIC 1,44 L;384292;;1.4400;L;3.79;2.63;;;02.05.2025;3.79;8692900948036;Sredstva za èi¹æenje
ÈISTAÈ ODVODA RORAX 1L;384293;Rorax;1.0000;L;4.29;4.29;;;02.05.2025;4.29;4009175136022;Sredstva za èi¹æenje
VINO CABER.SAUVIGN.CRICOVA 3 L;384294;;3.0000;L;9.99;3.33;;;02.05.2025;9.99;0484013004550;Piæa
VINO TESTAMEN.DD PLAVAC 0,75 L;384296;;0.7500;L;14.02;18.69;;;02.05.2025;14.02;3859893402647;Piæa
VINO AD®IÆ SIVI PINOT 0,75 L;384297;;0.7500;L;18.02;24.03;;;02.05.2025;18.02;3859890469070;Piæa
LIKER ORAHOVAC BADEL 0,7 L;384303;Badel 1862;0.7000;L;11.02;15.74;;;02.05.2025;11.02;3850112111401;Piæa
VINO PRUNOT.MOSCATO DA. 0,75 L;384304;;0.7500;L;15.99;21.32;;;02.05.2025;15.02;8016001000101;Piæa
DES.KINDER PINGUI KOKOS 4x30 g;384306;Kinder;0.1200;kg;2.39;19.92;;;02.05.2025;2.39;8000500385395;Hrana
DES.KINDER PINGUI KOKOS 30 g;384307;Kinder;0.0300;kg;0.75;25.00;;;02.05.2025;0.75;8000500119792;Hrana
®VAKE WRI.JUICY FRUIT FAN.56 g;384309;Wrigley;0.0560;kg;2.29;40.89;;;02.05.2025;2.29;4009900536646;Hrana
KEKS PETIT BEURRE 400 g;384310;Kra¹;0.4000;kg;1.69;4.23;;;02.05.2025;1.69;3850102014408;Hrana
KEKS PETIT BEURRE 1000 g;384311;Kra¹;1.0000;kg;3.49;3.49;;;02.05.2025;3.49;3850102014415;Hrana
TAB.JAR PLATINUM PLUS 42/1;384313;;1.0000;kom;20.99;20.99;;;02.05.2025;20.99;8006540751237;Sredstva za èi¹æenje
TAB.JAR PLATINUM 35/1;384314;Jar;1.0000;kom;19.95;19.95;;;02.05.2025;19.95;8006540750124;Sredstva za èi¹æenje
NAPITAK S-BUD.ZOB BARISTA 1 L;384317;S-Budget;1.0000;l;1.69;1.69;;;02.05.2025;1.69;9100000045863;Piæa
NAPITAK SPAR ZOB BARISTA 0,5 L;384318;SPAR;0.5000;l;1.59;3.18;;;02.05.2025;1.59;9100000026015;Piæa
NAPITAK NAT.PUR PISTACIJA 1 L;384322;SPAR Natur*pur;1.0000;l;3.09;3.09;;;02.05.2025;3.09;9100000050522;Piæa
LEDOLETT.SIR ©PINAT LEDO 800 g;384323;Ledo;0.8000;kg;4.99;6.24;;;02.05.2025;4.99;3850116067582;Hrana
LEDOLETTE MEXICANA LEDO 800 g;384324;Ledo;0.8000;kg;4.99;6.24;;;02.05.2025;4.99;3850116067551;Hrana
PACIFIÈK.KOZICE S-BUDGET 225 g;384329;S-Budget;0.2250;kg;5.49;24.40;;;02.05.2025;5.49;9100000730301;Hrana
ÈOKOLADA DORINA EXT.MLIJ.220 g;384331;Dorina;0.2200;kg;3.49;15.86;;3.49;02.05.2025;4.49;3850102012930;Hrana
ÈOKOLADA DUBAI S PISTACIJ.93 g;384332;;0.0930;kg;6.99;75.16;;;02.05.2025;6.99;8690504143727;Hrana
ORA©ASTI MEDITERAN MIX 125 g;384335;;0.1500;kg;4.99;33.27;;;02.05.2025;4.99;5201044010153;Hrana
OSV.DOMESTOS UNICORN 2X50 G;384339;Domestos;0.1000;kg;5.49;54.90;;;02.05.2025;3.84;8720182911513;Sredstva za èi¹æenje
KAP.FAKS COLOR 14/1;384341;Faks;14.0000;kom;;0.39;5.49;5.99;02.05.2025;6.99;3850105187192;Sredstva za èi¹æenje
KAP.FAKS UNIVERSAL 14/1;384342;Faks;14.0000;kom;;0.39;5.49;5.99;02.05.2025;6.99;3850105187222;Sredstva za èi¹æenje
KAP.FAKS COLOR 22/1 ;384343;Faks;22.0000;kom;13.49;0.61;;;02.05.2025;13.49;3850105187253;Sredstva za èi¹æenje
KAP.FAKS UNIVERSAL 22/1;384344;Faks;22.0000;kom;13.49;0.61;;;02.05.2025;13.49;3850105187284;Sredstva za èi¹æenje
BO®IÆNE SALVETE 33x33cm;384347;;1.0000;kom;1.99;1.99;;;02.05.2025;1.99;5901646052000;Proizvodi za kuæanstvo
DET. WEISSER RIESE 0,99 L;384350;Weisser Riese;0.9900;l;6.99;7.06;;;02.05.2025;6.99;4015200031903;Sredstva za èi¹æenje
TAB.JAR PLATINUM 100/1;384369;;1.0000;kom;20.99;20.99;;;02.05.2025;20.99;8700216597609;Sredstva za èi¹æenje
SP.NP BIO JUHA OD RAJÈ.400 ml;384372;SPAR Natur*pur;0.4000;kg;3.89;9.73;;;02.05.2025;3.89;9100000031644;Hrana
SP.NP BIO JUHA OD BUND.400 ml;384375;SPAR Natur*pur;0.4000;kg;3.89;9.73;;;02.05.2025;3.89;9100000031668;Hrana
BOROVNICA S BUDGET 300 g;384377;S-BUDGET;0.3000;kg;3.29;10.97;;;02.05.2025;3.49;8439000585866;Hrana
POLI GREEN MINI 220 g;384386;Poli;0.2200;kg;3.49;15.86;;;02.05.2025;3.49;3838977044508;Hrana
POLI GREEN NAREZAK 100 g;384387;Poli;0.1000;kg;1.99;19.90;;;02.05.2025;1.99;3838977044515;Hrana
ÈOKOLADA DESPAR BIJELA 100g;384390;DESPAR;0.1000;kg;1.39;13.90;;;02.05.2025;1.39;8001300750215;Hrana
ZAÈ.DIMLJ.SLAT.MLJ.PAP.120 g;384393;;0.1200;kg;2.49;20.75;;;02.05.2025;2.49;3856020276416;Hrana
BU SPU®VA ZA DOMAÆINSTVO 10/1 ;384394;S-BUDGET;10.0000;kom;0.99;0.10;;;02.05.2025;0.99;9100000041186;Proizvodi za kuæanstvo
ZAÈIN VEGETA KOBAS. DOM.170 g;384395;;0.1700;kg;1.99;11.71;;;02.05.2025;1.99;3856020246358;Hrana
BU SET SPU®VA S UTORIMA,6/1;384396;S-BUDGET;6.0000;kom;1.19;0.20;;;02.05.2025;1.19;9100000042916;Proizvodi za kuæanstvo
ZAÈIN VEGETA KOBAS. PIK.170 g;384398;;0.1700;kg;1.99;11.71;;;02.05.2025;1.99;3856020246389;Hrana
SP SET SPU®VA,3/1,PLUS;384400;Splendid;3.0000;kom;1.39;0.46;;;02.05.2025;1.39;9100000041209;Proizvodi za kuæanstvo
SP NATUR SET SPU®VA,2/1,SENSIT;384401;Splendid Nature;2.0000;kom;1.19;0.60;;;02.05.2025;1.19;9100000039657;Proizvodi za kuæanstvo
SP NATURE SPU®.KRPA,2/1;384402;Splendid Nature;2.0000;kom;1.59;0.80;;;02.05.2025;1.59;9100000039688;Proizvodi za kuæanstvo
ULJE MASL.EX.DJ.DE CAROLIS 1 L;384404;;1.0000;L;9.99;9.99;;;02.05.2025;9.99;8004581880015;Hrana
GEL OLD SPICE WOLFTHORN 1L;384406;Old Spice;1.0000;l;7.99;7.99;;;02.05.2025;7.99;8700216452588;Kozmetika
MUSLI NATUR PUR ÈOKOLADA 450 g;384408;SPAR Natur*pur;0.4500;kg;3.99;8.87;;;02.05.2025;3.99;9100000028316;Hrana
ÈAJ TARTLON ZELENI 100 g;384413;;0.1000;KG;14.99;149.90;;;02.05.2025;14.99;4798810014121;Piæa
ÈAJ TARTLON CRNI 100 g;384414;;0.1000;KG;14.99;149.90;;;02.05.2025;14.99;4798810014114;Piæa
PIVO CRAFTER´S ZIMSKO 0,5 L;384416;;0.5000;L;2.52;5.04;;;02.05.2025;2.52;3859893368738;Piæa
OS.PIÆE POLA POLA JAGODA 0,5 L;384417;;0.5000;L;1.85;3.70;;;02.05.2025;1.85;9006900229924;Piæa
ÈOKOLADA DESPAR TAMNA 100g;384418;Despar;0.1000;kg;1.39;13.90;;;02.05.2025;1.39;8001300750192;Hrana
ÈOKOLADA DESPAR LJE©NJAK 100g;384419;Despar;0.1000;kg;1.39;13.90;;;02.05.2025;1.39;8001300750208;Hrana
ÈOKOLADA DESPAR MLIJEÈNA 100g;384420;Despar;0.1000;kg;1.29;12.90;;;02.05.2025;1.29;8001300750185;Hrana
GAZIRANO PIÆE SPRITE 2 L;384421;Sprite;2.0000;L;2.29;1.15;;;02.05.2025;2.29;5449000335036;Piæa
ÈAJ BASILUR VINTAGE STYLE 75 g;384442;;0.0750;KG;14.99;199.87;;;02.05.2025;14.99;4792252934030;Piæa
ÈAJ BASILUR VINTAGE CHRIS.85 g;384443;;0.0850;KG;9.99;117.53;;;02.05.2025;9.99;4792252932838;Piæa
ÈAJ BASILUR ©UMSKO VOÆE 50 g;384444;;0.0500;KG;4.39;87.80;;;02.05.2025;4.39;4792252940840;Piæa
ÈAJ BASILUR ENGLISH BREAK.50 g;384446;;0.0500;KG;3.49;69.80;;;02.05.2025;3.49;4792252923775;Piæa
ÈAJ BASILUR JASMIN ZELENI 50 g;384447;;0.0500;KG;3.49;69.80;;;02.05.2025;3.49;4792252937109;Piæa
VEGANGURT PlantOn KOKOS 150 g;384449;;0.1500;kg;1.59;10.60;;;02.05.2025;1.59;5901104006255;Hrana
VEGANGURT PlantOn AN.MAN.150 g;384450;;0.1500;kg;1.59;10.60;;;02.05.2025;1.59;5901104006286;Hrana
VEGANGURT PlantOn BOROVN.150 g;384453;;0.1500;kg;1.59;10.60;;;02.05.2025;1.59;5901104006279;Hrana
STARTER KIT AMBIPUR SUGA.20 ml;384456;Ambi Pur;1.0000;kom;6.99;6.99;;;02.05.2025;6.99;8700216563789;Sredstva za èi¹æenje
OSV.AMBI PUR VANIllA 7,5 ml;384458;Ambi Pur;1.0000;kom;3.99;3.99;;;02.05.2025;3.99;8700216552103;Sredstva za èi¹æenje
MASKA ZA LICE GARNIER NAR 1kom;384461;Garnier;1.0000;kg;2.99;2.99;;;02.05.2025;2.99;3600542097253;Kozmetika
GEL ZA LICE GARNIER  250 ml;384463;Garnier;0.2500;l;6.99;27.96;;;02.05.2025;6.99;3600542566261;Kozmetika
KRE ZA LICE GARNIER PU.A 50 ml;384464;Garnier;0.0500;L;8.99;179.80;;;02.05.2025;8.99;3600542572804;Kozmetika
PJENA GARNIER  ÈI©.LICA 250 ml;384465;Garnier;0.2500;L;6.99;27.96;;;02.05.2025;6.99;3600542488099;Kozmetika
KREM.GARNIER PU.A.SPF50 40 ml;384466;Garnier;0.0400;l;12.49;312.25;;;02.05.2025;12.49;3600542597784;Kozmetika
MASKA ZA LICE GARNIER TISSUE;384467;Garnier;1.0000;kom;2.99;2.99;;;02.05.2025;2.99;3600542385626;Kozmetika
ÈAJ BASILUR WHIT.MAGAIC 37,5 g;384471;;0.0375;KG;3.49;93.07;;;02.05.2025;3.49;4792252918870;Piæa
ÈAJ BASILUR EARL GRAY 50 g;384472;;0.0500;KG;3.49;69.80;;;02.05.2025;3.49;4792252923768;Piæa
ÈAJ BASILUR CREAM FANTA.37,5 g;384475;;0.0375;KG;3.49;93.07;;;02.05.2025;3.49;4792252937932;Piæa
KEKSI BOUNTY 132 g;384478;Bounty;0.1320;kg;3.99;30.23;;;02.05.2025;3.99;5056357905739;Hrana
KEKSI MARS 132 g;384480;Mars;0.1320;kg;3.99;30.23;;;02.05.2025;3.99;5056357909812;Hrana
KEKSI TWIX 132 g;384481;Twix;0.1320;kg;3.99;30.23;;;02.05.2025;3.99;5056357911747;Hrana
PRALINE S-BUDGET MIX 1 kg;384482;S-Budget;1.0000;kg;7.99;7.99;;;02.05.2025;7.99;8057204095099;Hrana
PA©TETA GAVRIL.TELEÆA 100 g;384501;Gavrilovic;0.1000;kg;3.99;39.90;;;02.05.2025;3.99;3858892726662;Hrana
PA©TETA GAVRILOVIÆ PAÆJA 100 g;384503;Gavrilovic;0.1000;kg;3.99;39.90;;;02.05.2025;3.99;3858892726686;Hrana
PA©TETA GAVRIL.GU©ÈJA 100 g;384504;Gavrilovic;0.1000;kg;3.99;39.90;;;02.05.2025;3.99;3858892726648;Hrana
KEKS MARC.BAD.SPAR PREM.100 g;384521;SPAR PREMIUM;0.1000;kg;2.99;29.90;;;02.05.2025;2.99;9100000042107;Hrana
KEKS BADEM SPAR PREM.100 g;384522;SPAR PREMIUM;0.1000;kg;2.99;29.90;;;02.05.2025;2.99;9100000042060;Hrana
ÈIPS HUMUS SPAR MOR.SOL 70 g;384526;SPAR;0.0700;kg;1.49;21.29;;;02.05.2025;1.49;8710671205018;Hrana
KRUH SJEME BEZ GLUTENA 200 g;384528;;0.4000;kg;2.59;6.48;;;02.05.2025;2.59;3859893064111;Hrana
VOÆ.PLO.N.A!JABUKA-BOROVN.35 g;384531;Nature Addicts;0.0350;kg;1.69;48.29;;;02.05.2025;1.69;3609200010474;Hrana
ÈOK.PRUTIÆ KINDER CRISPY 170 g;384532;Kinder;0.1700;kg;4.49;26.41;;;02.05.2025;4.49;8000500434161;Hrana
VEGANSKI FRANKFURT.SPAR.240 g;384555;SPAR Veggie;0.2400;kg;3.89;16.21;;;02.05.2025;2.99;9100000040165;Hrana
MINI KUGLOF BEZ GLUTENA 300 g;384577;;0.3000;kg;8.99;29.97;;;02.05.2025;8.99;3859893064128;Hrana
ADVENT.KALENDAR ENG.TEA S.50 g;384635;;0.0500;KG;15.99;319.80;;;02.05.2025;15.99;0680275060772;Piæa
ÈAJ ENG.TEA SHOP PIRAMIDE 24 g;384636;;0.0240;KG;8.99;374.58;;;02.05.2025;8.99;0680275060819;Piæa
ÈAJ ENG.TEA.SHOP CRVENI 24 g;384637;;0.0240;KG;8.99;374.58;;;02.05.2025;8.99;0680275060796;Piæa
BEZALKOHO.BEEFEATER 0,0% 0,7 L;384638;;0.7000;L;17.02;24.31;;;02.05.2025;17.02;5000299618769;Piæa
VL.MAR. BECUTAN BADEM 5X56 KOM;384643;Becutan;280.0000;KOM;4.99;0.02;;;02.05.2025;4.99;5310001273682;Toaletne potrep¹tine
PECIVO MIJE©.SL.S-BUDGET 300 g;384647;S-Budget;0.3000;kg;1.99;6.63;;;02.05.2025;1.99;9100000081342;Hrana
ÈIPS PAPRIKA S BUDGET 150 g;384663;S-Budget;0.1500;kg;0.89;5.93;;;02.05.2025;0.89;3856021221347;Hrana
TORTA PISTACIJA MALINA 1000 g;384712;;1.0000;kg;13.99;13.99;;;02.05.2025;13.99;3870622002747;Hrana
OSVJ.WC BREF EARTH 3X50 g;384713;Bref;0.1560;kg;6.75;43.27;;;02.05.2025;6.75;9000101824889;Sredstva za èi¹æenje
OSVJ.WC BREF FIRE 3X50 g;384714;Bref;0.1560;kg;6.75;43.27;;;02.05.2025;6.75;9000101824919;Sredstva za èi¹æenje
PR©UT 18.MJ.PREMIUM 90 g DOBRO;384738;Dobro;0.0900;kg;4.99;55.44;;;02.05.2025;4.99;3850133816224;Hrana
KULEN PREMIUM 90 g DOBRO;384741;Dobro;0.0900;kg;4.69;52.11;;;02.05.2025;4.69;3850133816255;Hrana
SALAMA NEGRA PREM. 90 g DOBRO;384744;Dobro;0.0900;kg;4.69;52.11;;;02.05.2025;4.69;3850133816286;Hrana
INS.KAVA JACOBS VELVET 2X180 g;384781;Jacobs;0.3600;KG;14.99;41.64;;;02.05.2025;14.99;3858895410353;Piæa
TORTILLA MISSION ORIGINAL 370g;384782;;0.3700;kg;2.58;6.97;;;02.05.2025;2.58;8710637105352;Hrana
TORTILLA  ®ITARICE  370 g;384783;;0.3700;kg;2.71;7.32;;;02.05.2025;2.71;8710637105390;Hrana
NAM.PREMIUM OD PISTACIJA 200 g;384797;SPAR PREMIUM;0.2000;kg;5.99;29.95;;;02.05.2025;5.99;9100000037523;Hrana
SP SPU®VA ZA SUÐE,SENSITIV 3/1;384798;Splendid;3.0000;kom;1.99;0.66;;;02.05.2025;1.99;9100000041759;Proizvodi za kuæanstvo
KAP.WEISSER RIESE LOT&MED.80/1;384800;Weisser Riese;0.9600;kg;23.99;24.99;;;02.05.2025;23.99;4015200033839;Sredstva za èi¹æenje
OSV.AUT.REF.GLADE BO®UR 269 ml;384806;Glade;269.0000;ml;8.69;0.03;;;02.05.2025;8.69;5000204000948;Sredstva za èi¹æenje
VL.MAR WHITEDAY BABY 60/1;384808;;60.0000;KOM;1.59;0.03;;;02.05.2025;1.59;8684718450108;Toaletne potrep¹tine
OSVJ.WC DUCK AQUA GARDEN 36 g;384811;Duck;36.0000;g;2.89;0.08;;;02.05.2025;2.89;5000204329919;Sredstva za èi¹æenje
HIGIJENSKI ULO®AK VIR EXT.10/1;384814;Vir;10.0000;;2.39;0.24;;;02.05.2025;2.39;3838985022253;Toaletne potrep¹tine
OSV.WC DUCK AQUA TROPICAL 36 g;384820;Duck;36.0000;g;2.89;0.08;;;02.05.2025;2.89;5000204329889;Sredstva za èi¹æenje
EL.AP.GLADE VANIL. 20 ml;384823;Glade;20.0000;ml;6.89;0.34;;;02.05.2025;6.89;5000204333671;Sredstva za èi¹æenje
SCHOFRULADE MANGO U ÈOKO.130 g;384831;;0.1300;kg;3.99;30.69;;;02.05.2025;3.99;5901122237365;Hrana
SCHOFRULADE MALINA U ÈOK.130 g;384832;;0.1300;kg;3.99;30.69;;;02.05.2025;3.99;5901122237136;Hrana
SCHOFRULADE JAGODA U ÈOK.130 g;384833;;0.1300;kg;3.99;30.69;;;02.05.2025;3.99;5901122237129;Hrana
©AMP.SCHAUMA SENSITIVE 400 ml;384834;Schauma;0.4000;l;3.99;9.98;;3.79;02.05.2025;3.79;9000101737844;Kozmetika
©AMP.SCHAUMA BOOSTER 400 ml;384835;Schauma;0.4000;l;3.99;9.98;;3.79;02.05.2025;3.79;9000101738001;Kozmetika
TUNA RIO MARE HOT 3X65 g;384836;Rio Mare;0.1560;kg;5.89;37.76;;;02.05.2025;5.89;8004030271425;Hrana
PASTA COLGATE JUNIOR 50 ml;384841;Colgate;0.5000;l;2.39;4.78;;;02.05.2025;2.25;8718951610613;Kozmetika
PJENA AFRODITA ZA LICE 150 ml;384874;Afrodita;0.1500;l;9.29;61.93;;;02.05.2025;9.29;3831070662938;Kozmetika
TONIK AFRODITA HIDR. 100 ml;384875;Afrodita;0.1000;l;12.99;129.90;;;02.05.2025;12.99;3831070662945;Kozmetika
LOS.AFRODITA OKO OÈI. 125 ml;384876;Afrodita;0.1250;l;6.99;55.92;;;02.05.2025;6.99;3831070662952;Kozmetika
MELEM ZA USNE I OBRAZ D.4,5 g ;384880;Melem;1.0000;kom;3.79;3.79;;;02.05.2025;3.79;3856007912115;Kozmetika
MELEM ZA USNE I OBRAZ B.4,5 g ;384881;Melem;1.0000;kom;3.79;3.79;;;02.05.2025;3.79;3856007912122;Kozmetika
MELEM ZA USNE GLOSSY 10 ml;384882;Melem;0.0100;l;5.99;599.00;;;02.05.2025;5.99;3856007911910;Kozmetika
MELEM ZA USNE MELTED T. 10 ml;384883;Melem;0.0100;l;5.99;599.00;;;02.05.2025;5.99;3856007911927;Kozmetika
VINO ROMANCE ROSE 0,75 L;384896;;0.7500;L;12.02;16.03;;;02.05.2025;12.02;3760033596259;Piæa
VINO CHETEAU ELIXIR DG 0,75 L ;384897;;0.7500;L;8.02;10.69;;;02.05.2025;8.02;3760257460053;Piæa
PJ.LUC BELAIRE GOLD 0,75L;384898;;0.7500;L;20.02;26.69;;;02.05.2025;20.02;0813497007038;Piæa
PJ.LUC BELAIRE ROSE 0,75L;384901;;0.7500;L;20.02;26.69;;;02.05.2025;20.02;0813497005904;Piæa
PJ.LUC BELAIRE FANTOME 0,75L;384906;;0.7500;L;20.02;26.69;;;02.05.2025;20.02;0813497005577;Piæa
PREZE.BILLY BOY 3/1;384917;Billy Boy;3.0000;KOM;2.79;0.93;;;02.05.2025;2.65;4008600439394;Toaletne potrep¹tine
PREZE.BILLY BOY FEEL IT 10/1;384919;Billy Boy;10.0000;KOM;5.99;0.60;;;02.05.2025;6.89;4008600433637;Toaletne potrep¹tine
ZUB.PASTA SIGNAL JAGODA 75 ml;384921;Signal;1.0000;kom;3.49;3.49;;;02.05.2025;3.49;8720181501821;Kozmetika
SRED.DESPAR LAVANDA 1 L;384922;Despar;1.0000;L;1.59;1.59;;;02.05.2025;1.59;8001300891543;Sredstva za èi¹æenje
ZUB.PASTA SIGNAL JUNIOR 75 ml;384925;Signal;1.0000;kom;3.49;3.49;;;02.05.2025;3.49;8720181501845;Kozmetika
SRED.DESPAR LIME 1 L;384926;Despar;1.0000;L;1.59;1.59;;;02.05.2025;1.59;8001300891550;Sredstva za èi¹æenje
ZUB.PASTA SIGNAL VOÆE 75 ml;384929;Signal;1.0000;kom;3.49;3.49;;;02.05.2025;3.49;8720181501838;Kozmetika
OSVJ. GLADE GEL CLEAN 180 ml;384938;Glade;180.0000;ml;3.69;0.02;;;02.05.2025;3.69;5000204353327;Sredstva za èi¹æenje
TOAL.PAPIR LOVELY BIJELI 10/1;384952;Lovely;10.0000;KOM;3.99;0.40;;3.99;02.05.2025;4.49;9100000055541;Toaletne potrep¹tine
SRE.SPLENDID ZA KAMENAC 1 L;384953;Splendid;1.0000;L;2.65;2.65;;;02.05.2025;2.65;9100000022239;Sredstva za èi¹æenje
OSVJE®.PIÆE SPAR BOROVNICA 1 L;384984;SPAR;1.0000;L;1.99;1.99;;;02.05.2025;1.99;9100000049809;Piæa
VINO PRIMITIVO ICE 0,75 L;384985;;0.7500;L;8.99;11.99;;;02.05.2025;8.99;8009620875526;Piæa
VINO IL POTERE 0,75 L;384986;;0.7500;L;8.99;11.99;;;02.05.2025;8.99;8009620842863;Piæa
MARELI.SUHA EUROCOMPANY 300 g;384987;EUROCOMPANY;0.3000;kg;3.99;13.30;;;02.05.2025;3.99;3872084015440;Hrana
VINO PRIMITIVO D.SSALEN.0,75 L;384988;;0.7500;L;7.99;10.65;;;02.05.2025;7.89;8009620838248;Piæa
VINO LE ANFORE ROSSO SA. 0,75L;384991;;0.7500;L;11.99;15.99;;;02.05.2025;11.99;8009620871900;Piæa
BEZALK.PJENU©.CERO COMA 0,75 L;384995;;0.7500;L;4.02;5.36;;;02.05.2025;4.02;8410310622618;Piæa
BEZA.VINO TINTO CE.C.0,75 L;384996;;0.7500;L;4.02;5.36;;;02.05.2025;4.02;8410310619977;Piæa
BEZA.VINO BLANCO CE.C.0,75 L;384997;;0.7500;L;4.02;5.36;;;02.05.2025;4.02;8410310619953;Piæa
VINO BLANCO BARON  D.V. 0,75 L;384998;;0.7500;L;5.02;6.69;;;02.05.2025;5.02;8410310095139;Piæa
VINO ROUGE BARON D.V. 0,75 L ;384999;;0.7500;L;5.02;6.69;;;02.05.2025;5.02;8410310095191;Piæa
VINO TINTO PLUVIUM 0,75 L;385000;;0.7500;L;3.99;5.32;;;02.05.2025;3.99;8410310612497;Piæa
VINO BLANCO PLUVIUM 0,75 L;385001;;0.7500;L;3.99;5.32;;;02.05.2025;3.99;8410310612473;Piæa
TORTILLA ÈIPS TAKIS 90 g;385002;Takis;0.0900;kg;3.99;44.33;;;02.05.2025;0.49;5941143028818;Hrana
GEL T.BEAUTY KISS MEN F 500 ml;385022;Beauty Kiss;0.5000;L;1.49;2.98;;;02.05.2025;1.49;3856021227905;Kozmetika
GEL T.BEUTY KISS MEN SE 500 ml;385023;Beauty Kiss;0.5000;L;1.49;2.98;;;02.05.2025;1.49;3856021227882;Kozmetika
GEL TU©.BEAUTY KISS BAD 500 ml;385024;S-BUDGET;0.5000;L;1.49;2.98;;;02.05.2025;1.49;3856021227868;Kozmetika
GEL TU©.BEAUTY KISS AR. 500 ml;385025;S-BUDGET;0.5000;L;1.49;2.98;;;02.05.2025;1.49;3856021227844;Kozmetika
KIKIRIKI JUMBO 216 g;385028;Jumbo;0.2160;kg;2.49;11.53;;;02.05.2025;2.49;8606015858890;Hrana
ORA©ASTI MIX JUMBO 216 g;385030;Jumbo;0.2160;kg;2.49;11.53;;;02.05.2025;2.49;8606015858906;Hrana
SAP.TEK.DESPAR XME ARGAN  1 L;385072;Despar;1.0000;L;2.25;2.25;;;02.05.2025;1.79;8001300902430;Kozmetika
REG.DICORA SMOTH SHI 400 ml;385073;DICORA;0.4000;kom;3.89;9.73;;;02.05.2025;3.89;8480029434970;Kozmetika
REG.DICORA REPAIR 400 ml;385074;DICORA;0.4000;kom;3.89;9.73;;;02.05.2025;3.89;8480029434987;Kozmetika
©AM.DICORA SMOOTH SH. 4000 ml;385075;DICORA;0.4000;l;3.89;9.73;;;02.05.2025;3.89;8480029434918;Kozmetika
©AM.DICORA MAX REAPIR  400 ml;385077;DICORA;0.4000;l;3.89;9.73;;;02.05.2025;3.89;8480029434925;Kozmetika
GEL TU©.DICORA VETIVER  400 ml;385079;DICORA;0.4000;L;3.29;8.23;;;02.05.2025;3.29;8410262902158;Kozmetika
GEL TU©.DICORA CITRUS  400 ml;385081;DICORA;0.4000;L;3.29;8.23;;;02.05.2025;3.29;8410262902103;Kozmetika
GEL TU©.DICORA ALMOND  400 ml;385084;DICORA;0.4000;L;3.29;8.23;;;02.05.2025;3.29;8410262902097;Kozmetika
GEL TU©.DICORA JOGURT  400 ml;385088;DICORA;0.4000;L;3.29;8.23;;;02.05.2025;3.29;8429871991514;Kozmetika
TEK. SAPUN DICORA CITR. 500 ml;385090;;0.5000;L;3.29;6.58;;;02.05.2025;3.29;8410262902271;Kozmetika
TEK. SAPUN DICORA ALMON 500 ml;385091;DICORA;0.5000;L;3.29;6.58;;;02.05.2025;3.29;8410262902264;Kozmetika
TEK. SAPUN DICORA MILK  500 ml;385092;DICORA;0.5000;L;3.29;6.58;;;02.05.2025;3.29;8410262902257;Kozmetika
TABLETE FINISH ULTIMATE 100/1;385095;Finish;100.0000;KOM;16.99;0.17;;;02.05.2025;16.99;5999109583406;Sredstva za èi¹æenje
ROLL ON BOROTALCO PURE M 50 ml;385124;Borotalco;0.0500;L;3.50;70.00;;;02.05.2025;3.50;80775010;Kozmetika
ROLL ON BOROTALCO PURE M 50 ml;385125;Borotalco;0.0500;L;3.50;70.00;;;02.05.2025;3.50;80807223;Kozmetika
ROLL ON BOROTALCO PU.UNI 50 ml;385126;Borotalco;0.0500;L;3.50;70.00;;;02.05.2025;3.50;80766858;Kozmetika
DEO SP.BOROTALCO P.UNIQ 150 ml;385127;Borotalco;0.1500;L;3.50;23.33;;;02.05.2025;3.50;8002410043570;Kozmetika
DEO SP.BOROTALCO P.MARI 150 ml;385128;Borotalco;0.1500;L;3.50;23.33;;;02.05.2025;3.50;8002410043099;Kozmetika
MALINA SMRZNUTA S-BUDGET 500 g;385129;S-Budget;0.5000;kg;4.49;8.98;;;02.05.2025;4.49;9100000089003;Hrana
PRALINE DORINA S PORUKOM 125 g;385130;Dorina;0.1250;kg;4.99;39.92;;;02.05.2025;4.99;3850102008834;Hrana
FLIPS BOBI DUOPACK 180 g;385131;Bobi;0.1800;kg;1.99;11.06;;;02.05.2025;1.99;3858891591247;Hrana
TAB.FINISH ULTIMATE PLUS 90/1;385134;Finish;90.0000;KOM;16.99;0.19;;;02.05.2025;16.99;5908252011025;Sredstva za èi¹æenje
KRUH BESKVASNI  PAK. 500 g;385138;;0.5000;kg;1.99;3.98;;;02.05.2025;1.99;3859894349019;Hrana
KRUH HIMALAJSKI  PAK. 500 g;385139;;0.5000;kg;1.89;3.78;;;02.05.2025;1.89;3859894349002;Hrana
KRUH INTEGRALNI  PAK. 500 g;385140;;0.5000;kg;1.79;3.58;;;02.05.2025;1.79;3859894349040;Hrana
KRUH KUKURUZNI   PAK. 500 g;385141;;0.5000;kg;1.79;3.58;;;02.05.2025;1.79;3859894349033;Hrana
 KRUH CHIA  PAK. 500 g;385142;;0.5000;kg;1.89;3.78;;;02.05.2025;1.89;3859894349057;Hrana
KRUH PIROV PAK. 500 g;385143;;0.5000;kg;3.39;6.78;;;02.05.2025;3.39;3859894349026;Hrana
KRUH BIJELI  PAK. 500 g;385144;;0.5000;kg;1.79;3.58;;;02.05.2025;1.79;3859894349064;Hrana
Pecivo mlijeèna kifla  60 g;385145;;0.0600;kg;0.69;11.50;;;02.05.2025;0.69;3859894349071;Hrana
KREM©NITA 600 g XXL;385150;;0.6000;kg;4.99;8.32;;;02.05.2025;4.99;3830056445046;Hrana
ÈIPS CRUNCHIPS KI.VRHNJE 130 g;385159;Crunchips;0.1300;kg;;14.54;1.89;2.25;02.05.2025;2.25;4018077010941;Hrana
FLIPS STOBI EKSTRA LJUTI 200 g;385160;Stobi;0.2000;kg;0.99;4.95;;;02.05.2025;0.99;5310005021791;Hrana
TEK.SAP.L´ANGELICA REF LAV.1 L;385161;L´Angelica;1.0000;l;2.45;2.45;;;02.05.2025;2.45;8017331098936;Kozmetika
GRAH SPAR CRVENI 380 g;385162;SPAR Qualitätsmarke;0.2280;kg;0.99;4.34;;;02.05.2025;0.99;9100000017808;Hrana
©AMPON OLIVAL AMLA 250 ml;385163;Olival;0.2500;L;6.29;25.16;;;02.05.2025;6.29;3858892695937;Kozmetika
LOSION OLIVAL NEEM 150 ml;385164;Olival;0.1500;l;6.99;46.60;;;02.05.2025;6.99;3858892695814;Kozmetika
LOSION OLIVAL HAMAMELIS 150 ml;385165;Olival;0.1500;l;7.49;49.93;;;02.05.2025;7.49;3858892696019;Kozmetika
GRAH SPAR BIJELI 380 g;385166;SPAR Qualitätsmarke;0.2280;kg;0.99;4.34;;;02.05.2025;0.99;9100000049960;Hrana
SLANUTAK SPAR 380 g;385167;SPAR Qualitätsmarke;0.2280;kg;0.99;4.34;;;02.05.2025;0.99;9100000050003;Hrana
LEÆA SPAR 380 g;385168;SPAR Qualitätsmarke;0.2280;kg;0.99;4.34;;;02.05.2025;0.99;9100000049984;Hrana
MASKA ZA OCI ISANA VIT.C 2 kom;385169;ISANA;2.0000;kom;0.99;0.50;;;02.05.2025;0.99;4068134022776;Kozmetika
KOMPOT SPAR TRE©NJA 680 g;385170;SPAR Qualitätsmarke;0.3850;kg;2.49;6.47;;;02.05.2025;2.49;9100000737829;Hrana
MASKA OCI ISANA LUBENICA 2 kom;385171;ISANA;2.0000;kom;0.99;0.50;;;02.05.2025;0.99;4305615888330;Kozmetika
KOMPOT SPAR ©LJIVA 680 g;385172;SPAR Qualitätsmarke;0.3850;kg;1.79;4.65;;;02.05.2025;1.79;9100000738130;Hrana
VOÆ.SNACK FRUC.RED ALERT 200 g;385173;Fructal;0.2000;kg;2.25;11.25;;;02.05.2025;2.25;3838945042628;Hrana
VOÆ.SNACK FRUC.TRO.STORM 200 g;385174;Fructal;0.2000;kg;2.25;11.25;;;02.05.2025;2.25;3838945042604;Hrana
VOÆ.SNACK FR.BERRY BOOST 200 g;385175;Fructal;0.2000;kg;2.25;11.25;;;02.05.2025;2.25;3838945042611;Hrana
VOÆ.SNACK FR.TRIP.TWIST 200 g;385176;Fructal;0.2000;kg;2.25;11.25;;;02.05.2025;2.25;3838945042635;Hrana
SARDINA MIRELA POVRÆE 95 g;385177;Mirela;0.0950;kg;1.39;14.63;;;02.05.2025;1.39;3856020267650;Hrana
MASLINE PAPR.KAPARI LUXE.450 g;385178;Luxeapers;0.2500;kg;2.99;11.96;;;02.05.2025;2.99;8400043332892;Hrana
KUKU.LEDOLETTE S ABC SIR.800 g;385179;Ledo;0.8000;kg;4.99;6.24;;;02.05.2025;4.99;3850116067520;Hrana
VREÆA ZA SMEÆE 35L 15/1 ALUFIX;385181;;15.0000;kom;3.59;0.24;;;02.05.2025;3.59;4823071655322;Proizvodi za kuæanstvo
VREÆA ZA SMEÆE.60L,10/1,ALUFIX;385182;;10.0000;kom;5.49;0.55;;;02.05.2025;5.49;4823071657913;Proizvodi za kuæanstvo
VREÆA ZA SMEÆE.35L,15/1,ALUFIX;385183;;15.0000;kom;4.89;0.33;;;02.05.2025;4.89;4823071657890;Proizvodi za kuæanstvo
VREÆICA ZA SPREM.NAMIR.ALUFIX;385184;;1.0000;kom;5.79;5.79;;;02.05.2025;5.79;4823071655759;Proizvodi za kuæanstvo
ALUMINIJSKA FOLIJA 10 M,ALUFIX;385185;;1.0000;kom;3.39;3.39;;;02.05.2025;3.39;5949509000034;Proizvodi za kuæanstvo
KEKS S-BUDGET MLJEVENI 500 g;385215;S-Budget;0.5000;kg;1.89;3.78;;;02.05.2025;1.89;3856021228292;Hrana
ÈET.ZA ZUBE DENTA KISS BIO 1/1;385248;Denta Kiss;1.0000;kom;1.99;1.99;;;02.05.2025;1.99;9100000984254;Kozmetika
ÈOK.JAJE ROCHER GOLD 90 g;385267;Ferrero;0.0900;kg;;5.44;0.49;0.99;02.05.2025;0.99;8000500373620;Hrana
KUPKA ZA BEBE MIXA 2U1 400 ml;385273;Mixa Baby;0.4000;L;5.99;14.98;;;02.05.2025;5.99;3600551155173;Kozmetika
KUPKA ZA BEBE MIXA 400 ml;385276;Mixa Baby;0.4000;L;5.99;14.98;;;02.05.2025;5.99;3600551155166;Kozmetika
Rajèica grapolo S Budget rfs;385291;S-BUDGET;1.0000;kg;2.19;2.19;;;02.05.2025;1.69;3858893251705;Hrana
FLIPS STOBI 250 g;385292;Stobi;0.2500;kg;0.99;3.96;;;02.05.2025;0.99;5310005020626;Hrana
DEO KR.NAJFINIJI ANANAS 50 ml;385294;NAJFINIJI;0.0500;L;6.29;125.80;;;02.05.2025;6.29;3859893913860;Kozmetika
DEO KR.NAJFINIJI SLAT.NA.50 ml;385296;NAJFINIJI;0.0500;L;6.29;125.80;;;02.05.2025;6.29;3859893913853;Kozmetika
ÈOKOLADNA JAJA M&M 187 g;385300;M&M's;0.1870;kg;;2.62;0.49;0.99;02.05.2025;0.99;5000159567664;Hrana
ÈOKOLADNO JAJE FERRERO 100 g;385303;Ferrero;0.1000;kg;;4.90;0.49;0.99;02.05.2025;0.99;8000500351710;Hrana
PRAL.LINDT LINDOR SRCE 325 g ;385306;Lindt;0.3250;kg;;10.74;3.49;7.49;02.05.2025;7.49;4000539127809;Hrana
©AMP.GLISS FULL HAIR 400 ml;385307;Gliss;0.4000;l;5.59;13.98;;;02.05.2025;5.59;9000101749298;Kozmetika
©AMP.GLISS LIQUID SILK 400 ml;385308;Gliss;0.4000;l;5.59;13.98;;;02.05.2025;5.59;9000100549592;Kozmetika
REG.GLISS FULL HAIR 200 ml;385309;Gliss;0.2000;l;4.69;23.45;;;02.05.2025;4.69;9000101749533;Kozmetika
REG.GLISS LIQUID SILK 200 ml;385310;Gliss;0.2000;l;4.69;23.45;;;02.05.2025;4.69;3838824086699;Kozmetika
REG.GLISS ERC FULL HAIR 200 ml;385312;Gliss;0.2000;l;5.59;27.95;;;02.05.2025;5.59;9000101749670;Kozmetika
REG.GLISS ERC LIQUID 200 ml;385313;Gliss;0.2000;l;5.59;27.95;;;02.05.2025;5.59;9000100256087;Kozmetika
PRAL.LINDT LINDOR SRCE 50 g ;385314;Lindt;0.0500;kg;;9.80;0.49;2.99;02.05.2025;2.99;4000539361203;Hrana
SLANINA S BUDGET 150 g NAREZAK;385315;S-Budget;0.1500;kg;2.25;15.00;;;02.05.2025;2.25;8057204097017;Hrana
PRAL.LINDT LINDOR SRCE 187 g ;385317;Lindt;0.1870;kg;;13.32;2.49;4.99;02.05.2025;4.99;4000539109867;Hrana
PRAL.LINDT LINDOR SRCE 200 g ;385318;Lindt;0.2000;kg;;12.45;2.49;6.49;02.05.2025;6.49;8003340803340;Hrana
MORTADELA S BUDGET 150 g NAR.;385322;S-Budget;0.1500;kg;1.75;11.67;;;02.05.2025;1.75;8057204097024;Hrana
©UNKA KUHANA S BUDGET 150 g ;385325;S-Budget;0.1500;kg;2.05;13.67;;;02.05.2025;2.05;8057204097031;Hrana
DETERD®ENT DASH 3 kg;385337;Dash;3.0000;KG;12.99;4.33;;;02.05.2025;12.99;4012400504121;Sredstva za èi¹æenje
TEK.DET.DASH ALP.FRISC.2,25 L;385341;Dash;2.2500;L;12.99;5.77;;;02.05.2025;12.99;4012400504008;Sredstva za èi¹æenje
ÈIPS SLANI S BUDGET 150 g;385347;S-Budget;0.1500;kg;0.89;5.93;;;02.05.2025;0.89;3856021221286;Hrana
PAPIR ZA PEÈ.U LIS.50/1,ALUFIX;385348;;50.0000;kom;8.59;0.17;;;02.05.2025;8.59;5949509002113;Proizvodi za kuæanstvo
KOKICE SLANE S BUDGET 125 g;385357;S-Budget;0.1250;kg;0.79;6.32;;;02.05.2025;0.79;3856021221422;Hrana
FLIPS S BUDGET 150 g;385359;S-Budget;0.1500;kg;0.89;5.93;;;02.05.2025;0.89;3856021221385;Hrana
FLIPS S BUDGET S KIKIR.250 g;385362;S-Budget;0.2500;kg;1.29;5.16;;;02.05.2025;1.29;3856021221460;Hrana
HREN.PILEÆA 3x100 g 2+1 GRATIS;385363;Cekin;0.3000;kg;1.70;5.67;;1.70;02.05.2025;1.70;3850159121876;Hrana
©AMP.GOT2B EXTRA VOLUME 200 ml;385364;Got2b;0.2000;l;6.99;34.95;;;02.05.2025;6.99;9000101043662;Kozmetika
©AMP.GOT2B EXTRA FRESH 200 ml;385365;Got2b;0.2000;l;6.99;34.95;;;02.05.2025;6.99;9000101043211;Kozmetika
TONIK SCHAUMA HAIR BOO. 200 ml;385366;Schauma;0.2000;l;3.99;19.95;;3.99;02.05.2025;4.49;9000101738162;Kozmetika
SPREJ TAFT X GLISS 150 ml;385367;Taft;0.1500;l;5.39;35.93;;;02.05.2025;5.39;9000101735710;Kozmetika
LAK TAFT X GLISS 250 ml;385368;Taft;0.2500;l;5.39;21.56;;;02.05.2025;5.39;9000101735857;Kozmetika
GEL ZA KOSU GOT2B 150 ml;385369;Got2b;0.1500;l;6.99;46.60;;;02.05.2025;6.99;9000101738575;Kozmetika
REGENER.SYOSS DEEP CARE 250 ml;385370;Syoss;0.2500;l;4.59;18.36;;4.49;02.05.2025;4.49;9000101743784;Kozmetika
VINO VETOS CAB.SAUVIGN .0,75 L;385371;;0.7500;L;14.99;19.99;;;02.05.2025;14.99;0710497725774;Piæa
VINO VETOS CHARDONNAY 0,75 L;385372;;0.7500;L;14.99;19.99;;;02.05.2025;14.99;0710497725767;Piæa
©AMPON MIXA BABY 300 ml;385373;Mixa Baby;0.3000;L;4.49;14.97;;;02.05.2025;4.49;3600551154466;Kozmetika
VINO VETOS MU©KAT 0,5 L;385379;;0.5000;L;11.99;23.98;;;02.05.2025;11.99;0710497725781;Piæa
VINO VETOS GRA©EVINA 0,75 L;385385;;0.7500;L;9.99;13.32;;;02.05.2025;9.99;0745604648677;Piæa
VINO VETOS GRA©EVINA 1 L;385388;;1.0000;L;6.79;6.79;;;02.05.2025;6.79;0745604648684;Piæa
MRAM.KOLAÈ S-BUDGET BLOK 600 g;385400;S-BUDGET;0.6000;kg;3.99;6.65;;;02.05.2025;2.98;3856021227424;Hrana
DOMAÆA BAKLAVA PISTACIO 500 g;385404;;0.5000;kg;5.29;10.58;;;02.05.2025;5.29;3859892847678;Hrana
BAKLAVA KAKAO - LJE©NJAK 500 g;385405;;0.5000;kg;4.99;9.98;;;02.05.2025;4.99;3859892847722;Hrana
LOS.ZORINA MAST BADEM  300 ml;385433;ZORINA MAST;0.3000;L;11.59;38.63;;;02.05.2025;11.59;3859894008008;Kozmetika
TP ZEWA MAGIC GARDEN 3SL.16/1;385441;Zewa;16.0000;KOM;5.99;0.37;;;02.05.2025;4.99;7322540802191;Toaletne potrep¹tine
PECIVO SPAR VITAL PROTE. 300 g;385446;SPAR Vital;0.3000;kg;1.99;6.63;;;02.05.2025;1.99;9100000002255;Hrana
PECIVO PIVSKO SPAR 4/1 300 g;385451;SPAR Qualitätsmarke;0.3000;kg;2.99;9.97;;;02.05.2025;2.99;9100000014234;Hrana
KOLAÈ SPAR MONTE 460 g;385452;SPAR Qualitätsmarke;0.4600;kg;5.99;13.02;;;02.05.2025;5.99;3856021228704;Hrana
FINI DOMAÆI KOLAÈI 290 g;385474;;0.2900;kg;4.29;14.79;;;02.05.2025;4.29;3858889893704;Hrana
KOLAÈ MAÐARICA 500 g;385476;;0.5000;kg;5.99;11.98;;;02.05.2025;5.99;3856028401162;Hrana
BEZALKOHOLNI  TANQUERAY 0,7 L;385497;Gin Tanqueray;0.7000;l;24.99;35.70;;;02.05.2025;24.99;5000291025510;Piæa
MINI HOT DOG LEDO 700 g;385503;Ledo;0.7000;kg;4.99;7.13;;;02.05.2025;4.99;3850116066035;Hrana
POVRÆE MIX ©ARENI S-BUDGE.1 kg;385505;S-Budget;1.0000;kg;3.49;3.49;;;02.05.2025;2.96;9100000875552;Hrana
GYOZA POVRÆE VEGAN SPAR 250 g;385507;SPAR;0.2500;kg;;15.16;3.79;4.79;02.05.2025;4.79;9100000989358;Hrana
KAP.ZA SOK ZUTEC BRESKVA 276 g;385511;;0.2760;KG;;14.46;3.99;4.99;02.05.2025;4.99;8437021261585;Piæa
KAP.ZA SOK ZUTEC NARANÈA 264 g;385514;;0.2640;KG;;15.11;3.99;4.99;02.05.2025;4.99;8437021261561;Piæa
KAPS.ZA SOK ZUTEC ANANAS 276 g;385515;;0.2740;KG;;14.56;3.99;4.99;02.05.2025;4.99;8437021261578;Piæa
ÈOK.LINDT ZL.ZEC VREÆ.105 g;385516;Lindt;0.1050;kg;;4.67;0.49;0.99;02.05.2025;0.99;9003600561668;Hrana
KAPS.ZA SOK ZUTEC JABUKA 276 g;385518;;0.2760;KG;;14.46;3.99;4.99;02.05.2025;4.99;8437021261370;Piæa
ÈAJ AGRISTAR ZELENI 60 g;385524;Agristar;0.0600;KG;2.79;46.50;;;02.05.2025;2.79;3858886504795;Piæa
KRUH MEDITERAN.XXL MEGG.250 g;385526;Meggle;0.2500;kg;2.29;9.16;;;02.05.2025;2.29;4034900032089;Hrana
ÈAJ FRANCK BRUSNICA 104 g;385527;Franck;0.1040;KG;3.89;37.40;;;02.05.2025;3.89;3850291055404;Piæa
ÈAJ FRANCK MENTA 26 g;385529;Franck;0.0260;KG;1.79;68.85;;;02.05.2025;1.79;3850291055411;Piæa
ÈAJ FRANCK BRUSNICA 52 g;385531;Franck;0.0520;KG;2.29;44.04;;;02.05.2025;2.49;3850291055428;Piæa
ÈAJ FRANCK PLANINSKI 35 g;385533;Franck;0.0350;KG;2.49;71.14;;;02.05.2025;2.49;3850291055527;Piæa
ÈIPS PRINGLES ORIGINAL 185 g;385541;Pringles;0.1850;kg;3.49;18.86;;;02.05.2025;3.49;5053990167807;Hrana
ÈIPS PRINGLES PAPRIKA 185 g;385542;Pringles;0.1850;kg;3.49;18.86;;;02.05.2025;3.49;5053990167692;Hrana
ÈIPS PRINGL.S.CREAM&ONI.185 g;385543;Pringles;0.1850;kg;3.49;18.86;;;02.05.2025;3.49;5053990167845;Hrana
NEKTAR VINDI DISNEY ABCE 0,2 L;385544;Vindija;0.2000;L;0.79;3.95;;;02.05.2025;0.79;3850108075557;Piæa
EN.PIÆE MONSTER ULTRA JA.0,5 L;385545;Monster;0.5000;L;1.95;3.90;;;02.05.2025;1.95;5056784900734;Piæa
SOK HAPPY DAY SUNSHINE 1 L;385549;Rauch;1.0000;L;2.29;2.29;;;02.05.2025;2.29;9008700237857;Piæa
VINO JOSIÆ GRAND CUVEE 0,75 L;385550;;0.7500;l;19.99;26.65;;;02.05.2025;19.99;3859890442356;Piæa
SD SPU®VICA SCRUB DADDY SRCE;385551;;1.0000;kom;3.99;3.99;;;02.05.2025;3.39;5060481024174;Proizvodi za kuæanstvo
SD SPU®VICA SCRUB MOMMY SRCE;385553;;1.0000;kom;3.99;3.99;;;02.05.2025;3.39;5060481024181;Proizvodi za kuæanstvo
Krumpir batat ljubièasti rfs;385565;;1.0000;kg;2.99;2.99;;;02.05.2025;2.99;3859891295982;Hrana
SALATA RIMSKA kom;385566;;1.0000;kom;1.29;1.29;;;02.05.2025;1.29;83;Hrana
NAPITAK BOOM BOX RI®A 1 L;385567;Boom Box;1.0000;l;3.09;3.09;;;02.05.2025;3.09;3856027801963;Piæa
NAPIT.BOOM BOX RI®A NOISET.1 L;385568;Boom Box;1.0000;l;3.29;3.29;;;02.05.2025;3.29;3856027801949;Piæa
NAPIT.BOOM BOX ZOB.BARI.500 ml;385569;Boom Box;0.5000;l;1.99;3.98;;;02.05.2025;1.99;3856027801543;Piæa
VIT.VODA CEDEVITA LIM.AN.1,5 L;385570;Cedevita;1.5000;L;1.69;1.13;;;02.05.2025;1.69;3850322017050;Piæa
VIT.VODA CEDEV.LIMUN NAR.1,5 L;385571;Cedevita;1.5000;L;1.69;1.13;;;02.05.2025;1.69;3850322017036;Piæa
PIVO GARDEN PLIMA IPA 0,44 L;385572;;0.4400;L;3.35;7.61;;;02.05.2025;3.35;3858893811312;Piæa
PLOÈ.CORNY PROT.CHO.KARAM.45 g;385573;Corny;0.0450;kg;2.19;48.67;;;02.05.2025;2.19;4011800297114;Hrana
PLOÈ.CORNY PROT.KIK.KARAM.45 g;385574;Corny;0.0450;kg;2.19;48.67;;;02.05.2025;2.19;4011800297213;Hrana
PLOÈ.CORNY PROT.LJE©.NOUG.45 g;385575;Corny;0.0450;kg;2.19;48.67;;;02.05.2025;2.19;4011800297312;Hrana
GAZIRANO PIÆE SPRITE 1 L;385576;Sprite;1.0000;L;1.49;1.49;;;02.05.2025;1.49;5449000335012;Piæa
GAZIRANO PIÆE SPRITE 0,5 L;385579;Sprite;0.5000;L;1.19;2.38;;;02.05.2025;1.19;5449000334992;Piæa
EN.PIÆE HELL ZELE.JABUKA 0,5 L;385583;Hell;0.5000;L;1.69;3.38;;;02.05.2025;1.69;5999571054732;Piæa
MUS.SPAR FR.FR.ORA©.VOÆE 300 g;385585;SPAR free from;0.3000;kg;4.99;16.63;;;02.05.2025;4.99;9100000029405;Hrana
EN.PIÆE HELL BRESK.LIMUN 0,5 L;385587;Hell;0.5000;L;1.69;3.38;;;02.05.2025;1.69;5999571051878;Piæa
MUS.SPAR FR.FR.BOBI.VOÆE 300 g;385588;SPAR free from;0.3000;kg;4.99;16.63;;;02.05.2025;4.99;9100000029429;Hrana
MUS.SPAR FR.FR.AMARANT 300 g;385590;SPAR free from;0.3000;kg;4.99;16.63;;;02.05.2025;4.99;9100000029443;Hrana
EN.PIÆE HELL CRNA VI©NJA 0,5 L;385591;Hell;0.5000;L;1.69;3.38;;;02.05.2025;1.69;5999884034346;Piæa
PECIVO OKRUGLO S -BUDGET 250 g;385592;S-BUDGET;0.2500;kg;1.24;4.96;;;02.05.2025;1.24;3856021228773;Hrana
VEGGIE BAZA PLJESKAVICE 150 g;385594;SPAR Veggie;0.1500;kg;3.59;23.93;;;02.05.2025;3.59;9100000031828;Hrana
VEGGIE BAZA MLJEVENO 150 g;385595;SPAR Veggie;0.1500;kg;3.59;23.93;;;02.05.2025;3.59;9100000031804;Hrana
VEGGIE HAMSHUKA 350 g;385596;SPAR Veggie;0.3500;kg;6.49;18.54;;;02.05.2025;6.49;9100000053936;Hrana
SNACK NAT.PUR KOKOS ÐUMB.150 g;385597;SPAR Natur*pur;0.1500;kg;2.99;19.93;;;02.05.2025;2.99;9100000036434;Hrana
SNACK NAT.PUR KOKOS KAVA 150 g;385598;SPAR Natur*pur;0.1500;kg;2.99;19.93;;;02.05.2025;2.99;9100000036410;Hrana
GAZ.PIÆE LEMONISH LI.BAZ.0,4 L;385600;;0.4000;L;1.39;3.48;;;02.05.2025;1.39;3838471045438;Piæa
GAZ.PIÆE LEMONISH LIMUN 0,4 L;385602;;0.4000;L;1.39;3.48;;;02.05.2025;1.39;3838471045414;Piæa
GAZ.PIÆE LEMONISH BAZGA 1,25 L;385603;;1.2500;L;2.29;1.83;;;02.05.2025;2.29;3838471049047;Piæa
GAZ.PIÆE LEMONISH LIMUN 1,25 L;385604;;1.2500;L;2.29;1.83;;;02.05.2025;2.29;3838471049023;Piæa
SD KRPA SP®.DAMP DUSTER;385612;;1.0000;kom;4.99;4.99;;;02.05.2025;4.24;5060481024013;Proizvodi za kuæanstvo
MINI BUREK SIR JAMI XXL2x540 g;385619;Jami;1.0800;kg;4.39;4.06;;;02.05.2025;4.39;3871832023539;Hrana
MINI BUR.KRUMP.JAMI XXL2x540 g;385621;Jami;1.0800;kg;4.39;4.06;;;02.05.2025;4.39;3871832023546;Hrana
RI®A NA MLIJ.MÜL.PISTACI.200 g;385642;Müller;0.2000;kg;0.92;4.60;;;02.05.2025;0.92;42274377;Hrana
TEK.SAPUN DOVE CARE 250 ml;385643;Dove;0.2500;L;2.89;11.56;;;02.05.2025;2.89;8720181195051;Kozmetika
TEK.SAPUN DOVE ORIGINAL 250 ml;385644;Dove;0.2500;L;2.89;11.56;;;02.05.2025;2.89;8720181191558;Kozmetika
TEK.SAPUN FRESH&CLEAN H 300 ml;385646;Fresh&Clean;0.3000;L;1.99;6.63;;;02.05.2025;1.99;8002340006515;Kozmetika
ROCHER SRCE 100 g;385651;Ferrero;0.1000;kg;7.99;79.90;;;02.05.2025;7.99;8000500430064;Hrana
ÈOK.KINDER LOVE 107 g;385652;Ferrero;0.1070;kg;2.99;27.94;;2.99;02.05.2025;2.99;8000500436561;Hrana
ZIMSKA NAREZAK ANDRO 75 g;385669;Andro;0.0750;kg;1.99;26.53;;;02.05.2025;2.09;9002055000388;Hrana
VODA ZA USTA COLGATE 1 L;385671;Colgate;1000.0000;l;7.49;0.01;;;02.05.2025;7.49;8718951208681;Kozmetika
VL.TP LOVELY KAMILICA 60/1;385672;Lovely;60.0000;KOM;0.99;0.02;;;02.05.2025;0.99;9100000971605;Toaletne potrep¹tine
PILEÆI FILE MIX 600 g;385673;Perutnina;0.6000;kg;5.99;9.98;;;02.05.2025;5.99;3850220428491;Hrana
PILEÆI MIX ZA JUHU 400 g;385674;Perutnina;0.4000;kg;1.19;2.98;;;02.05.2025;1.19;3850220428514;Hrana
PILEÆI MINI MIX 500 g;385675;Perutnina;0.5000;kg;2.65;5.30;;;02.05.2025;2.65;3850220428507;Hrana
BAKE ROLLS TOMATO&OLIVE 80 g;385686;7 Day's;0.0800;kg;0.56;7.00;;;02.05.2025;0.56;7622202016288;Hrana
VINO JP CHEN.CABERNET SYRA.3 L;385687;JP Chenet;3.0000;l;10.99;3.66;;;02.05.2025;10.99;3500610027468;Piæa
VINO JP CHE.COL.CHARDONNAY 3 L;385688;JP Chenet;3.0000;l;10.99;3.66;;;02.05.2025;10.99;3500610032578;Piæa
HRANA MAÈKE WHISK.GOVED.800 g;385695;Whiskas;0.8000;kg;5.49;6.86;;;02.05.2025;5.49;5998749146880;Proizvodi za kuæanstvo
HRANA MAÈKE WHISK.PILET.800 g;385696;Whiskas;0.8000;kg;5.49;6.86;;;02.05.2025;5.49;5998749146897;Proizvodi za kuæanstvo
FLAST.GARNIER  PRO.AKNI PI.22/;385713;Garnier;22.0000;KOM;9.29;0.42;;;02.05.2025;9.29;3600542573146;Kozmetika
ÈIPS PRINGLES PAP.SLATKA 165 g;385715;Pringles;0.1650;kg;1.79;10.85;;1.75;02.05.2025;3.49;5053990175123;Hrana
PUD.VANIL.4X125 g 3+1 GRATIS;385722;Vindija;0.5000;kg;1.89;3.78;;;02.05.2025;1.89;3850108040012;Hrana
PUD.ÈOKOLAD.4X125 g 3+1 GRATIS;385723;Vindija;0.5000;kg;1.89;3.78;;;02.05.2025;1.89;3850108040111;Hrana
DEO SPR.NIVEA MEN FRESH 150 ml;385724;Nivea;0.1500;l;4.99;33.27;;;02.05.2025;4.99;4005900494900;Kozmetika
DEO SPRAY NIVEA FRESH 150 ml;385725;Nivea;0.1500;l;4.99;33.27;;;02.05.2025;4.99;4005900494924;Kozmetika
DEO ROLL ON NIVEA FRESH 50 ml;385726;Nivea;0.0500;l;4.99;99.80;;;02.05.2025;4.99;4005900488459;Kozmetika
DEO SPR.NIVEA MEN AC.FR.150 ml;385727;Nivea;0.1500;l;4.99;33.27;;;02.05.2025;4.99;4005900388452;Kozmetika
DEO SPR.NIVEA MEN DEEP 150 ml;385728;Nivea;0.1500;l;4.99;33.27;;;02.05.2025;4.99;4005900513045;Kozmetika
DEO SPRAY NIVEA B&W UL.150 ml;385729;Nivea;0.1500;l;4.99;33.27;;;02.05.2025;4.99;4005900730275;Kozmetika
DEO S.NIVEA MEN B&W 150 ml;385730;Nivea;0.1500;l;4.99;33.27;;;02.05.2025;4.99;4005900730312;Kozmetika
DEO ROLL ON NIVEA B&W 50 ml;385732;Nivea;0.0500;l;4.99;99.80;;;02.05.2025;4.99;4005900730299;Kozmetika
DEO ROLL ON NIVEA MEN B. 50 ml;385733;Nivea;0.0500;l;4.99;99.80;;;02.05.2025;4.99;4005900730336;Kozmetika
DEO S.NIVEA FRESH SENS. 150 ml;385734;Nivea;0.1500;l;4.99;33.27;;;02.05.2025;4.99;4006000012643;Kozmetika
DEO SPR.NIVEA MEN SEN. 150 ml;385735;Nivea;0.1500;l;4.99;33.27;;;02.05.2025;4.99;4006000012278;Kozmetika
DEO SPR.NIVEA MEN DRY 150 ml;385737;Nivea;0.1500;l;4.99;33.27;;;02.05.2025;4.99;4006000050423;Kozmetika
DEO ROLL ON NIVEA FRESH 50 ml;385739;Nivea;0.0500;l;4.99;99.80;;;02.05.2025;4.99;4005900639554;Kozmetika
DEO ROLL ON NIVEA MEN D. 50 ml;385740;Nivea;0.0500;l;4.99;99.80;;;02.05.2025;4.99;4006000090344;Kozmetika
DEO SPR.NIVEA MEN D.SP. 150 ml;385742;Nivea;0.1500;l;4.99;33.27;;;02.05.2025;4.99;4006000090351;Kozmetika
DEO SPR.NIVEA B&W FRESH 150 ml;385744;Nivea;0.1500;l;4.99;33.27;;;02.05.2025;4.99;4005900388575;Kozmetika
DEO ROLL ON NIVEA B&W F. 50 ml;385745;Nivea;0.0500;l;4.99;99.80;;;02.05.2025;4.99;4005900388599;Kozmetika
DEO SPRAY NIVEA B&W 150 ml;385746;Nivea;0.1500;l;4.99;33.27;;;02.05.2025;4.99;4005900388612;Kozmetika
DEO ROLL ON NIVEA MEN B. 50 ml;385747;Nivea;0.0500;l;4.99;99.80;;;02.05.2025;4.99;4005900388674;Kozmetika
DEO ROLL ON NIVEA B&W O. 50 ml;385748;Nivea;0.0500;l;4.99;99.80;;;02.05.2025;4.99;4005900388636;Kozmetika
DEO ROLL ON NIVEA DRY 50 ml;385749;Nivea;0.0500;l;4.99;99.80;;;02.05.2025;4.99;4005900388513;Kozmetika
DEO ROLL ON NIVEA PURE 50 ml;385750;Nivea;0.0500;l;4.99;99.80;;;02.05.2025;4.99;4005900388896;Kozmetika
DEO ROLL ON NIVEA P&B 50 ml;385751;Nivea;0.0500;l;4.99;99.80;;;02.05.2025;4.99;4005900389015;Kozmetika
DEO SPRAY NIVEA P&B 150 ml;385752;Nivea;0.1500;l;4.99;33.27;;;02.05.2025;4.99;4005900388995;Kozmetika
DEO SPR.NIVEA MEN P&C 150 ml;385753;Nivea;0.1500;l;4.99;33.27;;;02.05.2025;4.99;4005900388957;Kozmetika
DEO SPRAY NIVEA FR.NAT. 150 ml;385754;Nivea;0.1500;l;4.99;33.27;;;02.05.2025;4.99;4005900388476;Kozmetika
DEO SPR.NIVEA MEN COOL 150 ml;385755;Nivea;0.1500;l;4.99;33.27;;;02.05.2025;4.99;4005900388810;Kozmetika
DEO SPR.NIVEA MEN B&W 150 ml;385756;Nivea;0.1500;l;4.99;33.27;;;02.05.2025;4.99;4005900388650;Kozmetika
DEO ROLL ON NIVEA MEN D. 50 ml;385757;Nivea;0.0500;l;4.99;99.80;;;02.05.2025;4.99;4005900388490;Kozmetika
DEO ROLL ON NIVEA MEN C. 50 ml;385758;Nivea;0.0500;l;4.99;99.80;;;02.05.2025;4.99;4005900388834;Kozmetika
KREMA MIXA SPF50 NIAMICI.50 ml;385759;MIXA;0.0500;L;10.99;219.80;;;02.05.2025;10.99;3600551164601;Kozmetika
GEL TU©.NIVEA FRES.ALOE 250 ml;385760;Nivea;0.2500;l;2.99;11.96;;;02.05.2025;2.99;4006000032238;Kozmetika
GEL TU©.NIVEA SOFT 250 ml;385761;Nivea;0.2500;l;2.99;11.96;;;02.05.2025;2.99;4005808123865;Kozmetika
GEL TU©.NIVEA FIT FRESH 250 ml;385762;Nivea;0.2500;l;2.99;11.96;;;02.05.2025;2.99;4005808134397;Kozmetika
GEL NIVEA MEN SPORT 250 ml;385763;Nivea;0.2500;l;2.99;11.96;;;02.05.2025;2.99;4006000032252;Kozmetika
GEL NIVEA MEN ENERGY 250 ml;385765;Nivea;0.2500;l;2.99;11.96;;;02.05.2025;2.99;4005808678747;Kozmetika
GEL NIVEA MEN ACTIVE 250 ml;385766;Nivea;0.2500;l;2.99;11.96;;;02.05.2025;2.99;4005900123749;Kozmetika
GEL NIVEA MEN COOL KICK 250 ml;385767;Nivea;0.2500;l;2.99;11.96;;;02.05.2025;2.99;4005808678716;Kozmetika
KREMA NIVEA SOFT 200 ml;385768;Nivea;0.2000;l;;24.95;4.99;5.19;02.05.2025;6.29;4005900980298;Kozmetika
KREMA NIVEA SOFT 300 ml;385769;Nivea;0.3000;l;7.49;24.97;;;02.05.2025;7.49;4005900968180;Kozmetika
KREMA NIVEA MEN 75 ml;385771;Nivea;0.0750;l;;39.87;2.99;3.99;02.05.2025;3.99;4005900115010;Kozmetika
KREMA NIVEA KAKAO MASL. 250 ml;385775;Nivea;0.2500;l;4.99;19.96;;;02.05.2025;4.99;42439424;Kozmetika
GEL TU©.PALMOLIVE OLIVE 1L;385793;Palmolive;1.0000;l;6.99;6.99;;;02.05.2025;6.99;8718951509238;Kozmetika
GEL TU.PALMOLIVE MILK&HONEY 1L;385794;Palmolive;1.0000;l;6.99;6.99;;;02.05.2025;6.99;8718951509566;Kozmetika
PILING AFRODITA ZA LICE 75 ml;385816;Afrodita;0.7500;kom;9.39;12.52;;;02.05.2025;9.39;3831070662976;Kozmetika
EMULZI.AFRODITA ZA LICE 100 ml;385819;Afrodita;0.1000;kom;9.39;93.90;;;02.05.2025;9.39;3831070662969;Kozmetika
PUDER PROTIV NAMETNIKA 100 g;385833;;0.1000;kg;5.99;59.90;;;02.05.2025;5.99;8437005400832;Proizvodi za kuæanstvo
LOSION PROTIV NAMETNIKA 200 ml;385834;;0.2000;L;6.39;31.95;;;02.05.2025;6.39;8437005400825;Proizvodi za kuæanstvo
©AMPON PROTIV NAMETNIKA 200 ml;385835;;0.2000;L;6.09;30.45;;;02.05.2025;6.09;8437005400818;Proizvodi za kuæanstvo
SPREY ZA PSE I MAÈKE 500 ml;385836;;0.5000;L;9.59;19.18;;;02.05.2025;9.59;8437005400849;Proizvodi za kuæanstvo
OGRLICA PROTIV NAMETNIKA 75 cm;385837;;1.0000;kom;4.19;4.19;;;02.05.2025;4.19;8437005500020;Proizvodi za kuæanstvo
OGRLICA PROTIV NAMETNIKA 38 cm;385838;;1.0000;kom;3.29;3.29;;;02.05.2025;3.29;8437005456600;Proizvodi za kuæanstvo
OGRLICA PROTIV NAMETNIKA 42 cm;385839;;1.0000;kom;3.29;3.29;;;02.05.2025;3.29;8437005500006;Proizvodi za kuæanstvo
PJ.VINO PIENA ROSE 0,75L;385854;;0.7500;L;15.99;21.32;;;02.05.2025;15.99;3857500082510;Piæa
VINO I.KAT.®LAHTINA SELE.0,75L;385855;;0.7500;L;14.99;19.99;;;02.05.2025;14.99;3859890869498;Piæa
ORAHNJAÈA 900 g;385861;;0.9000;kg;6.99;7.77;;;02.05.2025;6.99;3850135267833;Hrana
MAKOVNJAÈA  900 g;385862;;0.9000;kg;6.99;7.77;;;02.05.2025;6.99;3850135267840;Hrana
VINO TRES REYES TEMPR. 0,75 L;385869;;0.7500;L;8.49;11.32;;;02.05.2025;8.49;8437014028263;Piæa
KREMA MIXA PROTIV SUHOÆE 50 ml;385875;MIXA;0.0500;l;10.99;219.80;;;02.05.2025;10.99;3600551156750;Kozmetika
KREMA MIXA ZA TI. PROTI 400 ml;385876;MIXA;0.4000;l;8.99;22.48;;;02.05.2025;8.99;3600551164588;Kozmetika
ULJA MIXA PROTIV STRIJA 100 ml;385877;MIXA;0.1000;l;10.99;109.90;;;02.05.2025;10.99;3600551164557;Kozmetika
KREMA D OLIVE ZA RU.TJE 150 ml;385880;Dalan;0.1500;L;2.99;19.93;;;02.05.2025;2.99;8690529009770;Kozmetika
Tirolska salama Pivac;385882;Pivac;1.0000;kg;6.05;6.05;;;02.05.2025;6.05;3858884998015;Hrana
SERUM LOREAL REV.LASER 30 ml;385883;LOREAL;0.3000;l;23.99;79.97;;;02.05.2025;23.99;3600524197711;Kozmetika
GEL LOREAL REVITALIFT 150 ml;385884;LOREAL;0.1500;l;6.99;46.60;;;02.05.2025;6.99;3600524165222;Kozmetika
GEL LOREAL REVITALIFT  150 ml;385885;LOREAL;0.1500;l;6.99;46.60;;;02.05.2025;6.99;3600524165147;Kozmetika
KREMA LOREAL BR.REV.TON.50 ml ;385894;LOREAL;0.0500;l;19.99;399.80;;;02.05.2025;19.99;3600524186845;Kozmetika
KREMA LOREAL BR.REV.TON.50 ml ;385896;LOREAL;0.0500;l;19.99;399.80;;;02.05.2025;19.99;3600524186951;Kozmetika
FLUID LOREAL BRIG.SPF50+ 50 ml;385899;LOREAL;0.0500;l;15.49;309.80;;;02.05.2025;15.49;3600524187071;Kozmetika
SPREJ GARNIER S VITAMI.C 75 ml;385900;Garnier;0.0750;L;12.99;173.20;;;02.05.2025;12.99;3600542626705;Kozmetika
CAPPUCC.NESCAFE ORIGINAL 189 g;385968;Nestle;0.1890;KG;;23.76;4.49;6.49;02.05.2025;6.49;8445291643772;Piæa
CAPPUCC.NESCAFE VANILIJA 196 g;385969;Nestle;0.1960;KG;;22.91;4.49;6.49;02.05.2025;6.49;8445291643796;Piæa
KREMA AFRODITA MATRIG.50 ml;385974;Afrodita;0.0500;l;19.49;389.80;;;02.05.2025;19.49;3831070663256;Kozmetika
KREMA AFRODITA MATRIG.50 ml;385975;Afrodita;0.0500;l;19.49;389.80;;;02.05.2025;19.49;3831070663263;Kozmetika
KREMA AFRODITA MATRIG.50 ml;385976;Afrodita;0.0500;l;17.59;351.80;;;02.05.2025;17.59;3831070663270;Kozmetika
KREMA AFRODITA ACT.C BOO.50 ml;385977;Afrodita;0.0500;l;14.99;299.80;;;02.05.2025;14.99;3831070663287;Kozmetika
KREMA AFRODITA ACT.C BOO.50 ml;385978;Afrodita;0.0500;l;14.99;299.80;;;02.05.2025;14.99;3831070663294;Kozmetika
ULJE AFRODITA DI PEPTID.100 ml;385988;Afrodita;0.1000;l;13.40;134.00;;;02.05.2025;13.40;3831070662983;Kozmetika
CROISSANT MILKA VANILIJA 50g;385989;Milka;0.0500;kg;1.09;21.80;;;02.05.2025;1.09;7622202257223;Hrana
CROISSANT MILKA CHOCO 50g;385990;Milka;0.0500;kg;1.09;21.80;;;02.05.2025;1.09;7622202257186;Hrana
PJENA GILLETTE SENSITIV 400 ml;386037;Gillette;0.4000;l;2.79;6.98;;2.79;02.05.2025;2.79;8700216497039;Kozmetika
PA©TETA POLI PILE.CHILLI 95 g;386043;Poli;0.0950;kg;0.99;10.42;;;02.05.2025;0.99;3838977044935;Hrana
FLIPS MARBO MAX  PIL.30 g;386068;Clipsy;0.0300;kg;0.79;26.33;;0.79;02.05.2025;0.99;8606033741570;Hrana
PJENA ISANA ÈI©ÆE.LICA 165 ml;386069;ISANA;0.1650;L;2.59;15.70;;;02.05.2025;2.59;4068134055125;Kozmetika
FLIPS MARBO MAX  PIL.70 g;386071;Clipsy;0.0700;kg;1.59;22.71;;1.59;02.05.2025;1.99;8606033741594;Hrana
FLIP.CLIPSY MAX  PI.110 g;386072;Clipsy;0.1100;kg;1.59;14.45;;1.59;02.05.2025;1.99;8606033741600;Hrana
HRA.ZA PSE PED.GOV.PER.4X100 g;386073;Pedigree;0.4000;kg;2.99;7.48;;;02.05.2025;2.99;5900951319679;Proizvodi za kuæanstvo
FLIPS MARBO CLIPSY MIX 150 g;386074;Clipsy;0.1500;kg;1.59;10.60;;1.59;02.05.2025;1.99;8606033741464;Hrana
TORT.ÈIP.DOR.SWEET CHILL.160 g;386075;Doritos;0.1600;kg;2.79;17.44;;;02.05.2025;2.79;8606033741365;Hrana
SALATA OD CELERA SPAR 650 g;386077;SPAR Qualitätsmarke;0.3700;kg;2.49;6.73;;;02.05.2025;2.49;9100000078250;Hrana
MLIJ.BIOBAZA ZA TIJ.KOZJ250 ml;386078;Biobaza;0.2500;L;4.69;18.76;;;02.05.2025;4.69;3856020915810;Kozmetika
MLIJ.BIOBAZA ZA TIJ.MAG.250 ml;386079;Biobaza;0.2500;L;4.69;18.76;;;02.05.2025;4.69;3856020915797;Kozmetika
KOMP.SPAR ANAN.KOLUT.836 g;386080;SPAR Qualitätsmarke;0.4900;kg;3.19;6.51;;;02.05.2025;2.99;9100000071602;Hrana
MLIJ.BIOBAZA ZA TIJ ZOB 250 ml;386081;Biobaza;0.2500;L;4.69;18.76;;;02.05.2025;4.69;3856020915834;Kozmetika
GEL TU©.BIOBAZA MAG. 400 ml;386082;Biobaza;0.4000;L;5.30;13.25;;;02.05.2025;5.30;3856020915858;Kozmetika
GEL TU©.BIOBAZA KOZJ. 400 ml;386083;Biobaza;0.4000;L;5.30;13.25;;;02.05.2025;5.30;3856020915872;Kozmetika
GEL TU©.BIOBAZA ZOB 400 ml;386084;;0.4000;L;5.30;13.25;;;02.05.2025;5.30;3856020915896;Kozmetika
GRAH VITAL CRNI 400 g;386085;SPAR Vital;0.2400;kg;2.19;9.13;;;02.05.2025;2.19;9100000050645;Hrana
DEO ST.BIOBAZA MEN BOTAN.50 ml;386087;Biobaza;0.0500;L;;79.00;3.95;5.30;02.05.2025;5.30;3856020916442;Kozmetika
ÈIPS CHIO OB PAPRIKA 100 g;386089;Chio;0.1000;kg;2.19;21.90;;;02.05.2025;1.89;5996253002326;Hrana
ÈIPS CHIO OB VRHNJE&LUK 100 g;386090;Chio;0.1000;kg;2.19;21.90;;;02.05.2025;1.89;5996253002340;Hrana
ROLL ON BIOBAZA MEN BOT.50 ml;386093;;0.0500;L;;57.00;2.85;3.80;02.05.2025;3.80;3856020915933;Kozmetika
GEL TU©.BIOBAZA BOT.MEN 220 ml;386094;;0.2200;L;;11.14;2.45;3.30;02.05.2025;3.30;3856020915919;Kozmetika
TP ZEWA DELICATE CARE 32/1;386095;Zewa;32.0000;KOM;8.49;0.27;;;02.05.2025;8.49;7322541343181;Toaletne potrep¹tine
ÈIPS CHIO OB SLANI 100 g;386096;Chio;0.1000;kg;2.19;21.90;;;02.05.2025;1.89;5996253002401;Hrana
DET.FAKS LAVANDA&SMIL.4,875 KG;386114;Faks;4.8750;kg;12.99;2.66;;;02.05.2025;12.99;3850105179654;Sredstva za èi¹æenje
TEK. FAKS LAVANDA&SMILJ 3,75 L;386117;Faks;3.7500;l;12.99;3.46;;;02.05.2025;12.99;3850105179869;Sredstva za èi¹æenje
PANCETA MIJUKIÆ VP, cca 800 g;386119;;1.0000;kg;11.89;11.89;;;02.05.2025;11.89;3859894300003;Hrana
ÈOK.JAJA ©ARENI MIX  ROV.150 g;386121;;0.1500;kg;1.99;13.27;;1.99;02.05.2025;1.99;8004333016617;Hrana
ZUB.P.AQUAFRESH WHITE 75 ml;386128;Aquafresh;0.0750;l;3.59;47.87;;;02.05.2025;3.59;5054563213945;Kozmetika
ZUB.P.AQUAFRESH PRO.PURE.75 ml;386129;Aquafresh;0.0750;l;3.59;47.87;;;02.05.2025;3.59;5054563201355;Kozmetika
KEKS JAFFA KOLAÈ BADEM 60 g;386130;;0.0600;kg;0.99;16.50;;;02.05.2025;0.99;8600114011804;Hrana
Muffin Nutella 172 g;386131;;0.1720;kg;3.99;23.20;;;02.05.2025;3.99;8000500392935;Hrana
S SALVETE 33x33cm,3-SLOJNE;386142;SPAR Qualitätsmarke;1.0000;kom;1.59;1.59;;;02.05.2025;1.59;9100000053837;Proizvodi za kuæanstvo
BALZAM AZENA BILJNI  150ml;386157;AZENA;0.1500;kom;7.49;49.93;;;02.05.2025;7.49;3859888549197;Kozmetika
INTIMNE MARAMICE CHILLY 12/1;386163;Chilly;1.0000;KOM;2.99;2.99;;;02.05.2025;2.99;8002410034493;Toaletne potrep¹tine
SREDSTVO SMAC 650 ml;386164;Smac;0.6500;L;3.49;5.37;;;02.05.2025;3.49;8003650030177;Sredstva za èi¹æenje
MELEM ZA USNE I OBRAZ I.4,5 g ;386174;Melem;1.0000;kom;3.99;3.99;;;02.05.2025;3.99;3856007912436;Kozmetika
MLIJEKO NIVEA RICH NOUR. 400 m;386175;Nivea;0.4000;l;6.99;17.48;;;02.05.2025;6.99;4006000083315;Kozmetika
LOSION ZA TIJ.NIVEA EX. 400 ml;386176;Nivea;0.4000;l;6.99;17.48;;;02.05.2025;6.99;4006000083353;Kozmetika
LOSION ZA TI.NIVEA SOFT 400 ml;386177;Nivea;0.4000;l;6.99;17.48;;;02.05.2025;6.99;4006000083650;Kozmetika
LOSION ZA TIJ.NIVEA R&C 400 ml;386178;Nivea;0.4000;l;6.99;17.48;;;02.05.2025;6.99;4006000083698;Kozmetika
KREMA NIVEA 250 ml;386179;Nivea;0.2500;l;5.19;20.76;;;02.05.2025;5.19;4005900917171;Kozmetika
JOG.TEKUÆI 2,8%MM MEGGL.1,5 kg;386193;Meggle;1.5000;kg;2.59;1.73;;;02.05.2025;2.59;3870085030332;Hrana
KEKS DOMAÆ.OR.MINI KRA© 100 g;386207;;0.1000;kg;1.49;14.90;;;02.05.2025;1.49;3850102014620;Hrana
KEKS DOM.MINI MULTIG.KR.100 g;386208;;0.1000;kg;1.49;14.90;;;02.05.2025;1.49;3850102013685;Hrana
ÈOK.LIZALICA  ZEÈIÆI 60 g;386230;;0.0600;kg;;6.50;0.39;0.79;02.05.2025;0.79;4002996050454;Hrana
LIKER AURA PELINKOVAC 0,5 L;386232;;0.5000;L;25.99;51.98;;;02.05.2025;25.99;3859893552250;Piæa
ÈOK.JAJE PAW PATROL 150 g;386236;;0.1500;kg;;6.60;0.99;1.99;02.05.2025;1.99;8030769037544;Hrana
VINO CHARDON.KV.KRE©IÆ 0,75L;386237;;0.7500;L;6.99;9.32;;;02.05.2025;6.99;3859892575250;Piæa
ÈOKOLADNO JAJE L.O.L. 150 g;386238;;0.1500;kg;;6.60;0.99;1.99;02.05.2025;1.99;8030769033553;Hrana
ÈOKOLADNO MINI JAJE 40 g;386239;;0.0400;kg;;7.25;0.29;0.49;02.05.2025;0.49;8030769037452;Hrana
VINO GOSPOJA CUVEE B.0,75 L;386243;;0.7500;L;9.99;13.32;;;02.05.2025;9.99;3859889276580;Piæa
ÈOK.JAJA MLIJEÈNA VREÆ.150 g;386244;;0.1500;kg;;3.27;0.49;1.49;02.05.2025;1.49;8000300328431;Hrana
ÈOK.JAJE BACI KAR.LJE©NJ.255 g;386245;;0.2550;kg;;3.88;0.99;1.99;02.05.2025;1.99;8000300420005;Hrana
LIKER INCANTO LA.LI.0,5L;386252;;0.5000;L;14.49;28.98;;;02.05.2025;14.49;3858891172460;Piæa
LIKER MARASCHINO MARASKA 1L   ;386253;;1.0000;L;16.99;16.99;;;02.05.2025;16.99;3850158404703;Piæa
®IT.NESTlE ÈOKOLAD.LOP.450 g;386285;Nestle;0.4500;g;3.49;7.76;;;02.05.2025;3.49;3858894301706;Hrana
KOLAÈ PISTACCHIO OBLATNE 200 g;386286;;0.2000;kg;3.75;18.75;;;02.05.2025;3.75;3859892892739;Hrana
KOLAÈ KOKOS ROLADA 300 g;386287;;0.3000;kg;3.49;11.63;;;02.05.2025;3.49;3859892892753;Hrana
LIKER CHERRY BRANDY MARA. 1L;386288;;1.0000;L;13.99;13.99;;;02.05.2025;13.99;3850158401801;Piæa
PJ.CORDON NEG.0,75L+FER.R.200G;386290;;0.7500;L;14.99;19.99;;;02.05.2025;14.99;3859890211945;Piæa
VINO GRA©EVINA JERUZALEM 1L;386295;;1.0000;L;5.99;5.99;;;02.05.2025;5.89;3830078702981;Piæa
VINO POP ART MOSCAT OT.0,75L;386299;;0.7500;L;6.99;9.32;;;02.05.2025;6.99;3830078702806;Piæa
FLASTERI HANSAPLAST UNIV. 10/1;386306;Hansaplast;10.0000;kom;1.70;0.17;;;02.05.2025;1.70;4005900787002;Toaletne potrep¹tine
FLASTERI HANSAPLAST UNIV. 40/1;386309;Hansaplast;40.0000;kom;3.75;0.09;;;02.05.2025;3.75;4005800110740;Toaletne potrep¹tine
Sir Dalmatinski MIH;386336;;1.0000;kg;21.99;21.99;;;02.05.2025;21.99;3857500101600;Hrana
VODKA MOSKVA 0,7 L;386337;;0.7000;L;7.19;10.27;;;02.05.2025;7.19;3858892460719;Piæa
GIN GREAT HOUSE 0,7 l;386338;;0.7000;L;7.19;10.27;;;02.05.2025;7.19;3858892460658;Piæa
ORAH JEZGRA EUROCOMPANY 500 g;386343;;0.5000;kg;4.99;9.98;;;02.05.2025;4.99;3872084013422;Hrana
TOAST DESPAR MAXI SANDW.550 g;386345;DESPAR;0.5500;kg;1.79;3.25;;;02.05.2025;1.79;8001300805601;Hrana
TOAST DESPAR MAXI SANDW.550 g;386347;DESPAR;0.5500;kg;1.99;3.62;;;02.05.2025;1.99;8001300805618;Hrana
USKR©NJA KO©ARA PRALINE 60 g;386348;;0.0600;kg;;19.83;1.19;1.59;02.05.2025;1.59;5901812694096;Hrana
TORTA ÈOKOLADNA KRALJICA 850 g;386349;;0.8500;kg;13.99;16.46;;;02.05.2025;13.99;3859893815546;Hrana
MUFFINI DESPAR S KOM.ÈOK.225 g;386351;DESPAR;0.2250;kg;2.99;13.29;;;02.05.2025;2.99;8001300805564;Hrana
PALAÈINKE DESPAR 8/1 280 g;386355;DESPAR;0.2800;kg;2.99;10.68;;;02.05.2025;2.99;8001300805557;Hrana
JADRANSKA PLAVA RIBA EVA 95 g;386357;Eva;0.0700;kg;1.49;21.29;;;02.05.2025;1.49;3856020277970;Hrana
PREPEÈENAC DESPAR CROST.200 g;386359;DESPAR;0.2000;kg;1.69;8.45;;;02.05.2025;1.69;8001300501893;Hrana
Donut s punj.okusa pistac.69 g;386360;;0.0690;kg;1.19;17.25;;;02.05.2025;1.19;1470;Hrana
KREM©NITA 400 g ;386391;;0.4000;kg;3.46;8.65;;;02.05.2025;3.46;3830056441284;Hrana
KOLAÈ PITA S JABUKOM 500 g;386392;;0.5000;kg;4.79;9.58;;;02.05.2025;4.79;3830042310112;Hrana
S SALVETE USKRSNE CVIJEÆE;386393;SPAR Qualitätsmarke;1.0000;kom;0.99;0.99;;;02.05.2025;0.99;9100000041285;Proizvodi za kuæanstvo
BABY MRKVA S-BUDGET 450 g;386405;S-Budget;0.4500;kg;1.99;4.42;;;02.05.2025;1.99;9100000017976;Hrana
S SALVETE 24x24 DVA PILIÆA;386406;SPAR Qualitätsmarke;1.0000;kom;0.99;0.99;;;02.05.2025;0.99;9100000041308;Proizvodi za kuæanstvo
S SALVETE 24x24 CVIJEÆE NARANÈ;386413;SPAR Qualitätsmarke;1.0000;kom;0.99;0.99;;;02.05.2025;0.99;9100000041315;Proizvodi za kuæanstvo
TORT.DOR.NACHO CHESSE160 g;386415;;0.1600;kg;2.79;17.44;;;02.05.2025;2.79;8606033741334;Hrana
S SALVETE 24x24 PR. LISTOVI;386417;SPAR Qualitätsmarke;1.0000;kom;0.99;0.99;;;02.05.2025;0.99;9100000041339;Proizvodi za kuæanstvo
S SALVETE USKRSNI ZEC;386420;SPAR Qualitätsmarke;1.0000;kom;0.99;0.99;;;02.05.2025;0.99;9100000041322;Proizvodi za kuæanstvo
FLIPS CLIPSY KIKIRIKI 50 g;386421;;0.0500;kg;0.63;12.60;;0.63;02.05.2025;0.79;8606033741440;Hrana
S SALVETE CRVENO CVIJEÆ 33cm;386423;SPAR Qualitätsmarke;1.0000;kom;1.49;1.49;;;02.05.2025;1.49;9100000041360;Proizvodi za kuæanstvo
FLIPS CLIPSY HOT DOG 30 g ;386424;Clipsy;0.0300;kg;0.79;26.33;;0.79;02.05.2025;0.99;8606033741808;Hrana
S SALVETE PRUGE 30/1,33X33cm;386425;SPAR Qualitätsmarke;1.0000;kom;1.49;1.49;;;02.05.2025;1.49;9100000041353;Proizvodi za kuæanstvo
S SALVETE PILIÆ;386428;SPAR Qualitätsmarke;1.0000;kom;3.29;3.29;;;02.05.2025;3.29;9100000041247;Proizvodi za kuæanstvo
LIKER PELINKOVAC PREMIUM 0,2 L;386431;SPAR Premium;0.2000;L;17.99;89.95;;;02.05.2025;17.99;3856021228377;Piæa
LIKER TERANINO PREMIUM 0,2 L;386432;SPAR Premium;0.2000;L;17.99;89.95;;;02.05.2025;17.99;3856021228339;Piæa
RAKIJA ©LJIVOVICA PREMIUM 0,2L;386435;SPAR Premium;0.2000;L;17.99;89.95;;;02.05.2025;17.99;3856021228353;Piæa
RAKIJA VILJAMOVK.PREMIUM 0,2L ;386437;SPAR Premium;0.2000;L;17.99;89.95;;;02.05.2025;17.99;3856021228391;Piæa
BU VREÆE ZA SMEÆE 120L 15/1 ;386440;S-BUDGET;15.0000;kom;1.99;0.13;;;02.05.2025;1.99;9100000046280;Proizvodi za kuæanstvo
©PAGETE KOLEDA 400 g;386441;Koleda;0.4000;kg;1.89;4.73;;;02.05.2025;1.89;3859888433618;Hrana
MJE©.ZA TEMPURU SPAR 400 g;386442;SPAR Qualitätsmarke;0.4000;kg;;5.73;2.29;2.99;02.05.2025;2.99;9100000050065;Hrana
Kolaè jaffa 130 g;386445;Bäckerei SPAR;0.1300;kg;1.49;11.46;;;02.05.2025;1.49;;Hrana
KIMCHI-BIO SPAR SPICIY 260 g ;386446;SPAR Creative;0.2600;kg;;12.27;3.19;3.99;02.05.2025;3.99;9100000060057;Hrana
KIMCHI-BIO SPAR MILD 260 g;386449;SPAR Qualitätsmarke;0.2600;kg;;12.27;3.19;3.99;02.05.2025;3.99;9100000059990;Hrana
ZAÈ.VEGETA NATUR ZA BATAT 30 g;386455;Podravka;0.0300;kg;1.19;39.67;;;02.05.2025;1.19;3856020277406;Hrana
UMAK BAKINA TAJNA RAJÈ.300 g;386458;Bakina Tajna;0.3000;kg;2.99;9.97;;;02.05.2025;2.99;8606018022038;Hrana
UMAK BAK.TAJNA BOSILJAK 300 g;386460;;0.3000;kg;2.99;9.97;;;02.05.2025;2.99;8606018022045;Hrana
UMAK BAKINA TAJNA CHILLI 300 g;386463;Bakina Tajna;0.3000;kg;2.99;9.97;;;02.05.2025;2.99;8606018022052;Hrana
ZAÈ.VEGETA SWEET CHILLI 200 g;386467;Podravka;0.2000;kg;2.49;12.45;;;02.05.2025;2.49;3856020276690;Hrana
ZAÈIN VEGETA SMOKED 200 g;386470;Podravka;0.2000;kg;2.49;12.45;;;02.05.2025;2.49;3856020276669;Hrana
PESTO TUNA PODRAVKA 190 g;386473;Podravka;0.1900;kg;3.99;21.00;;;02.05.2025;3.99;3856020273323;Hrana
PESTO GENOVESE PODRAVKA 190 g;386475;Podravka;0.1900;kg;3.99;21.00;;;02.05.2025;3.99;3850104288159;Hrana
KETC.ZIK ZAK PODR.LJUTI 310 g;386476;Podravka;0.3100;kg;2.49;8.03;;;02.05.2025;2.49;3856020275730;Hrana
KETC.ZIK ZAK PODR.BLAGI 310 g;386478;Podravka;0.3100;kg;2.49;8.03;;;02.05.2025;2.49;3856020275709;Hrana
SALVETE 33x33cM HELLO EASTER ;386480;;1.0000;kom;1.99;1.99;;;02.05.2025;1.99;4021766304177;Proizvodi za kuæanstvo
SALVETE 33x33cm PPD;386481;;1.0000;kom;1.99;1.99;;;02.05.2025;1.79;4021766306188;Proizvodi za kuæanstvo
SALVETE 33x33cm LEPTIR PPD ;386482;;1.0000;kom;1.99;1.99;;;02.05.2025;1.79;4021766304818;Proizvodi za kuæanstvo
SALVETE 33x33cm MORE PPD;386483;;1.0000;kom;1.79;1.79;;1.79;02.05.2025;1.79;4021766297394;Proizvodi za kuæanstvo
SALVETE  33x33cm EASTER ROSE;386484;;1.0000;kom;1.99;1.99;;;02.05.2025;1.99;4021766304504;Proizvodi za kuæanstvo
SALVETE 33x33cm TULIPANI PPD ;386485;;1.0000;kom;1.99;1.99;;;02.05.2025;1.79;4021766304122;Proizvodi za kuæanstvo
SALVETE 33x33cm,20/1 PPD ;386486;;1.0000;kom;1.99;1.99;;;02.05.2025;1.79;4021766305266;Proizvodi za kuæanstvo
SALVETE 33x33cm BICIKL PPD;386487;;1.0000;kom;1.99;1.99;;;02.05.2025;1.79;4021766277488;Proizvodi za kuæanstvo
SALVETE 33x33cm SEASIDE PPD;386488;;1.0000;kom;1.79;1.79;;1.79;02.05.2025;1.79;4021766297400;Proizvodi za kuæanstvo
PANIRANI CORDON BLEU 300 g;386495;;0.3000;kg;5.99;19.97;;;02.05.2025;5.99;3850159141331;Hrana
SLADOL.DESIRE KING LEDO 100 ml;386498;King;0.1000;L;2.79;27.90;;;02.05.2025;2.79;3850116066219;Hrana
SIR GOUDA PREMIUM 200 g;386500;;0.2000;kg;4.99;24.95;;;02.05.2025;4.99;8719333002255;Hrana
SLAD.KING DESIRE LEDO 3x100 ml;386502;King;0.3000;L;6.99;23.30;;;02.05.2025;6.99;3850116066240;Hrana
BOMBONI.S PILETOM U LJUSKI 5 g;386504;;0.0050;kg;;38.00;0.19;0.49;02.05.2025;0.49;8590311104426;Hrana
ULJE MASL.EXTRA.DJEV.SB 750 ml;386511;S-Budget;0.7500;L;8.99;11.99;;;02.05.2025;8.99;8057204094603;Hrana
SEND.TRAM.PIL.MAJ.S-BUDG.140 g;386520;S-BUDGET;0.1400;kg;1.69;12.07;;;02.05.2025;1.69;8057204092890;Hrana
SEND.TRAM.©UN.MAJ.S-BUDG.140 g;386521;S-BUDGET;0.1400;kg;1.69;12.07;;;02.05.2025;1.69;8057204092883;Hrana
SEND.TRAM.POV.MAJ.S-BUDG.140 g;386522;S-BUDGET;0.1400;kg;1.69;12.07;;;02.05.2025;1.69;8057204092906;Hrana
GEL ZA BRIJANJE NIVEA 200 ml;386531;Nivea;0.2000;l;;20.95;4.19;5.59;02.05.2025;5.59;4005900619389;Kozmetika
PJENA NIVEA SENSITIVE 200 ml;386532;Nivea;0.2000;L;;14.95;2.99;3.99;02.05.2025;3.99;4005900619365;Kozmetika
KREMA DNEVNA NIVEA 50 ml;386550;Nivea;0.0500;L;6.99;139.80;;;02.05.2025;5.99;4005800097546;Kozmetika
PEZ VREÆICA 86 g USKRS;386553;;0.0850;kg;3.69;43.41;;3.69;02.05.2025;3.69;9044400863446;Hrana
KI-KI GUM.SPRING WORMS 90 g;386563;;0.0900;kg;;2.11;0.19;0.49;02.05.2025;0.49;3850102015122;Hrana
SRE.ARF BLIC 650 ml&CRE.400 ml;386565;Arf;1.0000;kom;3.99;3.99;;;02.05.2025;3.99;3850105189912;Sredstva za èi¹æenje
®IT.NESTLE FITNESS COCOA 310 g;386566;Nestle;0.3100;kom;;12.87;3.99;4.99;02.05.2025;4.99;5900020043481;Hrana
TUNA SAL.RIO MARE PROLJ.160 g;386568;Rio Mare;0.1600;kg;4.68;29.25;;;02.05.2025;4.68;8004030835092;Hrana
KRA© SLATKI MIX USKRS 337 g;386570;;0.3370;kg;;1.45;0.49;0.99;02.05.2025;0.99;3850102015047;Hrana
KRA© SLATKA MRKVA USKRS 235 g;386573;;0.2350;kg;;2.09;0.49;0.99;02.05.2025;0.99;3850102015061;Hrana
®IT.NESTLE FITNESS HONEY 310 g;386575;Nestle;0.3100;kg;;12.87;3.99;4.99;02.05.2025;4.99;5900020043504;Hrana
®IT.LINO PILLOWS WHITE 250 g;386579;Podravka;0.2500;kom;3.49;13.96;;;02.05.2025;3.49;3856020278656;Hrana
®IT. LINO PILLOWS DUO 250 g;386583;Podravka;0.2500;kg;3.49;13.96;;;02.05.2025;3.49;3856020278687;Hrana
MLIJEKO ÈOKO.BOOST DUKAT 0,5 L;386585;Dukat;0.5000;L;1.69;3.38;;;02.05.2025;1.69;3850354019060;Hrana
KREMA NIVEA MEN 150 ml;386614;Nivea;0.1500;L;;27.27;4.09;5.49;02.05.2025;5.49;4005900107305;Kozmetika
ÈIPS LAY´S CHORIZO 130 g;386615;;0.1300;kg;2.19;16.85;;;02.05.2025;1.89;5900259137883;Hrana
KREMA NIVEA MEN STYLING 150 ml;386617;Nivea;0.1500;L;5.99;39.93;;;02.05.2025;5.99;4005900137432;Kozmetika
ÈIPS LAY´S MAC&CHEESE 130 g;386618;;0.1300;kg;2.19;16.85;;;02.05.2025;1.89;5900259137920;Hrana
GEL ZA KOSU NIVEA MEN 150 ml;386619;Nivea;0.1500;L;5.99;39.93;;;02.05.2025;5.99;4005900656322;Kozmetika
PIVO LA©KO ZLATOROG 6X0,5 L;386620;Pivovarna La¹ko;3.0000;L;7.69;2.56;;;02.05.2025;7.69;3830001711066;Piæa
SIR TRAPIST MAÐARSKI 350 g;386621;;0.3500;kg;4.99;14.26;;;02.05.2025;4.99;5999073304557;Hrana
GAZIRANO PIÆE FANTA GRO®ÐE 2 L;386622;Fanta;2.0000;L;2.29;1.15;;;02.05.2025;2.29;5449000338815;Piæa
OME.SILAN FRESH SKY 2X1,67 L;386623;Silan;3.3400;l;5.99;1.79;;;02.05.2025;5.99;9000101597240;Sredstva za èi¹æenje
GAZIRA.PIÆE FANTA GRO®ÐE 0,5 L;386625;Fanta;0.5000;L;1.19;2.38;;;02.05.2025;1.19;5449000338808;Piæa
OME.SILAN SENSITIVE 2X1,67 L;386627;Silan;3.3400;l;5.99;1.79;;;02.05.2025;5.99;9000101597219;Sredstva za èi¹æenje
GAZ.PIÆE FANTA TUTTI FR.ZE.2 L;386630;Fanta;2.0000;L;2.29;1.15;;;02.05.2025;2.29;5449000334671;Piæa
GAZ.PIÆE FANTA TUTTI.ZER.0,5 L;386631;Fanta;0.5000;L;1.19;2.38;;;02.05.2025;1.19;5449000334657;Piæa
IZOTONIC POWERADE ZERO 0,5 L;386632;Powerade;0.5000;L;1.65;3.30;;;02.05.2025;1.65;5449000158987;Piæa
ENER.PIÆE MONSTER RIO PU.0,5 L;386633;Monster;0.5000;L;1.95;3.90;;;02.05.2025;1.95;5056784904466;Piæa
POMMES FRIT.AVIKO 750 g+150 g ;386639;Aviko;0.9000;kg;3.49;3.88;;;02.05.2025;3.49;8710449945092;Hrana
KEKS DOMAÆICA ORIGINAL 170 g;386640;;0.1700;kg;;8.76;1.49;1.99;02.05.2025;1.99;3850102014613;Hrana
FU.VODA DONATURAL LIM.TR.0,5 L;386645;;0.5000;L;1.69;3.38;;;02.05.2025;1.69;3838471056335;Piæa
FUN.VODE DONATURAL MENTA 0,5 L;386647;;0.5000;L;1.69;3.38;;;02.05.2025;1.69;3838471056250;Piæa
FUNK.VODA DONATURAL ALOE 0,5 L;386648;;0.5000;L;1.69;3.38;;;02.05.2025;1.69;3838471056298;Piæa
OSVJ.PIÆE YIPPY COLA NA.0,33 L;386651;Rauch;0.3300;L;1.39;4.21;;;02.05.2025;1.39;9008700238687;Piæa
EN.PIÆE RED BULL SEA BL.0,25 L;386656;Red Bull;0.2500;L;1.69;6.76;;;02.05.2025;1.69;90456886;Piæa
ENER.PIÆE RED BULL ZERO 0,25 L;386659;Red Bull;0.2500;L;1.69;6.76;;;02.05.2025;1.69;90474637;Piæa
TUNA ODREZAK 200 g;386664;;0.2000;kg;4.99;24.95;;;02.05.2025;4.99;3857500084736;Hrana
LED.ÈAJ XIXO MALINA BOR.0,25 L;386666;;0.2500;L;.79;3.16;;;02.05.2025;.79;5999860497547;Piæa
KOLAÈ BIJELA PITA 400 g;386667;;0.4000;kg;4.99;12.48;;;02.05.2025;4.99;3856028408543;Hrana
ÈOK. MARCIPAN NAR. NIE. 110 g;386671;;0.1100;kg;3.99;36.27;;3.99;02.05.2025;3.99;4000161060260;Hrana
ÈOK.MARC.ORAH-RUM NIE. 110 g;386672;;0.1100;kg;3.99;36.27;;3.99;02.05.2025;3.99;4000161060932;Hrana
PIVO ZMAJSK.PALE ALE LIM.0,5 L;386676;;0.5000;L;2.48;4.96;;;02.05.2025;2.48;3858895210519;Piæa
GEL TU©.FA JASMIN 2x400 ml;386682;Fa;0.8000;l;4.99;6.24;;;02.05.2025;4.99;3838824432953;Kozmetika
GAZIRA.PIÆE MIRINDA ZERO 0,5 L;386684;Mirinda;0.5000;L;1.15;2.30;;;02.05.2025;1.15;3830065023808;Piæa
Èe¹njovka narezak Pivac;386685;Pivac;1.0000;kg;19.99;19.99;;;02.05.2025;19.99;3859892881498;Hrana
GAZIRANO PIÆE MIRINDA ZERO 2 L;386687;Mirinda;2.0000;L;2.05;1.03;;;02.05.2025;1.95;3830065023846;Piæa
VIT.VODA DTX WTR JAS.BRE.0,5 L;386691;;0.5000;L;1.69;3.38;;;02.05.2025;1.69;5304000311315;Piæa
PRALI.MARCIPAN POTATOES 150 g;386692;;0.1500;kg;4.79;31.93;;4.79;02.05.2025;4.79;4000161400219;Hrana
VIT.VODA DTX WTR LJU.MAN.0,5 L;386693;;0.5000;L;1.69;3.38;;;02.05.2025;1.69;5304000311292;Piæa
VIT.VODA DTX WTR BAZ.LIM.0,5 L;386695;;0.5000;L;1.69;3.38;;;02.05.2025;1.69;5304000311308;Piæa
VIT.VODA DTX WTR RU®A 0,5 L;386696;;0.5000;L;1.69;3.38;;;02.05.2025;1.69;5304000311285;Piæa
Domaæa trajna kobas.nar Pivac;386721;Pivac;1.0000;kg;19.99;19.99;;;02.05.2025;19.99;3859892881481;Hrana
ÈOK.ML.LJE©NJ. CAFFAREL 80 g;386727;;0.0800;kg;2.99;37.38;;2.99;02.05.2025;2.99;8013108622885;Hrana
ÈOK.TAM.BADEM CAFFAREL 80 g;386728;;0.0800;kg;2.99;37.38;;2.99;02.05.2025;2.99;8013108622892;Hrana
ÈAJ FRANCK MENTA 52 g;386732;Franck;0.0520;KG;2.79;53.65;;;02.05.2025;2.79;3850291055435;Piæa
KIN.FIG.SRCE USK. T1X18 53g;386746;;0.0530;kg;;9.25;0.49;0.99;02.05.2025;0.99;8000500321799;Hrana
MATCHA PREM.ORGONA 100 g;386753;ORGONA SUPERFOOD;0.1000;kg;19.99;199.90;;;02.05.2025;19.99;3858890131048;Hrana
ROGAÈ U PRAHU ORGONA 200 g;386755;ORGONA SUPERFOOD;0.2000;kg;3.29;16.45;;;02.05.2025;3.29;3858888739393;Hrana
MACA PRAH ORGONA 150 g;386757;ORGONA SUPERFOOD;0.1500;kg;4.39;29.27;;;02.05.2025;4.39;3858890130676;Hrana
CIMET CEYLON ORGONA 150 g;386759;ORGONA SUPERFOOD;0.1500;kg;6.99;46.60;;;02.05.2025;6.99;3858888739409;Hrana
KURKUMA ORGONA 150 g;386762;ORGONA SUPERFOOD;0.1500;kg;4.79;31.93;;;02.05.2025;4.79;3858888739416;Hrana
TINKTURA KERNNEL VRKUTA 50 ml;386763;KERNNEL;0.0500;L;12.99;259.80;;;02.05.2025;12.99;3859892472535;Hrana
TINKTURA KERNNEL VRBOV.50 ml;386764;KERNNEL;0.0500;L;12.99;259.80;;;02.05.2025;12.99;3859893018169;Hrana
TINKTURA KERNNEL KOPRIVA 50 ml;386766;KERNNEL;0.0500;L;12.99;259.80;;;02.05.2025;12.99;3859893018107;Hrana
PETIT BEURRE ÈOK.USK. 75g;386771;;0.0750;kg;;2.53;0.19;0.49;02.05.2025;0.49;3856024806008;Hrana
SLAD.MACHO BANANA CRUNC.75 ml;386772;Macho;0.0750;L;1.99;26.53;;;02.05.2025;1.99;3850116065977;Hrana
USKRS.CHOCO BANANA 280g;386779;;0.2800;kg;;1.75;0.49;0.99;02.05.2025;0.99;3856024805964;Hrana
GUM.BOM.USK. HARIBO 250g;386784;;0.2500;kg;;1.96;0.49;0.99;02.05.2025;0.99;4001686004043;Hrana
SIR KREM ABC MEDITERAN 100 g;386788;Belje;0.1000;kg;1.39;13.90;;;02.05.2025;1.39;3850257061890;Hrana
SIR KREM ABC TARTUFI 100 g;386790;Belje;0.1000;kg;2.19;21.90;;;02.05.2025;2.19;3850257061913;Hrana
SMART.NANO ZEC. MULT. 3X18,7g;386794;;0.0561;kg;;8.73;0.49;0.99;02.05.2025;0.99;59968092;Hrana
SMARTIES ZEC MALI 50g;386795;;0.0500;kg;;3.80;0.19;0.49;02.05.2025;0.49;59949893;Hrana
HREN.KOKTEL PILEÆA CEKIN 225 g;386799;Cekin;0.2250;kg;1.69;7.51;;;02.05.2025;1.69;3850159121869;Hrana
SIRNI NAMAZ NATUR ARLA 200 g ;386803;Arla;0.2000;kg;2.09;10.45;;;02.05.2025;2.09;5711953158445;Hrana
SIR.NAM.LUK/VLASAC ARLA 200 g;386804;Arla;0.2000;kg;2.09;10.45;;;02.05.2025;2.09;5711953158520;Hrana
KAPSULE JACOBS LUNGO 104 g;386809;Jacobs;0.1040;KG;;47.98;4.99;9.99;02.05.2025;9.99;8711000371251;Piæa
KAPSULE JACOBS INTENSO 104 g;386810;Jacobs;0.1040;KG;;47.98;4.99;9.99;02.05.2025;9.99;8711000371190;Piæa
ÈOKOLADA MILKA USKRS 90 g;386812;;0.0900;kg;0.49;5.44;;0.49;02.05.2025;0.49;7622202210327;Hrana
ÈOK.JAJE CREME MILKA USK.124 g;386813;;0.1240;kg;;3.95;0.49;0.99;02.05.2025;0.99;7622201691066;Hrana
VAPAÆE BIONA SANA 200 g;386814;;0.2000;kg;6.49;32.45;;;02.05.2025;4.99;3872617001094;Hrana
FAM.PACK MILKA USKRS 198 g;386815;;0.1980;kg;;5.00;0.99;1.99;02.05.2025;1.99;7622202043468;Hrana
HAMBASH BIONA SANA 250 g;386817;;0.2500;kg;5.99;23.96;;;02.05.2025;4.49;3872617000387;Hrana
KOBAYA BIONA SANA 170 g;386818;;0.1700;kg;5.49;32.29;;;02.05.2025;3.99;3872617001100;Hrana
ÈOK.JAJE MILKA FUNNY USK.50 g;386819;;0.0500;kg;;3.80;0.19;0.49;02.05.2025;0.49;7622202212635;Hrana
PRIP.ZA ©LAG VEG.HOPLA  500 ml;386828;;0.5000;L;;3.98;1.99;2.49;02.05.2025;2.79;8000005037713;Hrana
USKR©NJI POKLON PAKET 2025;386837;;0.5375;kg;3.35;6.23;;3.25;02.05.2025;3.25;3858891165912;Hrana
MEKANI BOM.BAZOO.KISELI 120g;386844;;0.1200;kg;1.99;16.58;;;02.05.2025;1.99;5011053023576;Hrana
LOSIN VAPE DJEÈJI 100 ml;386846;VAPE;0.1000;l;5.49;54.90;;;02.05.2025;5.49;8006320089864;Kozmetika
PIVO KOZEL LAGER 6X0,5 L;386847;Kozel;3.0000;L;7.99;2.66;;;02.05.2025;7.99;8594404016894;Piæa
MEKANI BOMB.BAZOOKA VOÆNI 120g;386849;;0.1200;kg;1.99;16.58;;;02.05.2025;1.99;5011053023545;Hrana
PRAL.LJE©.CHOCOLITALY 100 g;386860;;0.1000;kg;1.79;17.90;;1.79;02.05.2025;1.79;8014433000409;Hrana
PRALINE ÈOK.CHOCOLITALY 100 g;386863;;0.1000;kg;1.79;17.90;;1.79;02.05.2025;1.79;8014433000478;Hrana
PRALINE PISTACIO ZAINI 144 g;386866;;0.1440;kg;4.99;34.65;;;02.05.2025;4.99;8004735121124;Hrana
PRALINE LJE©JAK ZAINI 154 g;386870;;0.1540;kg;4.99;32.40;;;02.05.2025;4.99;8004735114591;Hrana
PRALINE MLIJEÈNA ZAINI 154 g;386871;;0.1540;kg;4.99;32.40;;;02.05.2025;4.99;8004735108156;Hrana
SUN BIOBAZA SUPERTANING 250 ml;386872;Biobaza;0.2500;L;7.39;29.56;;;02.05.2025;7.39;3856020917371;Kozmetika
TAM.ÈOK.VALOR 70% MEN.PRE.100g;386873;;0.1000;kg;2.79;27.90;;;02.05.2025;2.79;8410109050530;Hrana
©AMPON SCHAUMA R&C 2x400 ml;386874;Schauma;0.8000;l;5.49;6.86;;;02.05.2025;5.49;3838824432991;Kozmetika
SUN AFRODITA MAR.MANGO 200 ml;386875;Afrodita;0.2000;l;17.99;89.95;;;02.05.2025;17.99;3831070663447;Kozmetika
TAM.ÈOK.70% NARANÈA PRE.100g;386876;;0.1000;kg;2.79;27.90;;;02.05.2025;2.79;8410109050523;Hrana
SUN AFRODITA MAR.JAGODA 200 ml;386877;Afrodita;0.2000;l;17.99;89.95;;;02.05.2025;17.99;3831070663454;Kozmetika
TAM.ÈOK.70% PREMIUM VALOR 100g;386878;;0.1000;kg;2.79;27.90;;;02.05.2025;2.79;8410109050509;Hrana
TAM.ÈOK. 70% SOL VL 100g;386879;;0.1000;kg;2.79;27.90;;;02.05.2025;2.79;8410109051247;Hrana
TAM.ÈOK.82% PREM.VALOR 100g;386880;;0.1000;kg;2.79;27.90;;;02.05.2025;2.79;8410109104950;Hrana
JUMBO KIKI SLANI PR®ENI180g;386881;;0.1800;kg;;9.39;1.69;1.99;02.05.2025;1.99;8606015852638;Hrana
JUMBO KIKIRIKI BIBIRIKI 75g;386882;;0.0750;kg;;16.80;1.26;1.49;02.05.2025;1.49;8606015856018;Hrana
JUMBO FANTAZIJA MIX 75g;386883;;0.0750;kg;;22.53;1.69;1.99;02.05.2025;1.99;8606015855561;Hrana
JUMBO BEER MIX 180g;386885;;0.1800;kg;;11.72;2.11;2.49;02.05.2025;2.49;8606015859330;Hrana
JUMBO PROTEIN MIX 75g;386887;;0.0750;kg;;22.53;1.69;1.99;02.05.2025;1.99;8606015855660;Hrana
JUMBO STUDENT MIX 75g;386888;;0.0750;kg;;22.53;1.69;1.99;02.05.2025;1.99;8606015855684;Hrana
JUMBO KOKTEL MIX 75g;386892;;0.0750;kg;;22.53;1.69;1.99;02.05.2025;1.99;8606015855622;Hrana
ÈOK. DUBAI LJE©NJAK ELIT 90 g ;386898;;0.0900;kg;3.99;44.33;;3.99;02.05.2025;3.99;8698701041297;Hrana
ÈOKOLA. DUBAI BIJELA ELIT 90 g;386903;;0.0900;kg;3.99;44.33;;3.99;02.05.2025;3.99;8698701041594;Hrana
ÈOKOLADA DUBAI KOKOS ELIT 90 g;386905;;0.0900;kg;3.99;44.33;;3.99;02.05.2025;3.99;8698701041310;Hrana
MELEM SUHO ULJE SPF30 150 ml ;386906;Melem;0.1500;l;12.99;86.60;;;02.05.2025;12.99;3856007911903;Kozmetika
ÈOKOLADA DUBAI TAMNA ELIT 90 g;386907;;0.0900;kg;3.99;44.33;;3.99;02.05.2025;3.99;8698701041761;Hrana
LAGRANA SPICY MIX 125g;386926;;0.1250;kg;1.99;15.92;;;02.05.2025;1.99;3872084015518;Hrana
PARTY MIX LAGRANA 125g;386927;;0.1250;kg;2.29;18.32;;;02.05.2025;2.29;3872084015525;Hrana
SJEM.BUND.JEZGRA SIROVA 300g;386928;;0.3000;kg;3.49;11.63;;;02.05.2025;3.49;3872084015082;Hrana
IND.ORA©ÈIÆ SIR. 300g FAM.PACK;386932;;0.3000;kg;5.99;19.97;;;02.05.2025;5.99;3872084014351;Hrana
IND.ORA©.PR®.SL. 300g FAM.PACK;386937;;0.3000;kg;5.99;19.97;;;02.05.2025;5.99;3872084014375;Hrana
BADEM PR®ENI SLANI 300g;386938;;0.3000;kg;5.99;19.97;;;02.05.2025;5.99;3872084015723;Hrana
NOGOM. MIX PIC. 300g FAM.PACK;386939;;0.3000;kg;3.49;11.63;;;02.05.2025;3.49;3872084015808;Hrana
MIX ORA©. I SUHOG VOÆA 300g;386940;;0.3000;kg;3.99;13.30;;;02.05.2025;3.99;3872084014511;Hrana
PIST.U LJ.SUH.PR®.BLA.SLA.300g;386941;;0.3000;kg;6.99;23.30;;;02.05.2025;6.99;3872084015099;Hrana
SUHO VOÆE GRO®Ð. 300g FAM.PACK;386942;;0.3000;kg;2.09;6.97;;;02.05.2025;2.09;3872084016041;Hrana
 PROTEIN MIX 300g FAMILY PACK;386943;;0.3000;kg;4.29;14.30;;;02.05.2025;4.29;3872084014504;Hrana
CAPPUCCINO NESCAFE CHOCO 112 g;386944;Nescafe;0.1120;KG;3.99;35.63;;;02.05.2025;3.99;8445291532090;Piæa
MIX ORA©.PLODOVI 300g FAM.PACK;386945;;0.3000;kg;5.99;19.97;;;02.05.2025;5.99;3872084016072;Hrana
CAPPUCCINO NESCAFE VANIL.112 g;386946;Nescafe;0.1120;KG;3.99;35.63;;;02.05.2025;3.99;8445291532045;Piæa
SUHO VOÆE BRUS. 300g FAM.PACK;386947;;0.3000;kg;3.99;13.30;;;02.05.2025;3.99;3872084014498;Hrana
CAPPUCCINO NESCAFE IRISH 112 g;386948;Nescafe;0.1120;KG;3.99;35.63;;;02.05.2025;3.99;8445291532236;Piæa
CAPPUCC.NESCAFE ORIGINAL 108 g;386949;Nescafe;0.1080;KG;3.99;36.94;;;02.05.2025;3.99;8445291531581;Piæa
FLIPS S KIKIRIKIJEM 90 g;386954;S-BUDGET;0.0900;kg;0.59;6.56;;;02.05.2025;0.59;3856021221361;Hrana
FLIPS SLANI 100 g;386955;S-BUDGET;0.1000;g;0.59;5.90;;;02.05.2025;0.59;3856021221408;Hrana
PR©UT NAREZAK 400 g MIJUKIÆ;386959;;0.4000;kg;8.99;22.48;;7.99;02.05.2025;15.99;3859894300355;Hrana
CEDEVITA MANGO ANANAS 19 g;386971;;0.0190;kg;0.59;31.05;;;02.05.2025;0.59;3850322016343;Piæa
BRIJAÈ GILLETTE FUSION +5 PAT.;386974;Gillette;1.0000;kom;22.99;22.99;;22.99;02.05.2025;26.89;8700216356794;Kozmetika
BRIJAÈ GILLETTE PROGLIDE+5 PAT;386975;Gillette;1.0000;kom;22.99;22.99;;22.99;02.05.2025;26.89;8700216357227;Kozmetika
BRIJAÈ GILLETTE M3 CH. +6 PAT.;386976;Gillette;1.0000;kom;18.99;18.99;;18.99;02.05.2025;21.89;8700216399807;Kozmetika
ML.AMBRE SOLAIRE SPF50 175 ml;386977;Ambre Solaire;0.1750;l;15.99;91.37;;;02.05.2025;15.99;3600542624961;Kozmetika
ML.AMBRE SOLA.BRO.SPF30 150 ml;386978;Ambre Solaire;0.1500;l;14.99;99.93;;;02.05.2025;14.99;3600542602082;Kozmetika
POVRÆE ZA WOK SPAR 750 g;386979;SPAR;0.7500;kg;;3.32;2.49;3.29;02.05.2025;3.29;9100000779430;Hrana
SPR.POS.SUNÈ.AMBRE SOL.150 ml;386981;;0.1500;L;9.99;66.60;;;02.05.2025;9.99;3600542625975;Kozmetika
STOCK 84 2x0,7 L;386982;Stock;1.4000;L;17.99;12.85;;;02.05.2025;17.99;3859894276056;Piæa
SALATINI MIX GECCHELE 500 g;386983;;0.5000;kg;1.99;3.98;;1.99;02.05.2025;3.99;8015854171358;Hrana
PIVO 1664 BLANC 4X0,5 L;386984;Blanc;2.0000;L;6.15;3.08;;;02.05.2025;6.15;8600331002753;Piæa
Kobasica tirolska Jeli;386986;Jeli;1.0000;kg;6.05;6.05;;;02.05.2025;6.05;3858892727928;Hrana
EN.PIÆE RED BULL SUMMER 0,25 L;386987;Red Bull;0.2500;L;1.69;6.76;;;02.05.2025;1.69;90474729;Piæa
WC OSVJE®IVAÈ SANITAR 3X40 g;386988;Sanitar;1.0000;KOM;3.65;3.65;;;02.05.2025;3.65;3850111901195;Sredstva za èi¹æenje
Panceta Mijukiæ;386995;Eigenbedarf;1.0000;kg;11.89;11.89;;;02.05.2025;11.89;3859894171641;Hrana
SIR MOZZA.LIGHT S BUDGET 125 g;387001;S-Budget;0.1250;kg;1.09;8.72;;;02.05.2025;1.09;9100000025162;Hrana
PA©TETA GAVRIL.PILE.CLAS.30 g;387006;Gavrilovic;0.0300;kg;0.39;13.00;;;02.05.2025;0.39;3858892722435;Hrana
PA©TETA GAVRIL.PIL.ROASTY 30 g;387007;Gavrilovic;0.0300;kg;0.39;13.00;;;02.05.2025;0.39;3858892722411;Hrana
PA©TETA GAVRIL.KOKO©.CLAS.30 g;387008;Gavrilovic;0.0300;kg;0.39;13.00;;;02.05.2025;0.39;3858892722459;Hrana
TUNA PA©TETA GAVRILOVIÆ 30 g;387009;Gavrilovic;0.0300;kg;0.55;18.33;;;02.05.2025;0.55;3858892722039;Hrana
KUKURUZ ©EÆ.BONDUELLE 2X80 g;387010;Bonduelle;0.1400;kg;1.99;14.21;;;02.05.2025;1.99;3083681068184;Hrana
GRAH BONDUELLE CRNI 2X100 g;387011;Bonduelle;0.1300;kg;1.99;15.31;;;02.05.2025;1.99;3083681068191;Hrana
SLANUTAK BONDUELLE 2X80 g;387012;Bonduelle;0.1300;kg;1.99;15.31;;;02.05.2025;1.99;3083681068146;Hrana
MALIÐANO GURMANO BLAGI 300 g;387016;;0.3000;kg;5.99;19.97;;;02.05.2025;5.99;5319991599697;Hrana
PAPRIKA GURMANO PEÈENA 490 g;387017;;0.3000;kg;4.69;15.63;;;02.05.2025;4.69;5319991599406;Hrana
KR.LACTOVIT ZA TIJELO L 400 ml;387023;Lactovit;0.4000;L;5.79;14.48;;;02.05.2025;5.79;8411135006423;Kozmetika
HRANA ZA MAÈKE FELIX PILE.80 g;387024;Felix;0.0800;kg;0.79;9.88;;;02.05.2025;0.79;8445291102156;Proizvodi za kuæanstvo
TEK.POSL.MAÈ.FEL.PILET.4X10 g;387026;Felix;0.0400;kg;2.19;54.75;;;02.05.2025;2.19;8445291532526;Proizvodi za kuæanstvo
TEK.POSL.MAÈ.FEL.LOSOS 4X10 g;387027;Felix;0.0400;kg;2.19;54.75;;;02.05.2025;2.19;8445291538276;Proizvodi za kuæanstvo
TEK.POSL.MAÈ.FEL.PATKA 4X10 g;387028;Felix;0.0400;kg;2.19;54.75;;;02.05.2025;2.19;8445291538306;Proizvodi za kuæanstvo
JUHA ZA MAÈ.FELIX MESO 6X48 g;387031;Felix;0.2880;kg;2.99;10.38;;;02.05.2025;2.99;8445291612358;Proizvodi za kuæanstvo
JUHA ZA MAÈ.FELIX RIBA 6X48 g;387033;Felix;0.2880;kg;2.99;10.38;;;02.05.2025;2.99;8445291612433;Proizvodi za kuæanstvo
JUHA ZA MAÈKE FELIX PILET.48 g;387034;Felix;0.0480;kg;0.55;11.46;;;02.05.2025;0.55;7613036665148;Proizvodi za kuæanstvo
Kranjska kobasica Andro;387035;Andro;1.0000;kg;6.39;6.39;;;02.05.2025;6.39;3858892822883;Hrana
HRANA ZA MAÈKE FEL.MESO 4X80 g;387037;Felix;0.3200;kg;2.79;8.72;;;02.05.2025;2.79;7613287249593;Proizvodi za kuæanstvo
HRANA ZA MAÈKE ONE SENSIT.3 kg;387038;One;3.0000;kg;18.99;6.33;;;02.05.2025;18.99;8445290601254;Proizvodi za kuæanstvo
HRA.MAÈ.SHEBA IZBOR PER.4X85 g;387040;Sheba;0.3400;kg;3.29;9.68;;;02.05.2025;3.29;4770608263263;Proizvodi za kuæanstvo
HRA.ZA MAÈ.WHIS.PUR.DEL.4X85 g;387041;Whiskas;0.3400;kg;2.75;8.09;;;02.05.2025;2.75;5900951319211;Proizvodi za kuæanstvo
HRANA ZA PSE PEDIG.PROT.4X85 g;387042;Pedigree;0.3400;kg;2.99;8.79;;;02.05.2025;2.99;5900951318900;Proizvodi za kuæanstvo
HRA.MAÈ.POES.CLAS.SAUC.12X85 g;387044;;1.0200;kg;5.99;5.87;;;02.05.2025;5.99;4008239589781;Proizvodi za kuæanstvo
HRA.MAÈ.POES.CLAS.GEL.12X85 g;387045;;1.0200;kg;5.99;5.87;;;02.05.2025;5.99;4008239589798;Proizvodi za kuæanstvo
PILING ZORINA MAST A.AG.300 ml;387058;;0.3000;l;15.99;53.30;;;02.05.2025;15.99;3859894008435;Kozmetika
PILING ZORINA MAST NICH.300 ml;387061;ZORINA MAST;0.3000;l;15.99;53.30;;;02.05.2025;15.99;3859894008428;Kozmetika
KREMA ZORINA MAST SPREJ 300 ml;387063;;0.3000;l;13.99;46.63;;;02.05.2025;13.99;3859894008459;Kozmetika
SPREJ ZORINA MAST ANTIO.100 ml;387069;;0.1000;l;16.99;169.90;;;02.05.2025;16.99;3859894008466;Kozmetika
KREMA ZORINA MAST FUNKCI 15 ml;387070;;0.0150;l;16.99;1132.67;;;02.05.2025;16.99;3859894008473;Kozmetika
GEL ZORINA MAST AMINO 120 ml;387071;;0.1200;l;12.99;108.25;;;02.05.2025;12.99;3859894008442;Kozmetika
SERUM ZORINA MAST FILER 20 ml;387073;;0.0200;l;16.99;849.50;;;02.05.2025;16.99;3859894008916;Kozmetika
SERUM ZORINA MAST VLASI 50 ml ;387075;;0.0500;l;13.99;279.80;;;02.05.2025;13.99;3859894008909;Kozmetika
MASLA.ZORINA MAST INTIM.120 ml;387077;;0.1200;l;14.99;124.92;;;02.05.2025;14.99;3859894008893;Toaletne potrep¹tine
TRAJNI KOLAÈ TRECCIA 300 g;387078;;0.3000;kg;3.49;11.63;;;02.05.2025;3.49;8004640077233;Hrana
KOLAÈ CIAMBELLA KAKAO 400 g;387079;;0.4000;kg;3.39;8.48;;;02.05.2025;3.39;8003409002202;Hrana
KREMA COXIR BROWN SPF50 50 ml;387087;COXIR;0.0500;l;21.99;439.80;;;02.05.2025;21.99;8809080826461;Kozmetika
MASKA COXIR ZA ÈI©.PORA 50 ml ;387088;COXIR;0.0500;KOM;21.99;439.80;;;02.05.2025;21.99;8809080824894;Kozmetika
MASKA MIZON HYALUGEN.GEL ;387089;Mizon;1.0000;KOM;6.59;6.59;;;02.05.2025;6.59;8809663755553;Kozmetika
MIST COXIR NIACIN.LICE 80 ml;387090;;0.0800;l;21.99;274.88;;;02.05.2025;21.99;8809080824986;Kozmetika
CAPPU.NESCAFE VANILIJA 3X112 g;387100;Nescafe;0.3360;KG;7.99;23.78;;;02.05.2025;7.99;8445291599581;Piæa
CAPPUCCI.NESCAFE IRISH 3X112 g;387101;Nescafe;0.3360;KG;7.99;23.78;;;02.05.2025;7.99;8445291599710;Piæa
CAPPU.NESCAFE ORIGINAL 3X108 g;387102;Nescafe;0.3240;KG;7.99;24.66;;;02.05.2025;7.99;8445291599550;Piæa
RI®IN SNACK SPAR JOGURT 105 g;387105;SPAR Qualitätsmarke;0.1050;kg;1.69;16.10;;;02.05.2025;1.69;8710671205452;Hrana
Sir Maasdam kolut Royal Orange;387114;;1.0000;kg;;7.99;7.99;8.99;02.05.2025;10.99;8713734055599;Hrana
ZUB.PASTA BLANX WHITE SH.75 ml;387122;Blanx;0.7500;l;3.49;4.65;;;02.05.2025;3.49;8017331096277;Kozmetika
ZUB.P.AQUAFRESH WHITE RE.75 ml;387123;Aquafresh;0.0750;l;3.99;53.20;;;02.05.2025;3.99;5054563234308;Kozmetika
ZUB.P.AQUAFRESH WH.RENEW 75 ml;387124;Aquafresh;0.0750;l;3.99;53.20;;;02.05.2025;3.99;5054563237088;Kozmetika
SLAD.KORN.TIRAMISU LEDO 110 ml;387126;Ledo;0.1100;l;1.79;16.27;;;02.05.2025;1.79;3850116065946;Hrana
ÈAJNI KOLAÈ ROGAÈ 500g;387138;;0.5000;kg;6.99;13.98;;;02.05.2025;6.99;3858884923000;Hrana
KIKIRIKI SUHO PR®ENI SLANI;387139;;0.1300;kg;1.99;15.31;;;02.05.2025;1.99;5997347539995;Hrana
SUNC. SJEMENKE PR®.SLANE 150 g;387142;;0.1500;kg;1.49;9.93;;;02.05.2025;1.49;5997347542711;Hrana
PROTEINI MIX 70 g MOGYI;387143;;0.0700;kg;1.99;28.43;;;02.05.2025;1.99;5997347540052;Hrana
FIT MIX 70 g MOGYI;387145;;0.0700;kg;1.99;28.43;;;02.05.2025;1.99;5997347540281;Hrana
STOLNI ZVIJ.250 g + 50 g grat.;387147;Zvijezda;0.2500;kg;0.99;3.96;;;02.05.2025;0.99;3856015314130;Hrana
SPAR PILETINA TANDOORI 375 g;387150;SPAR Qualitätsmarke;0.3750;kg;;11.97;4.49;5.79;02.05.2025;5.79;9100000949642;Hrana
SP.MASSAMAN THAI CURRY 375 g;387151;SPAR Qualitätsmarke;0.3750;kg;;11.97;4.49;5.79;02.05.2025;5.79;9100000949666;Hrana
SPAR KOK.MANGO CURRY VEG.375g;387152;SPAR Qualitätsmarke;0.3750;kg;;11.97;4.49;5.79;02.05.2025;5.79;9100000978871;Hrana
WHISKY GLENMORANG.LASANTA0,7 L;387158;Glenmorangie;0.7000;L;49.99;71.41;;;02.05.2025;49.99;5010494917840;Piæa
SLAD.VAN.ÈOK.JAG. S-BUDGET 2 L;387163;S-Budget;2.0000;L;3.99;2.00;;;02.05.2025;3.99;9100000068534;Hrana
SLADOL.MOCHI MALINA WAO 210 g;387167;;0.2100;kg;5.99;28.52;;;02.05.2025;5.99;8421826410163;Hrana
KREMA BIOBAZA HIDRATNAT. 500ml;387172;;0.5000;l;6.89;13.78;;;02.05.2025;6.89;3859889915281;Kozmetika
RADLER PAN LIMUN 4X0,5 L;387173;Pan;2.0000;L;5.99;3.00;;;02.05.2025;5.99;3858887585717;Piæa
CHICKEN TABAY 550 g;387179;;0.5500;kg;9.29;16.89;;;02.05.2025;9.29;3859894177209;Hrana
DES.MLIJ.MILK SNA.PAW PAT.28 g;387182;;0.0280;kg;0.49;17.50;;;02.05.2025;0.49;8595588201373;Hrana
CHICKEN WINGS 500 g TABAY;387184;;0.5000;kg;7.99;15.98;;;02.05.2025;6.99;3859894177124;Hrana
RAJÈICA CHERRY 250 g PREMIUM;387187;SPAR Premium;0.2500;kg;2.69;10.76;;;02.05.2025;2.69;3856021228551;Hrana
SLAD.B&J BROOKIES&CREAM 465 ml;387188;Ben & Jerry's;0.4650;L;8.79;18.90;;;02.05.2025;8.79;8711327666481;Hrana
SLAD.B&J BOHE.RASPBERRY 465 ml;387189;Ben & Jerry's;0.4650;L;8.99;19.33;;;02.05.2025;8.99;8711327667020;Hrana
KREMA BIOBAZA NATURAL 250 ml;387190;;0.2500;l;5.99;23.96;;;02.05.2025;5.99;3859889915748;Kozmetika
SLA.JAG&VAN&ÈOK.CAR.D´OR 1,3 L;387194;Carte D'or;1.3000;L;7.99;6.15;;;02.05.2025;7.99;8711327674912;Hrana
SLA.MALIN.SPRITZ C.D´OR 825 ml;387195;Carte D'or;0.8250;L;6.99;8.47;;;02.05.2025;6.99;8711327677494;Hrana
SLA.JAGODA CARTE D´OR 1 L;387196;Carte D'or;1.0000;L;6.99;6.99;;;02.05.2025;6.99;5996037050536;Hrana
©AMP.SCHAUMA STRONG 400 ml;387197;Schauma;0.4000;l;2.99;7.48;;2.79;02.05.2025;2.79;9000101750058;Kozmetika
REG.SCHAUMA STRONG 250 ml;387198;Schauma;0.2500;l;2.99;11.96;;2.79;02.05.2025;2.79;9000101750256;Kozmetika
TRETMAN SCHAUMA STRONG 300 ml;387199;Schauma;0.3000;l;;13.30;3.99;4.49;02.05.2025;4.49;9000101750393;Kozmetika
SL.DUPLA VI©NJA MAGNUM 3x85 ml;387200;Magnum;0.2550;L;7.39;28.98;;;02.05.2025;7.39;8711327663695;Hrana
SL.DUPLI LJE©NJAK MAGNUM 85 ml;387201;Magnum;0.0850;kom;2.79;32.82;;;02.05.2025;2.79;8711327667174;Hrana
SLA.MAGNUM BADEM KORNET 160 ml;387202;Magnum;0.1600;L;2.79;17.44;;;02.05.2025;2.79;8714100659922;Hrana
SLADOLED CUP NUTELLA 230 g;387204;Nutella;0.2300;kg;7.99;34.74;;;02.05.2025;7.99;8000500425183;Hrana
D®E.DIDA BO®A EKS.VI©NJA 690 g;387205;Dida Boza;0.6900;KG;5.69;8.25;;;02.05.2025;5.69;3859894111050;Hrana
SRE.CEKINA VARIKINA LAVAND.1 L;387206;Cekina;1.0000;L;1.89;1.89;;;02.05.2025;1.89;3850111505744;Sredstva za èi¹æenje
ÈAJ DARVITALIS ©IPAK 500 g;387208;Darvitalis;0.5000;KG;5.99;11.98;;;02.05.2025;5.99;3858890834130;Piæa
MUFFIN NUTELLA 264 g;387209;Nutella;0.2640;kg;5.99;22.69;;;02.05.2025;5.99;8000500431269;Hrana
SLADOLED TWISTER GREEN 80 ml;387210;Algida;0.0800;L;1.49;18.63;;;02.05.2025;1.49;8711327575646;Hrana
KRUH OD PIROVOG BRA©NA 375 g;387212;;0.3750;kg;3.79;10.11;;;02.05.2025;3.79;9005300803529;Hrana
SLAD.KINDER BUENO KORNET 62 g;387213;Kinder;0.0620;kg;2.99;48.23;;;02.05.2025;2.99;8000500385081;Hrana
SLAD.KIND.BUE.WHITE KORN.62 g;387214;Kinder;0.0620;kg;2.99;48.23;;;02.05.2025;2.99;8000500385098;Hrana
SLADOLED KINDER ©TAPIÆ 38 g;387215;Kinder;0.0380;kg;1.99;52.37;;;02.05.2025;1.99;8000500407219;Hrana
SLAD.KIND.BUE.WHITE KORN.248 g;387216;Kinder;0.2480;kg;;24.15;5.99;7.99;02.05.2025;7.99;8000500384718;Hrana
SLAD.KINDER ©TAPIÆ MULIT.152 g;387217;Kinder;0.1520;kg;;29.54;4.49;5.99;02.05.2025;5.99;8000500406427;Hrana
GEL EQUILIBRA DERMO 150 ml;387218;;0.1500;L;8.69;57.93;;;02.05.2025;8.69;8000137016174;Kozmetika
GEL EQUILIBRA ALOE 150 ml;387219;;0.1500;L;8.69;57.93;;;02.05.2025;8.69;8000137010226;Kozmetika
KREMA EQUILIBRA ZA TJEL.150 ml;387221;;0.1500;L;9.99;66.60;;;02.05.2025;9.99;8000137014668;Kozmetika
ULJE EQULIBRIA  ANTICEL.150 ml;387223;;0.1500;l;13.59;90.60;;;02.05.2025;13.59;8000137018499;Kozmetika
TEQUILA KARAMBA GOLD 0,7 L;387226;;0.7000;L;18.99;27.13;;;02.05.2025;18.99;4076700124199;Piæa
TEQUILA KARAMBA SILVER 0,7 L;387228;;0.7000;L;18.99;27.13;;;02.05.2025;18.99;4076700124182;Piæa
KAP.PERSIL UNIVERSAL 68/1;387229;Persil;68.0000;kom;24.99;0.37;;;02.05.2025;19.99;9000101826715;Sredstva za èi¹æenje
DET.PERSIL COLOR 4,5 L;387231;Persil;4.5000;l;24.99;5.55;;;02.05.2025;24.99;9000101567335;Sredstva za èi¹æenje
VINO PLAVAC VISLANDER 0,75 ;387233;;0.7500;L;12.99;17.32;;;02.05.2025;12.99;3859893589584;Piæa
VINO VUGAVA VISLANDER 0,75 L;387237;;0.7500;L;11.49;15.32;;;02.05.2025;11.49;3859893589669;Piæa
SPREJ TAFT ALOE BOOST 150 ml;387241;Taft;0.1500;l;5.39;35.93;;;02.05.2025;5.39;9000101744408;Kozmetika
KREMA TAFT ALOE BOOST 100 ml;387242;Taft;0.1000;l;5.39;53.90;;;02.05.2025;5.39;9000101744286;Kozmetika
VINO PU©IPEL ST.JEROME 0,75 L;387243;;0.7500;L;12.49;16.65;;;02.05.2025;12.49;3858893390619;Piæa
VINO RAJ.RIZL.ST.JEROME 0,75 L;387244;;0.7500;L;11.49;15.32;;;02.05.2025;11.49;3858893390657;Piæa
VINO MU©KAT ®UTI ST.JER. 0,75L;387245;;0.7500;L;11.99;15.99;;;02.05.2025;11.99;3858893390671;Piæa
VINO SAUVIGNON ST.JEROM.0,75 L;387246;;0.7500;L;13.99;18.65;;;02.05.2025;13.99;3858893390626;Piæa
KOLAÈ BEÆAR OBLATNE 350 g;387248;;0.3500;kg;4.49;12.83;;;02.05.2025;4.49;3859892892715;Hrana
BOJA PALETTE DELUXE 4-6;387262;Palette;1.0000;kom;;4.99;4.99;5.99;02.05.2025;5.99;9000101736748;Kozmetika
LAK SYOSS STRONG 300 ml;387264;Syoss;0.3000;l;;15.30;4.59;4.95;02.05.2025;4.95;9000100590068;Kozmetika
BOJA ZA KOSU SYOSS 10-53;387265;Syoss;1.0000;kom;6.19;6.19;;;02.05.2025;5.59;9000101742275;Kozmetika
BOJA ZA KOSU SYOSS 5-29;387266;Syoss;1.0000;kom;6.19;6.19;;;02.05.2025;5.59;9000101739251;Kozmetika
BOJA PALETTE DELUXE 909;387267;Palette;1.0000;kom;;4.99;4.99;5.99;02.05.2025;5.99;3838824177090;Kozmetika
LIKER JAGER ORANGE 0,7 L;387280;;0.7000;L;16.99;24.27;;;02.05.2025;16.52;4067700033543;Piæa
SPIRALA VAPE PRO.KOMARACA 10/1;387304;VAPE;10.0000;KOM;1.99;0.20;;;02.05.2025;1.99;8006320037056;Proizvodi za kuæanstvo
TUNA SAL.RIO MARE KUKU.3X160 g;387313;Rio Mare;0.4800;kg;12.69;26.44;;;02.05.2025;12.69;8004030346413;Hrana
GAZ.PIÆE MIRINDA ZERO 1,5 L;387323;Mirinda;1.5000;L;1.49;0.99;;1.39;02.05.2025;1.79;3830065023822;Piæa
CAPPUC.FRANCK VANILIJA 3X148 g;387326;Franck;0.4440;KG;8.99;20.25;;;02.05.2025;8.99;3850291053523;Piæa
CAPPUC.FRANCK ÈOKOLADA 3X144 g;387327;Franck;0.4320;KG;8.99;20.81;;;02.05.2025;8.99;3850291055671;Piæa
NEKTAR VINDI ANANAS 1 L;387336;Vindija;1.0000;L;2.09;2.09;;;02.05.2025;2.09;3850108078688;Piæa
KREMA MEN UNIVEZALNA 125 ml;387348;Afrodita;0.1250;kom;4.85;38.80;;;02.05.2025;4.85;3831070657637;Kozmetika
TABLETE GOOD KNIGHT 30/1;387353;;30.0000;KOM;1.79;0.06;;;02.05.2025;1.79;8901157105056;Proizvodi za kuæanstvo
SPIRALA PROTIV KOMARACA 10/1;387356;;10.0000;KOM;1.15;0.12;;;02.05.2025;1.15;8901157004281;Proizvodi za kuæanstvo
TEK.DET.ARIEL 3,87 L;387360;Ariel;1.0000;kom;29.99;29.99;;;02.05.2025;29.99;8700216691796;Sredstva za èi¹æenje
KAPSULE ARIEL COLOR 60/1;387362;Ariel;1.0000;kom;20.99;20.99;;;02.05.2025;20.99;8700216765183;Sredstva za èi¹æenje
KRE. BECUTAN SUN SPF50  75 ml;387364;Becutan;0.0750;l;11.99;159.87;;;02.05.2025;11.99;5310001205522;Kozmetika
LOS.BECUTAN SPF20 150 ml;387365;Becutan;0.1500;L;13.49;89.93;;;02.05.2025;13.49;5310001252809;Kozmetika
PROTEIN WHEY SWISS CHOC.30,4 g;387366;;0.0304;kg;1.99;65.46;;;02.05.2025;1.99;3858892293270;Hrana
PROTEIN WHEY VANIL.MADA.30,4 g;387368;;0.0304;kg;1.99;65.46;;;02.05.2025;1.99;3858892293287;Hrana
PROTEIN WHEY COOK.&CREAM 454 g;387372;;0.4540;kg;21.99;48.44;;;02.05.2025;21.99;3858892293324;Hrana
PROTEIN WHEY SWISS CHOC.454 g;387373;;0.4540;kg;21.99;48.44;;;02.05.2025;21.99;3858892293300;Hrana
PROTEIN WHEY VANIL.MADAG.454 g;387374;;0.4540;kg;21.99;48.44;;;02.05.2025;21.99;3858892293317;Hrana
IZOTONIC REFR.LEM.LIME 500 g;387377;;0.5000;kg;11.99;23.98;;;02.05.2025;11.99;3858892293799;Hrana
PROT.BROWNIE DOUBLE CHOCO.75 g;387378;;0.0750;kg;2.49;33.20;;;02.05.2025;2.49;3856026803647;Hrana
PROT.BROWNIE WHITE CHOCO.75 g;387379;;0.0750;kg;2.49;33.20;;;02.05.2025;2.49;3856026803654;Hrana
PROT.PLOÈ.LJE©.BIJELA.ÈOK.40 g;387380;;0.0400;kg;2.49;62.25;;;02.05.2025;2.49;3856026808451;Hrana
PROT.PLOÈ.LJE©.MLIJ.ÈOK.40 g;387381;;0.0400;kg;2.49;62.25;;;02.05.2025;2.49;3856026808482;Hrana
MLI.BECUTAN SPF50 270 ml;387383;Becutan;0.2700;L;27.99;103.67;;;02.05.2025;27.99;5310001280949;Kozmetika
AROMA PINCA AROMAR 15 ml;387385;Aromar;0.0150;l;1.59;106.00;;;02.05.2025;1.59;3859888333505;Hrana
KREATIN ME FIRST MONO.250 g;387386;;0.2500;kg;27.99;111.96;;;02.05.2025;27.99;3856026808819;Hrana
KREATIN ME FIRST ELITE 250 g;387387;;0.2500;kg;27.99;111.96;;;02.05.2025;27.99;3858892293485;Hrana
UMAK MAGGI TIKKA MASSALA 340 g;387388;Maggi;0.3400;kg;4.99;14.68;;;02.05.2025;4.99;8445291507845;Hrana
PROT.PLOÈ.CHOCO BROWNIE 60 g;387389;;0.0600;kg;1.99;33.17;;;02.05.2025;1.99;3858892292266;Hrana
PROT.PLOÈ.CHOCO JAFFA 60 g;387390;;0.0600;kg;1.99;33.17;;;02.05.2025;1.99;3858892292273;Hrana
PROT.PLOÈ.COOKIES&CREAM 60 g;387391;;0.0600;kg;1.99;33.17;;;02.05.2025;1.99;3858892292358;Hrana
UMAK MAGGI SLATKO KISELI 355 g;387392;Maggi;0.3400;kg;4.99;14.68;;;02.05.2025;4.99;8445291506688;Hrana
ZOBENA PLOÈ.POLLEO BANANA 80 g;387393;;0.0800;kg;1.99;24.88;;;02.05.2025;1.99;3856026809632;Hrana
UMAK MAGGI CHILL.CHOW.355g;387395;Maggi;0.3550;kg;4.99;14.06;;;02.05.2025;4.99;8445291538672;Hrana
NOODLE MAGGI PR®.PILETINA 121g;387398;Maggi;0.1210;kg;3.19;26.36;;;02.05.2025;3.19;8585002442734;Hrana
KIKIR.MASLAC POLLEO CRUN.450 g;387400;;0.4500;kg;5.49;12.20;;;02.05.2025;5.49;3858892290026;Hrana
KIKIR.MASL.POLLEO SMOOTH 450 g;387402;;0.4500;kg;5.49;12.20;;;02.05.2025;5.49;3858892290002;Hrana
NOODLE MAGGI PR®.TERIYAKI 130g;387403;Maggi;0.1300;kg;3.19;24.54;;;02.05.2025;3.19;8585002443304;Hrana
KIKIR.MASL.POLLEO SMOOTH 1 kg;387404;;1.0000;kg;11.49;11.49;;;02.05.2025;11.49;3858892299623;Hrana
NOODLE MAGGI PR®.PATKA 119g;387405;Maggi;0.1190;kg;3.19;26.81;;;02.05.2025;3.19;8585002442710;Hrana
®IT.NESTLE LOPTICE MINIS 300g;387407;;0.3000;kg;4.59;15.30;;;02.05.2025;4.59;5900020044877;Hrana
KIKIR.MASL.POLLEO CRUNCHY 1 kg;387408;;1.0000;kg;11.49;11.49;;;02.05.2025;11.49;3858892299630;Hrana
PROT.NAM.POLLEO LJE©.KAK.200 g;387410;;0.2000;kg;5.99;29.95;;;02.05.2025;5.99;3859893008801;Hrana
PROT.NAM.POLLEO LJE©.VAN.200 g;387412;;0.2000;kg;5.99;29.95;;;02.05.2025;5.99;3858892290071;Hrana
®IT.NESTLE LION MINIS 300g;387414;Maggi;0.3000;kg;4.59;15.30;;;02.05.2025;4.59;5900020044891;Hrana
PILEÆA PRSA JELI 800 g;387415;Jeli;0.8000;kg;6.99;8.74;;6.99;02.05.2025;6.99;3858892724354;Hrana
IZOTON.PIÆE POLLEO BCAA 0,75 L;387422;;0.7500;L;1.99;2.65;;;02.05.2025;1.99;3856026806778;Piæa
IZOT.PIÆE POLLEO MALINA 0,75 L;387423;;0.7500;L;1.79;2.39;;;02.05.2025;1.79;3856026808611;Piæa
PROT.PLOÈ.50% CHOCO CRISP 50 g;387424;;0.0500;kg;1.99;39.80;;;02.05.2025;1.99;3858892290095;Hrana
IZOTO.PIÆE POLLEO LIMUN 0,75 L;387425;;0.7500;L;1.79;2.39;;;02.05.2025;1.79;3856026802213;Piæa
PROT.PLOÈ.50% CHOCO BAN.50 g;387426;;0.0500;kg;1.99;39.80;;;02.05.2025;1.99;3858892299340;Hrana
IZOT.PIÆE POLLEO NARANÈ.0,75 L;387427;;0.7500;L;1.99;2.65;;;02.05.2025;1.99;3856026806785;Piæa
PROT.PLOÈICA 31% BANANA 35 g;387431;;0.0350;kg;1.49;42.57;;;02.05.2025;1.49;3858892292228;Hrana
PROT.PLOÈICA 31% CHOCOL.35 g;387432;;0.0350;kg;1.49;42.57;;;02.05.2025;1.49;3859893008443;Hrana
PROT.PLOÈICA 31% COCONUT 35 g;387433;;0.0350;kg;1.49;42.57;;;02.05.2025;1.49;3858892292242;Hrana
PROT.PLOÈICA 60% XTREME 75 g;387434;;0.0750;kg;2.99;39.87;;;02.05.2025;2.99;3859893008764;Hrana
GAZ.PIÆE JAMNICA NARANÈ.0,33 L;387435;Jamnica;0.3300;L;1.29;3.91;;;02.05.2025;1.29;3856028506096;Piæa
GAZ.PIÆE JAMNICA LIMUNA.0,33 L;387436;Jamnica;0.3300;L;1.29;3.91;;;02.05.2025;1.29;3856028506065;Piæa
GAZ.PIÆE JAMNICA LIMUNAD.0,5 L;387437;Jamnica;0.5000;L;1.35;2.70;;;02.05.2025;1.35;3856028502135;Piæa
GAZ.PIÆE JAMNI.NARANÈADA 0,5 L;387439;Jamnica;0.5000;L;1.35;2.70;;;02.05.2025;1.35;3856028502166;Piæa
CID.SOMER.BAZGA 0,0% 0,33 L ;387440;Somersby;0.3300;L;1.45;4.39;;;02.05.2025;1.45;3858887585861;Piæa
CID.SOME.BAZGA LIM.0,0% 0,33 L;387441;Somersby;0.3300;L;1.32;4.00;;;02.05.2025;1.32;8600331002838;Piæa
CID.SOMERSBY MALINA LIM.0,33 L;387442;Somersby;0.3300;L;1.68;5.09;;;02.05.2025;1.58;3858887585632;Piæa
CID.SOMERSBY MALINA LIME.0,5 L;387443;Somersby;0.5000;L;1.78;3.56;;;02.05.2025;1.78;3858887585618;Piæa
PLOÈ.VEG.BAS.COOKIE CHOC.75 g;387444;;0.0750;kg;2.49;33.20;;;02.05.2025;2.49;3856026804378;Hrana
PLOÈ.VEG.BAS.COOK.DOU.CHO.75 g;387445;;0.0750;kg;2.49;33.20;;;02.05.2025;2.49;3856026803661;Hrana
PROT.PLOÈICA WOPPERS 25 g;387446;;0.0250;kg;1.29;51.60;;;02.05.2025;1.29;3858892292730;Hrana
PROT.ZOB.PAHULJ.CHO.COCON.60 g;387447;;0.0600;kg;1.49;24.83;;;02.05.2025;1.50;3856026808321;Hrana
PROT.ZOB.PAHULJ.CHO.HAZEL.60 g;387448;;0.0600;kg;1.49;24.83;;;02.05.2025;1.50;3856026808291;Hrana
PROT.ZOB.PAHULJ.APPLE PIE 60 g;387449;;0.0600;kg;1.49;24.83;;;02.05.2025;1.50;3856026808352;Hrana
PROTEIN.PALAÈINKE POLLEO 500 g;387451;;0.5000;kg;11.99;23.98;;;02.05.2025;11.99;3856026807713;Hrana
VODA MIVELA BLAGO GAZIRANA 1 L;387452;Mivela;1.0000;L;1.69;1.69;;;02.05.2025;1.69;8600599002908;Piæa
VODA MIVELA GAZIRANO 1 L;387453;Mivela;1.0000;L;1.69;1.69;;;02.05.2025;1.69;8600599002878;Piæa
VODA MIVELA BLAGO GAZIRA.1,5 L;387454;Mivela;1.5000;L;1.99;1.33;;;02.05.2025;1.99;8600599002960;Piæa
ENERGY GEL POLLEO LEMON 40 g;387455;;0.0400;kg;1.99;49.75;;;02.05.2025;1.99;3859893008795;Hrana
VODA MIVELA GAZIRANA 1,5 L;387456;Mivela;1.5000;L;1.99;1.33;;;02.05.2025;1.99;8600599002939;Piæa
ENERGY GEL POLLEO BOOST 40 g;387457;;0.0400;kg;2.49;62.25;;;02.05.2025;2.49;3859893008788;Hrana
PROT.ZOE PEACH ICED TEA 454 g;387458;;0.4540;kg;34.99;77.07;;;02.05.2025;34.99;3856026708232;Hrana
PROT.ZOE PINA COLADA 454 g;387459;;0.4540;kg;34.99;77.07;;;02.05.2025;34.99;3856026708256;Hrana
PROT.ZOE VANILLA MADAGAS.454 g;387460;;0.4540;kg;21.99;48.44;;;02.05.2025;21.99;3856026709765;Hrana
PROT.ZOE WHEY VANIL.MAC.454 g;387461;;0.4540;kg;24.99;55.04;;;02.05.2025;24.99;3856026707280;Hrana
PROT.ZOE WHEY BELG.CHOCO 454 g;387462;;0.4540;kg;24.99;55.04;;;02.05.2025;24.99;3856026707228;Hrana
PROT.ZOE WHEY MOZ.KUGELN 454 g;387463;;0.4540;kg;24.99;55.04;;;02.05.2025;24.99;3856026708218;Hrana
PROT.ZOE HYDROW.PINACOL.25 g;387464;;0.0250;kg;2.49;99.60;;;02.05.2025;2.49;3856026710341;Hrana
PROT.PLOÈ.ZOE SACHER 50 g;387467;;0.0500;kg;2.99;59.80;;;02.05.2025;2.99;3856026709710;Hrana
PROT.PLOÈ.ZOE WHITE CHOCO 50 g;387468;;0.0500;kg;2.99;59.80;;;02.05.2025;2.99;3856026709680;Hrana
KIKIR.MASLAC ZOE CHOCO 250 g;387469;;0.2500;kg;4.99;19.96;;;02.05.2025;4.99;3856026707204;Hrana
PROTEIN.NAMAZ ZOE TWIST 200 g;387470;;0.2000;kg;5.99;29.95;;;02.05.2025;5.99;3856026711478;Hrana
PROTEIN.NAMAZ ZOE PISTAC.200 g;387471;;0.2000;kg;5.99;29.95;;;02.05.2025;5.99;3856026713335;Hrana
ZOE BOSS REDS 250 g;387485;;0.2500;kg;34.99;139.96;;;02.05.2025;34.99;3856026710303;Hrana
ZOE BOSS GREENS LEMON 250 g;387486;;0.2500;kg;34.99;139.96;;;02.05.2025;34.99;3856026709840;Hrana
ZOE BEAUTY GLOW COLLAGEN 250 g;387487;;0.2500;kg;39.99;159.96;;;02.05.2025;39.99;3856026711157;Hrana
ZOE MEAL REPLACEMENT NOCC.1 Kg;387488;;1.0000;kg;34.99;34.99;;;02.05.2025;34.99;3856026710778;Hrana
ZOE LIQUID MAR.COLLAGEN 500 ml;387489;;0.5000;L;29.99;59.98;;;02.05.2025;29.99;3856026711003;Hrana
KOLAÈ MAÐARICA S PISTACI.510 g;387490;;0.5100;kg;6.99;13.71;;;02.05.2025;6.99;3858889619489;Hrana
SD SPU®.SCRUB MOMMY,CVIJET;387491;;1.0000;kom;3.99;3.99;;;02.05.2025;3.39;5060481025126;Proizvodi za kuæanstvo
KOLAÈ MEDENKA 350 g;387492;;0.3500;kg;5.99;17.11;;;02.05.2025;5.99;3858889619502;Hrana
SD SPU®.SCRUB MOMMY,CVIJET;387494;;1.0000;kom;3.99;3.99;;;02.05.2025;3.39;5060481025133;Proizvodi za kuæanstvo
KAPSUL.HAUSBRANDT SUBLIME 50 g;387497;Hausbrandt;0.0500;KG;4.49;89.80;;;02.05.2025;4.49;8006980370357;Piæa
KOLAÈ ÈOKO.LEDENE KOCKE 330 g;387499;;0.3300;kg;5.99;18.15;;;02.05.2025;5.99;3858889619526;Hrana
KAVA ZRNO HAUSB.ORO CASA 500 g;387501;Hausbrandt;0.5000;KG;15.49;30.98;;;02.05.2025;15.49;8006980153158;Piæa
SD SPU®VICA SCRUB MOMMY,PILE;387502;;1.0000;kom;3.99;3.99;;;02.05.2025;3.39;5060481023931;Proizvodi za kuæanstvo
SD SPU®VICA SCRUB MOMMY,ZEKO;387504;;1.0000;kom;3.99;3.99;;;02.05.2025;3.39;5060481023955;Proizvodi za kuæanstvo
SD SPU®VICA SCRUB MOMMY,LEPTIR;387505;;1.0000;kom;3.99;3.99;;;02.05.2025;3.39;5060481023924;Proizvodi za kuæanstvo
KAPS.HAUSBRANDT COLOMBIA 50 g;387506;Hausbrandt;0.0500;KG;4.99;99.80;;;02.05.2025;4.99;8006980152328;Piæa
KAPSULE HAUSBRANT UNICO 55 g;387513;Hausbrandt;0.0550;KG;4.99;90.73;;;02.05.2025;4.99;8006980152335;Piæa
LED.ÈAJ SPAR LIMUN LIMET.50 g ;387520;SPAR;0.0500;KG;;39.80;1.99;2.49;02.05.2025;2.49;9100000032863;Piæa
LEDENI ÈAJ SPAR BRESKVA 50 g;387524;SPAR;0.0500;KG;;39.80;1.99;2.49;02.05.2025;2.49;9100000032887;Piæa
LEDENI ÈAJ SPAR LIMUN 50 g;387527;SPAR;0.0500;KG;;39.80;1.99;2.49;02.05.2025;2.49;9100000032900;Piæa
LED.ÈAJ SPAR ©UMSKO VOÆE 50 g;387532;SPAR;0.0500;KG;;39.80;1.99;2.49;02.05.2025;2.49;9100000032924;Piæa
MUFFIN PROT.SI BELG.BISC.50 g;387556;PROTEINI SI;0.0500;kg;1.99;39.80;;;02.05.2025;1.99;3830084725431;Hrana
MUFFIN PROT.SI DOUB.CHOCO 50 g;387557;PROTEINI SI;0.0500;kg;1.99;39.80;;;02.05.2025;1.99;3830084725417;Hrana
PILEÆI MAR. ODR. ZABATKA 400 g;387558;;0.4000;kg;;11.98;4.79;4.89;02.05.2025;5.97;3850220427968;Hrana
©unka kuhana Gavriloviæ;387559;Gavrilovic;1.0000;kg;9.99;9.99;;9.99;02.05.2025;14.49;3858892727881;Hrana
©PEK KARE DOBRO 90 g NAREZAK;387560;Dobro;0.0900;kg;2.89;32.11;;;02.05.2025;2.89;3850133816606;Hrana
KEKSI NUTELLA 193 g;387562;;0.1930;kg;3.49;18.08;;;02.05.2025;3.49;8000500390306;Hrana
BOMBONI TIC TAC BRES.MEN. 54 g;387563;;0.0540;kg;2.09;38.70;;;02.05.2025;2.09;8000500444634;Hrana
INS.KAVA TCHIBO GOLD CRE.180 g;387564;Tchibo;0.1800;KG;12.99;72.17;;;02.05.2025;12.99;4046234767759;Piæa
INSTANT KAVA TCHIBO GOLD 200 g;387565;Tchibo;0.2000;KG;12.99;64.95;;;02.05.2025;12.99;4046234767650;Piæa
INSTANT KAVA TCHIBO GOLD 100 g;387566;Tchibo;0.1000;KG;7.99;79.90;;;02.05.2025;7.99;4046234767599;Piæa
KAVA DAVIDOFF ESPRESSO 250 g;387567;Davidoff;0.2500;KG;11.99;47.96;;;02.05.2025;11.99;4006067087059;Piæa
KAVA DAVIDOFF FINE 250 g;387568;Davidoff;0.2500;KG;11.99;47.96;;;02.05.2025;11.99;4006067084102;Piæa
KAVA DAVIDOFF RICH 250 g;387569;Davidoff;0.2500;KG;11.99;47.96;;;02.05.2025;11.99;4006067046810;Piæa
KAPSULE DAVIDOFF FINE 55 g;387570;Davidoff;0.0550;KG;6.99;127.09;;;02.05.2025;6.99;4061445226703;Piæa
KAPSULE DAVIDOFF ESPRESSO 55 g;387571;Davidoff;0.0550;KG;6.99;127.09;;;02.05.2025;6.99;4061445226666;Piæa
KAPSULE DAVIDOFF RICH 55 g;387572;Davidoff;0.0550;KG;6.99;127.09;;;02.05.2025;6.99;4061445226680;Piæa
KEKSI JIMMY KAKAO VANIL.135 g;387573;;0.1350;kg;2.49;18.44;;;02.05.2025;2.49;8600939843635;Hrana
KEKSI JIMMY KAKAO NARAN. 135 g;387574;;0.1350;kg;2.49;18.44;;;02.05.2025;2.49;8600939843628;Hrana
JOGURT B AKTIV KIDS LGG 125 g;387575;Dukat;0.1250;kg;0.69;5.52;;;02.05.2025;0.69;3850354018940;Hrana
MLIJ.NAMAZ DUKAT JUNIOR 70 g;387580;Dukat;0.0700;kg;;9.86;0.69;0.99;02.05.2025;0.99;3850354019183;Hrana
NAMAZ SA IRSKIM MASLACEM 140 g;387586;;0.1400;kg;1.89;13.50;;;02.05.2025;1.89;5999073304359;Hrana
PILEÆI ODRESCI GAVELINO 400g;387591;;0.4000;kg;6.29;15.73;;;02.05.2025;6.29;3850159112874;Hrana
JUHA OD LEÆE B.S.620 g;387604;;0.6200;kg;3.49;5.63;;;02.05.2025;3.49;8055118488389;Hrana
JUHA OD PIRA B.S.620 g;387605;;0.6200;kg;3.49;5.63;;;02.05.2025;3.49;8055118488334;Hrana
SUPER KEFIR LIMUN ÐUMBIR 330 g;387611;Vindija;0.3300;kg;1.19;3.61;;1.09;02.05.2025;1.49;3850108036978;Hrana
SUPER KEFIR VI©NJA 330 g;387612;Vindija;0.3300;kg;1.19;3.61;;1.09;02.05.2025;1.49;3850108036992;Hrana
SUPER KEFIR PISTACIJA 330 g;387613;Vindija;0.3300;kg;1.19;3.61;;1.09;02.05.2025;1.49;3850108036985;Hrana
MLIJE.UHT 1,5% BEZ LAKTOZE 1 L;387614;;1.0000;L;1.99;1.99;;;02.05.2025;1.99;3850108023596;Hrana
KIWI CRVENI 290 g;387618;;0.2900;kg;1.89;6.52;;;02.05.2025;1.89;8052478926681;Hrana
RADLER KARLOVAÈKO GREJP 0,5 L;387626;Karlovacko;0.5000;L;1.25;2.50;;;02.05.2025;1.25;3850103902858;Piæa
RADLER KARLOVA.GREJP LIM.0,5 L;387628;Karlovacko;0.5000;L;1.56;3.12;;;02.05.2025;1.56;3850103902872;Piæa
HRENOVKA JUNEÆA HISTRIS 180 g;387636;Histris;0.1800;kg;3.99;22.17;;;02.05.2025;3.99;3858895020255;Hrana
DES.PROT.MOUSS.VAN.ZOTT 200 g ;387637;Zott;0.2000;kg;1.69;8.45;;;02.05.2025;1.69;4014500520872;Hrana
PROT.DRIN.COOK.CR.ZOTT 250 ml ;387638;Zott;0.2500;L;1.39;5.56;;;02.05.2025;1.39;4014500520780;Hrana
INST.KAVA NESCAF.CREMA 2X190 g;387640;Nescafe;0.3800;KG;16.99;44.71;;;02.05.2025;16.99;8445291906181;Piæa
PRO.DRINK HUNG.JAG.ZOTT 500 ml;387641;Zott;0.5000;L;4.59;9.18;;;02.05.2025;4.59;4014500521121;Hrana
PRO.DRINK HUNG.VAN.ZOTT 500 ml;387642;Zott;0.5000;L;4.59;9.18;;;02.05.2025;4.59;4014500521114;Hrana
PRO.DRINK HUNG.ÈOK.ZOTT 500 ml;387643;Zott;0.5000;L;4.59;9.18;;;02.05.2025;4.59;4014500521107;Hrana
INS.KAVA JACOBS MONARC.2X200 g;387656;Jacobs;0.4000;KG;19.99;49.98;;;02.05.2025;19.99;3858893908838;Piæa
NAM.PROACTIV ORIGINAL 225 g;387657;;0.2250;kg;2.99;13.29;;;02.05.2025;2.99;8719200254244;Hrana
NAM.PROACTIV ORIGINAL 400 g;387658;;0.4000;kg;3.99;9.98;;;02.05.2025;3.99;8719200260221;Hrana
GEL TU©.ZIAJA FIG. 500 ml;387659;Ziaja;0.5000;L;2.39;4.78;;;02.05.2025;2.39;5901887050308;Kozmetika
GEL TU©.ZIAJA FRESH TEA 500 ml;387660;Ziaja;0.5000;L;2.39;4.78;;;02.05.2025;2.39;5901887050285;Kozmetika
GEL TU©.ZIAJA REDCURRA. 500 ml;387661;Ziaja;0.5000;L;2.39;4.78;;;02.05.2025;2.39;5901887050278;Kozmetika
PILING ZIAJA MARSHMALLO.300 ml;387662;Ziaja;0.3000;l;5.99;19.97;;;02.05.2025;5.99;5901887053958;Kozmetika
PILING ZIAJA LEMON CAK.300 ml;387663;Ziaja;0.3000;l;5.99;19.97;;;02.05.2025;5.99;5901887045632;Kozmetika
MLIJEKO SUN KISS LF50 200 ml;387665;Sun Kiss;0.2000;L;6.99;34.95;;;02.05.2025;6.99;9100000053240;Kozmetika
Sir istar.tvrdi kravlji Latus;387669;;1.0000;kg;18.99;18.99;;;02.05.2025;18.99;3859891519002;Hrana
KUPKA MELEM KIDS KIKI 300 ml;387670;Melem;1.0000;kom;6.85;6.85;;;02.05.2025;6.85;3856007912719;Kozmetika
ULJE ZA USNE MELEM 10 ml;387672;Melem;1.0000;kom;5.25;5.25;;;02.05.2025;5.25;3856007912733;Kozmetika
ULJE ZA USNE MELEM 10 ml;387673;Melem;10.0000;ml;5.25;0.53;;;02.05.2025;5.25;3856007912689;Kozmetika
POK.PAK.MELEM MAGENTA  KIKI ;387674;Melem;1.0000;kom;8.99;8.99;;;02.05.2025;8.99;3856007912801;Kozmetika
POK.PAK.MELEM KIKI NARANÈ. ;387676;Melem;1.0000;kom;8.99;8.99;;;02.05.2025;8.99;3856007912818;Kozmetika
BALZAM ZA USNE MELEM KIKI 4,5g;387679;Melem;4.5000;g;3.90;0.87;;;02.05.2025;3.90;3856007912726;Kozmetika
KREKERI SALTAS SLANI 100 g;387680;Koestlin;0.1000;kg;0.95;9.50;;;02.05.2025;0.69;3856014107542;Hrana
KREKERI SALTAS SLANINA 100 g;387681;Koestlin;0.1000;kg;0.95;9.50;;;02.05.2025;0.69;3856014107573;Hrana
SLA.SL.KARAM.SPAR PREM.480 ml;387684;SPAR PREMIUM;0.4150;kg;5.99;14.43;;;02.05.2025;5.99;9100000021607;Hrana
TJESTEN.ALLA TRAPANESE 280 g;387690;;0.2800;kg;3.99;14.25;;;02.05.2025;3.99;8055118486545;Hrana
TJESTEN.S RAJÈ.I BOSILJK.280 g;387691;;0.2800;kg;3.99;14.25;;;02.05.2025;3.99;8055118486514;Hrana
SIR ISTARSKI LATUS 300 g;387692;;0.3000;kg;5.99;19.97;;;02.05.2025;5.99;3859891519989;Hrana
JOG.BIO-LASSI MANGO NP 230 ml;387693;Natur pur;0.2300;L;0.79;3.43;;0.74;02.05.2025;0.99;9100000068206;Hrana
DEO ROLL ON KIKI 30 ml;387694;Melem;0.0300;l;2.49;83.00;;;02.05.2025;2.49;3856007912672;Kozmetika
DEO ROLL ON KIKI 30 ml;387695;Melem;0.0300;l;2.49;83.00;;;02.05.2025;2.49;3856007912665;Kozmetika
SLAD.SENDV.SILK MILK LEDO 87 g;387697;Ledo;0.0870;kg;1.99;22.87;;;02.05.2025;1.99;3850116065915;Hrana
PILEÆI FILE BAT. ZAB. MARINIR.;387698;;1.0000;kg;7.99;7.99;;;02.05.2025;7.99;3850159112942;Hrana
SLAD.BUBBLE GUM SPAR 4x80 ml;387699;SPAR;0.3200;L;2.99;9.34;;;02.05.2025;2.99;9100000035802;Hrana
PILEÆI FILE BATKA ZAB. S KO®OM;387702;S-BUDGET;1.0000;kg;5.99;5.99;;;02.05.2025;4.29;3856021229435;Hrana
WAFEL SPAR FREE FROM 100 g;387703;SPAR free from;0.1000;kg;2.29;22.90;;;02.05.2025;2.29;9100000060668;Hrana
TOAST FREE FROM  400 g;387706;SPAR free from;0.4000;kg;2.99;7.48;;;02.05.2025;2.99;9100000023700;Hrana
KOLAÈ MAÐARICA LINO LADA 420 g;387709;;0.4200;kg;5.99;14.26;;;02.05.2025;5.49;3858889619588;Hrana
LINO LADA CAKE POPS DOL. 230g;387742;;0.2300;kg;2.99;13.00;;;02.05.2025;3.99;3856020277345;Hrana
LINO LADA TORTA DOLCELA 230g;387744;;0.3200;kg;2.99;9.34;;;02.05.2025;3.99;3856020277314;Hrana
SRE.SPLENDID ULTRAPOWER 750 ml;387748;Splendid;0.7500;L;1.79;2.39;;;02.05.2025;1.79;3856021227097;Sredstva za èi¹æenje
KOB.S CRV.PAPR. MEDVEN 300 g;387750;Medven;0.3000;kg;4.49;14.97;;;02.05.2025;4.49;3859894129581;Hrana
KOB. KRA©IÆKA MEDVEN 300 g ;387751;Medven;0.3000;kg;3.69;12.30;;;02.05.2025;3.69;3859893544699;Hrana
SRE.DOMESTOS ORGINAL 750 ml;387756;Domestos;0.7500;L;2.95;3.93;;;02.05.2025;2.95;8720181621475;Sredstva za èi¹æenje
KOB.KRANJ.SA SIROM PIVAC 320 g;387757;Pivac;0.3200;kg;2.89;9.03;;;02.05.2025;2.89;3859892881429;Hrana
SRE.DOMESTOS ARCT.FRESH 435 ml;387758;Domestos;0.4350;L;;6.18;2.69;4.49;02.05.2025;4.49;8720182796400;Sredstva za èi¹æenje
SRE.DOMESTOS FLORA.FRES.435 ml;387759;Domestos;0.4350;L;;6.18;2.69;4.49;02.05.2025;4.49;8720182796424;Sredstva za èi¹æenje
OME.COCCOLINO HAPP.YELL.975 ml;387760;Coccolino;0.9750;L;4.95;5.08;;;02.05.2025;4.95;8720181410529;Sredstva za èi¹æenje
KREMA ZIAJA ZA RUKE SVI.100 ml;387767;Ziaja;0.1000;L;1.60;16.00;;;02.05.2025;1.60;5901887036494;Kozmetika
ÈOK. DORINA KARAM.BADEM 250 g;387772;Kra¹;0.2500;kg;4.99;19.96;;;02.05.2025;4.99;3850102010028;Hrana
ÈOK. DORINA KARAM.BADEM 100 g;387773;Kra¹;0.1000;kg;1.99;19.90;;;02.05.2025;1.99;3850102014835;Hrana
SLAD.KOR.©UM.VOÆ.JOGURT 167 ml;387785;Ledo;0.1670;l;2.79;16.71;;;02.05.2025;2.79;3850116066332;Hrana
PIL.MARINIR. MINI KRILA 450 g;387786;;0.4500;kg;;7.76;3.49;3.99;02.05.2025;3.99;3850220429009;Hrana
SLAD.KONTIKI MANGO LEDO 75 ml ;387787;Ledo;0.0750;L;0.99;13.20;;;02.05.2025;0.99;3850116066424;Hrana
PIL.MAR.FILE ZABATKA 400 g;387788;;0.4000;kg;3.99;9.98;;;02.05.2025;3.99;3850220429016;Hrana
SLAD. ©TAPIÆ LEDO MEDO 70 ml;387789;Ledo;0.0700;L;1.29;18.43;;;02.05.2025;1.29;3850116066301;Hrana
SLADOLED PUNÈ NJOFRA  6x65 ml;387790;Ledo;0.3900;L;;12.28;4.79;5.99;02.05.2025;5.99;3850116067148;Hrana
SLADOL.LINO LADA LEDO 3x90 ml;387792;Ledo;0.2700;L;5.99;22.19;;;02.05.2025;5.99;3850116067261;Hrana
SLAD.QUATTRO SUNSHINE 1500 ml;387794;Quattro;1.5000;L;;3.99;5.99;7.49;02.05.2025;7.49;3850116067087;Hrana
SALAN. BITS KLASIK SORGER 80 g;387826;Sorger;0.0800;kg;2.59;32.38;;;02.05.2025;2.59;9002055004546;Hrana
MIRIS.PERLICE LENOR JAS. 195 g;387828;;195.0000;g;5.99;0.03;;;02.05.2025;5.99;8700216708258;Sredstva za èi¹æenje
MIR.PERLICE LENOR GOLD 195 g;387829;;195.0000;g;5.99;0.03;;;02.05.2025;5.99;8700216708517;Sredstva za èi¹æenje
MIR.PERLICE LENOR SPRING 195 g;387830;;195.0000;g;5.99;0.03;;;02.05.2025;5.99;8700216708418;Sredstva za èi¹æenje
SALAN. BITS PIKANT SORGER 80 g;387831;Sorger;0.0800;kg;2.59;32.38;;;02.05.2025;2.59;9002055004584;Hrana
SALAN.BITS PARMEZ. SORGER 80 g;387832;Sorger;0.0800;kg;2.59;32.38;;;02.05.2025;2.59;9002055004577;Hrana
SIR MOZZAREL.PANIR.CEKIN 500 g;387836;Cekin;0.5000;kg;;12.78;6.39;7.99;02.05.2025;7.99;3850159141157;Hrana
SLAD.QUATTRO DORINA 1500 ml;387837;Quattro;1.5000;L;;3.99;5.99;7.49;02.05.2025;7.49;3850116067117;Hrana
MIR.PERLICE LENOR SPRING 495 g;387859;Lenor;495.0000;g;12.79;0.03;;;02.05.2025;12.99;8700216704779;Sredstva za èi¹æenje
MIR. PERLICE LENOR 495 g;387860;Lenor;495.0000;g;12.79;0.03;;;02.05.2025;12.99;8700216704694;Sredstva za èi¹æenje
MIR.PERLICE LENOR GOLD 495 g;387862;Lenor;495.0000;g;12.79;0.03;;;02.05.2025;12.99;8700216704809;Sredstva za èi¹æenje
KONC.OMEK©IVAÈ LENOR 700 ml;387866;Lenor;700.0000;ml;6.59;0.01;;;02.05.2025;6.59;8700216722858;Sredstva za èi¹æenje
KONC.OMEK©IVAÈ LENOR 700 ml;387867;Lenor;700.0000;ml;6.59;0.01;;;02.05.2025;6.59;8700216722940;Sredstva za èi¹æenje
KONC.OMEK©IVAÈ LENOR 700 ml;387869;Lenor;700.0000;ml;6.59;0.01;;;02.05.2025;6.59;8700216722933;Sredstva za èi¹æenje
KULENOV CVIJET NAR. 400 g XXL;387876;Gavrilovic;0.4000;kg;8.99;22.48;;;02.05.2025;10.99;3858890209433;Hrana
SPU®. PARSA ZA ©MINKANJE  1/1;387882;PARSA;1.0000;kom;4.99;4.99;;;02.05.2025;4.99;4001065165433;Toaletne potrep¹tine
DET.DASH REGULAR 3,3 KG;387884;Dash;3.3000;kg;19.99;6.06;;;02.05.2025;19.99;8700216741934;Sredstva za èi¹æenje
DET.DASH LAVANDA 2,7 L;387887;Dash;2.7000;l;19.99;7.40;;;02.05.2025;19.99;8700216827546;Sredstva za èi¹æenje
OMEK©IVAÈ LENOR CHERRY 1,239 L;387899;Lenor;1.2390;l;6.59;5.32;;;02.05.2025;6.59;8700216723602;Sredstva za èi¹æenje
KAP.ARIEL EXTRA HYGIENE 26/1;387901;Ariel;26.0000;kom;15.99;0.62;;;02.05.2025;15.99;8700216765305;Sredstva za èi¹æenje
KAP.ARIEL MOUNTAIN SPRING 30/1;387904;Ariel;30.0000;kom;15.99;0.53;;;02.05.2025;15.99;8700216765480;Sredstva za èi¹æenje
DET.ARIEL COLOR 2,2 KG;387905;Ariel;2.2000;kom;15.99;7.27;;;02.05.2025;15.99;8700216733311;Sredstva za èi¹æenje
OMEK©IVAÈ LENOR FLORAL 1,239 L;387906;Lenor;1.2390;l;6.59;5.32;;;02.05.2025;6.59;8700216726900;Sredstva za èi¹æenje
DET.ARIEL COLOR 1,8 L;387908;Ariel;1.8000;l;15.99;8.88;;;02.05.2025;15.99;8700216691604;Sredstva za èi¹æenje
OMEK©IVAÈ LENOR GOLD 1,239 L;387909;Lenor;1.2390;kom;6.59;5.32;;;02.05.2025;6.59;8700216724081;Sredstva za èi¹æenje
OMEK©IVAÈ LENOR SUMMER 1,491 L;387910;Lenor;1.9410;l;6.59;3.40;;;02.05.2025;6.59;8700216724029;Sredstva za èi¹æenje
DET.ARIEL MOUNTAIN SPRIN.1,8 L;387911;Ariel;1.8000;l;15.99;8.88;;;02.05.2025;15.99;8700216691086;Sredstva za èi¹æenje
OMEK©IVAÈ LENOR LOTUS 1,239 L;387912;Lenor;1.2390;l;6.59;5.32;;;02.05.2025;6.59;8700216723756;Sredstva za èi¹æenje
DET.ARIEL MOUNTA.SPRING 2,2 KG;387913;Ariel;2.2000;kg;15.99;7.27;;;02.05.2025;15.99;8700216733458;Sredstva za èi¹æenje
OMEK©IVAÈ LENOR SPRING 1,491 L;387914;Lenor;1.4910;l;6.59;4.42;;;02.05.2025;6.59;8700216724074;Sredstva za èi¹æenje
DET.ARIEL EXTRA CLEAN 1,35 L;387915;Ariel;1.3500;kom;15.99;11.84;;;02.05.2025;15.99;8700216691390;Sredstva za èi¹æenje
DET.ARIEL OXI 1,65 KG;387916;Ariel;1.6500;kg;15.99;9.69;;;02.05.2025;15.99;8700216739146;Sredstva za èi¹æenje
KAP.ARIEL FRESH AIR 26/1;387917;Ariel;26.0000;kom;15.99;0.62;;;02.05.2025;15.99;8700216766043;Sredstva za èi¹æenje
KAP.ARIEL SENSITIVE 30/1;387920;Ariel;30.0000;kom;15.99;0.53;;;02.05.2025;15.99;8700216766012;Sredstva za èi¹æenje
DET.TEK.ARIEL EXT.CLEAN 2,25 L;387924;Ariel;2.2500;l;16.49;7.33;;16.49;02.05.2025;21.99;8700216691154;Sredstva za èi¹æenje
KAP.ARIEL COMPLETE 38/1;387926;Ariel;38.0000;kom;16.49;0.43;;16.49;02.05.2025;19.99;8700216764483;Sredstva za èi¹æenje
DET.TEKUÆI ARIEL FRESH 2,25 L;387927;Ariel;2.2500;l;16.49;7.33;;16.49;02.05.2025;19.99;8700216690836;Sredstva za èi¹æenje
KAP.ARIEL EXTRA HYGIENE 38/1;387928;Ariel;38.0000;kom;16.49;0.43;;16.49;02.05.2025;19.99;8700216764254;Sredstva za èi¹æenje
KAPSULE ARIEL AMETHYST 38/1;387929;Ariel;38.0000;kom;;0.43;16.49;19.99;02.05.2025;19.99;8700216764438;Sredstva za èi¹æenje
KAP.ARIEL COLOR FRESH 44/1;387930;Ariel;44.0000;kom;16.49;0.37;;16.49;02.05.2025;19.99;8700216764544;Sredstva za èi¹æenje
KAP.ARIEL MOUNTAIN SPRING 44/1;387931;Ariel;44.0000;kom;16.49;0.37;;16.49;02.05.2025;19.99;8700216764667;Sredstva za èi¹æenje
KAPSULE ARIEL FRESH AIR 38/1;387942;Ariel;38.0000;kom;;0.43;16.49;24.99;02.05.2025;24.99;8700216764599;Sredstva za èi¹æenje
KAPSULE ARIEL SENSITIVE 44/1;387945;Ariel;44.0000;kom;16.49;0.37;;16.49;02.05.2025;19.99;8700216765923;Sredstva za èi¹æenje
DET.ARIEL MOUNT.SPRING 3,46 kg;387946;Ariel;3.4650;kg;16.49;4.76;;16.49;02.05.2025;21.99;8700216733830;Sredstva za èi¹æenje
SPIR.ZIG ZAG CITRONATURL 10/1;387948;Zig Zag;10.0000;KOM;1.89;0.19;;;02.05.2025;1.89;8004235006907;Proizvodi za kuæanstvo
TEKUÆI DET. ARIEL COLOR 2,7 L;387949;Ariel;2.7000;l;16.49;6.11;;16.49;02.05.2025;21.99;8700216690829;Sredstva za èi¹æenje
TEK.DET. ARIEL MOUN.SPR.2,7 L;387952;Ariel;2.7000;l;16.49;6.11;;16.49;02.05.2025;21.99;8700216690973;Sredstva za èi¹æenje
TEK.DET.ARIEL SENSITIVE 2,25 L;387954;Ariel;2.7000;l;16.49;6.11;;16.49;02.05.2025;21.99;8700216691345;Sredstva za èi¹æenje
SPREJ ZIG ZAG PR.KOMARA.600 ml;387956;Zig Zag;0.6000;L;5.19;8.65;;;02.05.2025;5.19;8004235000172;Proizvodi za kuæanstvo
DET.ARIEL PRA©AK COLOR 3,46 kg;387958;Ariel;3.4650;kg;16.49;4.76;;16.49;02.05.2025;21.99;8700216733335;Sredstva za èi¹æenje
LOS.ZIG ZAG TROPICAL 100 ml;387959;Zig Zag;0.1000;L;4.39;43.90;;;02.05.2025;4.39;8004235007553;Proizvodi za kuæanstvo
LOS.ZIG ZAG TROPI. LIME.100 ml;387961;Zig Zag;0.1000;L;4.39;43.90;;;02.05.2025;4.39;8004235007560;Proizvodi za kuæanstvo
TAB.ZIG ZAG PROTIV KOMARA.30/1;387963;Zig Zag;30.0000;KOM;3.49;0.12;;;02.05.2025;3.49;8004235007775;Proizvodi za kuæanstvo
KAP.PERSIL COLOR 68/1;387964;Persil;68.0000;kom;24.99;0.37;;;02.05.2025;19.99;9000101826746;Sredstva za èi¹æenje
PROLJ.ROL.S PIL.I POV.278 g;387967;;0.2780;kg;;9.32;2.59;3.29;02.05.2025;3.29;5901398076194;Hrana
SLAD.SATIN JAGODA LEDO 900 ml;387969;Ledo;0.9000;L;4.49;4.99;;;02.05.2025;4.49;3850116067230;Hrana
SLA.VELVET VANILIJA LEDO900 ml;387970;Ledo;0.9000;L;4.49;4.99;;;02.05.2025;4.49;3850116067179;Hrana
SLAD.LUSH ÈOKOLADA LEDO 900 ml;387971;Ledo;0.9000;L;4.49;4.99;;;02.05.2025;4.49;3850116067209;Hrana
SET PARSA ZA MANIKURU 5/1;387981;PARSA;5.0000;kom;14.99;3.00;;;02.05.2025;14.99;4001065177009;Toaletne potrep¹tine
UVIJAÈ PARSA ZA KOSU S GUMICOM;387984;PARSA;1.0000;kom;7.99;7.99;;;02.05.2025;7.99;4001065007559;Toaletne potrep¹tine
UVIJAÈ PARSA ZA KOSU SET;387986;PARSA;1.0000;kom;9.99;9.99;;;02.05.2025;9.99;4001065286718;Toaletne potrep¹tine
UVIJAÈ PARSA ZA KOSU PAPILOTNE;387988;PARSA;6.0000;kom;9.99;1.67;;;02.05.2025;9.99;4001065896658;Toaletne potrep¹tine
UVIJAÈ PARSA ZA KOSU TANAK ;387989;PARSA;1.0000;kom;8.99;8.99;;;02.05.2025;8.99;4001065292658;Toaletne potrep¹tine
SOK HPP CRVENA SNAGA 0,33 L;387992;;0.3300;L;3.79;11.48;;;02.05.2025;3.79;3856024043359;Hrana
SOK HPP DAN POSLIJE 0,33 L;387994;;0.3300;L;3.79;11.48;;;02.05.2025;3.79;3856024043366;Hrana
SOK HPP DOBRO JUTRO 0,33 L;387996;;0.3300;L;3.79;11.48;;;02.05.2025;3.79;3856024043380;Hrana
SOK HPP SVJE®I DAN 0,33 L;387997;;0.3300;L;3.79;11.48;;;02.05.2025;3.79;3856024043274;Hrana
SOK HPP TROPICO 0,33 L;387998;;0.3300;L;3.79;11.48;;;02.05.2025;3.79;3856024043441;Hrana
SOK HPP ZAUVIJEK MLAD 0,33 L;387999;;0.3300;L;3.79;11.48;;;02.05.2025;3.79;3856024043281;Hrana
VODA HPP OKUS LIMUNADA 0,5 L;388000;;0.5000;L;2.59;5.18;;;02.05.2025;2.59;3856024044592;Hrana
VODA HPP OKUS KURKUMA 0,5 L;388001;;0.5000;L;2.59;5.18;;;02.05.2025;2.59;3856024044615;Hrana
DEO SP.AXE KENOBI B.VAN.150 ml;388009;Axe;0.1500;l;5.49;36.60;;;02.05.2025;5.49;8720181418402;Kozmetika
DEO SP.AXE KENOBI B.LAV.150 ml;388010;Axe;0.1500;l;5.49;36.60;;;02.05.2025;5.49;8720181555602;Kozmetika
DEO SP.AXE KENOBI AQUA 150 ml;388011;Axe;0.1500;l;5.49;36.60;;;02.05.2025;5.49;8720181555596;Kozmetika
DEO STICK AXE KENOBI VA. 50 ml;388012;Axe;0.0500;l;5.49;109.80;;;02.05.2025;5.49;59004660;Kozmetika
DEO STICK AXE KENOBI LA. 50 ml;388013;Axe;0.0500;l;5.49;109.80;;;02.05.2025;5.49;59002161;Kozmetika
DEO SPRAY AXE SUNSET 150 ml;388014;Axe;0.1500;l;4.55;30.33;;;02.05.2025;4.55;8720181590863;Kozmetika
UVIJAÈI PARSA ZA KOSU SAMOLJ.;388015;PARSA;1.0000;kom;4.99;4.99;;;02.05.2025;4.99;4001065622226;Toaletne potrep¹tine
UVIJAÈI PARSA ZA TREPAVICE;388016;PARSA;1.0000;kom;3.99;3.99;;;02.05.2025;3.99;4001065165914;Toaletne potrep¹tine
DEO SPRAY DOVE MEN VAN.150 ml;388017;Dove;0.1500;kom;5.20;34.67;;;02.05.2025;5.20;8720181570070;Kozmetika
DEO DOVE DRAGONFRUIT 150 ml;388019;Dove;0.1500;l;5.20;34.67;;;02.05.2025;5.20;8720181565830;Kozmetika
OGLEDALO PARSA KOZET.S GUM.1/1;388021;PARSA;1.0000;kom;9.99;9.99;;;02.05.2025;9.99;4001065512282;Toaletne potrep¹tine
DEO SP.DOVE DRAGONFRUIT 200 ml;388024;Dove;0.2000;kom;5.99;29.95;;;02.05.2025;5.99;8720181565847;Kozmetika
Sir Tilzit Milchland;388054;;1.0000;kg;6.99;6.99;;;02.05.2025;6.99;4000436621592;Hrana
DEO STICK REXONA BOUQUET 50 ml;388057;Rexona;0.0500;l;4.79;95.80;;;02.05.2025;4.79;59002222;Kozmetika
DEO STICK REXONA ALOE 50 ml;388058;Rexona;0.0500;kom;4.79;95.80;;;02.05.2025;4.79;59004783;Kozmetika
DEO STICK DOVE ORIGINAL 50 ml;388059;Dove;0.0500;l;5.20;104.00;;;02.05.2025;5.20;59099611;Kozmetika
SLA.BARATT.WAFE.LOACKER 800 ml;388061;;0.8000;L;5.99;7.49;;;02.05.2025;5.99;8005840021576;Hrana
DEO STICK DOVE INVISIBLE 50 ml;388062;Dove;0.0500;l;5.20;104.00;;;02.05.2025;5.20;59099598;Kozmetika
DEO STICK DOVE CUCUMBER 50 ml;388063;Dove;0.0500;l;5.20;104.00;;;02.05.2025;5.20;59099574;Kozmetika
DEO STICK DOVE POMERGRA. 50 ml;388064;Dove;0.0500;l;5.20;104.00;;;02.05.2025;5.20;59099642;Kozmetika
SLAD.PISTACIJA BIS KEKS 200 g;388066;;0.2000;kg;5.99;29.95;;;02.05.2025;5.99;8005840021095;Hrana
SLA.CROCCANTINO BIS KEKS 200 g;388067;;0.2000;kg;5.99;29.95;;;02.05.2025;5.99;8005840021071;Hrana
ZUB.PASTA SENSODYNE CLIN 75 ml;388075;Sensodyne;0.0750;l;7.99;106.53;;;02.05.2025;7.99;5054563237101;Kozmetika
ZUB.PAS.PARODONTAX WHITE.75 ml;388076;Parodontax;0.0750;l;6.99;93.20;;;02.05.2025;6.99;5054563206275;Kozmetika
ZUB.PAS.PARODONTAX FRE.MI75 ml;388079;Parodontax;0.0750;l;6.99;93.20;;;02.05.2025;6.99;5054563206299;Kozmetika
KREMA COREGA ULTIMATE 40g;388081;Corega;1.0000;kom;9.99;9.99;;;02.05.2025;9.99;5054563209467;Kozmetika
DEO STICK OLD SPICE EPIC 50 ml;388089;Old Spice;0.0500;l;;61.60;3.08;3.85;02.05.2025;3.85;8700216607360;Kozmetika
GEL TU.OLD SPICE EPIC 400 ml;388090;Old Spice;0.4000;l;;7.70;3.08;3.85;02.05.2025;3.85;8700216611046;Kozmetika
DEO SP.OLD SPICE EPIC 150 ml;388091;Old Spice;0.1500;l;;20.53;3.08;3.85;02.05.2025;3.85;8700216606035;Kozmetika
BRIT.WILKINSON SENSITIVE 6+2;388092;Wilkinson;8.0000;kom;7.49;0.94;;;02.05.2025;7.49;4027800240302;Kozmetika
BRIJAÈ WILKINSON GROOMER + BRI;388093;Wilkinson;1.0000;kom;20.99;20.99;;;02.05.2025;20.99;4027800138609;Kozmetika
KOBASICA KRAINERJEVA 360 g ;388094;Krainer;0.3600;kg;4.29;11.92;;4.29;02.05.2025;4.79;9004286414255;Hrana
DET.PERSIL COLOR 3,96 L;388111;Persil;3.9600;l;;4.80;18.99;21.99;02.05.2025;21.99;9000101566086;Sredstva za èi¹æenje
MASLINE S-BUDG.KALAMATA 350 g;388114;S-BUDGET;0.2000;kg;2.49;12.45;;;02.05.2025;2.49;9100000074603;Hrana
GEL.TU©.L´ANGELICA L.500 ml;388124;L'Angelica;0.5000;l;2.99;5.98;;;02.05.2025;2.99;8017331102862;Kozmetika
GEL.TU©.L´ANGELICA SKIN 500 ml;388125;L´Angelica;0.5000;l;2.99;5.98;;;02.05.2025;2.99;8017331102824;Kozmetika
GEL.TU©.L´ANGELICA GLOW 500 ml;388126;L´Angelica;0.5000;l;2.99;5.98;;;02.05.2025;2.99;8017331102800;Kozmetika
DET.PERSIL SENSITIVE 0,99 KG;388127;Persil;0.9900;kg;8.49;8.58;;;02.05.2025;8.49;9000101802689;Sredstva za èi¹æenje
DET.PERSIL FRESHNESS 1,98 KG;388128;Persil;1.9800;kg;;5.05;9.99;14.75;02.05.2025;14.75;9000101804959;Sredstva za èi¹æenje
DET.PERSIL COLOR 2,97 L;388129;Persil;2.9700;l;;5.22;15.49;19.99;02.05.2025;19.99;9000101599091;Sredstva za èi¹æenje
DET.WEISSER RIESE LOTUS 2,25 L;388130;Weisser Riese;2.2500;l;12.99;5.77;;;02.05.2025;12.99;9000101563603;Sredstva za èi¹æenje
DET.WEISSER RIESE COLOR 2,25 L;388131;Weisser Riese;2.2500;l;12.99;5.77;;;02.05.2025;12.99;9000101564334;Sredstva za èi¹æenje
DET.PERWOLL COLOR 2 L;388132;Perwoll;2.0000;l;9.99;5.00;;;02.05.2025;9.99;9000101810479;Sredstva za èi¹æenje
©AMPON SYOSS ANTI DANDR.750 ml;388133;Syoss;0.7500;l;8.99;11.99;;;02.05.2025;8.99;9000101743616;Kozmetika
DET.PERWOLL BLACK 2 L;388134;Perwoll;2.0000;l;9.99;5.00;;;02.05.2025;9.99;9000101808445;Sredstva za èi¹æenje
DET.PERWOLL BLOSSOM 2 L;388135;Perwoll;2.0000;l;9.99;5.00;;;02.05.2025;9.99;9000101808476;Sredstva za èi¹æenje
DET.PERWOLL RENEW 3 L;388136;Perwoll;3.0000;L;11.49;3.83;;11.49;02.05.2025;13.39;9000101827163;Sredstva za èi¹æenje
DET.PERWOLL BLOSSOM 3,75 L;388137;Perwoll;3.7500;l;;3.46;12.99;14.99;02.05.2025;14.99;9000101810233;Sredstva za èi¹æenje
REGENERATOR SYOSS STR 250 ml;388139;Syoss;0.2500;l;4.99;19.96;;;02.05.2025;4.99;9000101665444;Kozmetika
©AMP.SCHAUMA ROSE OIL 400 ml;388143;Schauma;0.4000;l;2.99;7.48;;2.79;02.05.2025;3.79;9000101656695;Kozmetika
GEL ZA TU.FA MYSTIC 400 ml;388157;Fa;0.4000;l;4.19;10.48;;;02.05.2025;4.19;9000101704457;Kozmetika
KUPKA FA CACAO BUTTER 750 ml;388159;Fa;0.7500;l;4.99;6.65;;;02.05.2025;4.99;5201143728980;Kozmetika
©AMP.GLISS FULL HAIR 250 ml;388162;Gliss;0.2500;l;4.29;17.16;;;02.05.2025;4.29;9000101749175;Kozmetika
PATRONE GILLETTE PROGLIDE 12/1;388166;Gillette;12.0000;kom;59.99;5.00;;;02.05.2025;59.99;7702018440894;Kozmetika
PATRONE GILLETTE PROGLIDE 14/1;388167;Gillette;14.0000;kom;66.89;4.78;;;02.05.2025;66.89;8001090819901;Kozmetika
PATRONE GILLETTE MACH3 20/1;388171;Gillette;20.0000;kom;44.89;2.24;;;02.05.2025;44.89;8001090821232;Kozmetika
PATRONE GILLETTE FUSION 16/1;388176;Gillette;16.0000;kom;53.89;3.37;;;02.05.2025;53.89;8001090819536;Kozmetika
PATRONE GILLETTE M3 CHARC. 8/1;388178;Gillette;8.0000;kom;22.49;2.81;;;02.05.2025;22.49;8700216085472;Kozmetika
PATRONE GILLETTE FUSION 8/1;388183;Gillette;1.0000;kom;34.99;34.99;;;02.05.2025;34.99;7702018610389;Kozmetika
PATRONE GILLETTE MACH3 8/1;388185;Gillette;1.0000;kom;22.49;22.49;;;02.05.2025;22.49;7702018610402;Kozmetika
BRIJAÈ GILLETTE PROGL.+10 PAT;388188;Gillette;1.0000;kom;53.99;53.99;;;02.05.2025;53.99;7702018425198;Kozmetika
TP PALOMA LIMITED FLOWER 12/1;388189;Paloma;12.0000;KOM;2.99;0.25;;2.99;02.05.2025;2.99;3838952036276;Toaletne potrep¹tine
BRIJAÈ GILLETTE FUSION+11 PAT.;388191;Gillette;1.0000;kom;49.99;49.99;;;02.05.2025;49.99;7702018425761;Kozmetika
BRIJAÈ GILLETTE MACH3 +12 PAT.;388192;Gillette;1.0000;kom;33.99;33.99;;;02.05.2025;33.99;7702018425853;Kozmetika
PATRONE GILLETTE MACH3 8/1;388193;Gillette;8.0000;kom;22.49;2.81;;;02.05.2025;22.49;8700216066556;Kozmetika
PATRONE GILLETTE FUSION5 8/1;388194;Gillette;8.0000;kom;34.99;4.37;;;02.05.2025;34.99;8006540989197;Kozmetika
PATRONE GILLETTE PROGLIDE 8/1;388195;Gillette;8.0000;kom;39.99;5.00;;;02.05.2025;39.99;8700216066587;Kozmetika
OME.LENOR GOLD ORCHID 2x987 ml;388219;Lenor;1.9740;L;8.99;4.55;;;02.05.2025;9.49;8700216880770;Sredstva za èi¹æenje
OME.LENOR AWAKENING 2x1239 ml;388222;Lenor;2.4780;L;8.99;3.63;;;02.05.2025;9.49;8700216880886;Sredstva za èi¹æenje
SERUM GLISS FULL HAIR 100 ml;388227;Gliss;0.1000;l;8.45;84.50;;;02.05.2025;8.45;9000101749373;Kozmetika
DET.TE.ARIEL COLOR&CARE 2,25 L;388230;Ariel;2.2500;l;;7.33;16.49;24.99;02.05.2025;24.99;8700216692045;Sredstva za èi¹æenje
KOKICE SNACKS LIFE SLANE 240 g;388231;;0.2400;kg;3.49;14.54;;;02.05.2025;3.49;3830079808613;Hrana
ULJE OGX ZA KOSU ARAGAN 118 ml;388243;OGX;0.1180;l;9.30;78.81;;;02.05.2025;9.30;3574661563350;Kozmetika
ULJE OGX ZA KOSU ARAGAN 100 ml;388244;OGX;0.1000;l;9.30;93.00;;;02.05.2025;9.30;3574661563336;Kozmetika
MASKA OGX ZA KOSU ARGA. 300 ml;388245;OGX;0.3000;l;9.95;33.17;;;02.05.2025;9.95;3574661685144;Kozmetika
TEK.DET.ARIEL MOUN.SPR.3,87 L;388251;Ariel;3.8700;l;20.99;5.42;;;02.05.2025;20.99;8700216690911;Sredstva za èi¹æenje
KAPSULE ARIEL MOUN.SPRING 60/1;388252;Ariel;60.0000;kom;20.99;0.35;;;02.05.2025;20.99;8700216765145;Sredstva za èi¹æenje
MARINIRANA SVINJSKA REBRA BBQ;388255;;1.0000;kg;8.99;8.99;;;02.05.2025;7.69;3859894177360;Hrana
MARINIRANA SV. REBRA TERIYAKI;388256;;1.0000;kg;9.19;9.19;;;02.05.2025;7.69;3859894177353;Hrana
ROLL-ON MEN EXPERT BAR. 50 ml ;388257;LOREAL;0.0500;L;;79.80;3.99;4.79;02.05.2025;4.79;3600524076740;Kozmetika
LOSOS SALATA EVA  ASIANA 160 g;388270;;0.1600;kg;4.29;26.81;;;02.05.2025;4.29;3856020276720;Hrana
PIL.PANIR.KOCKICE CEKIN 600 g;388295;Cekin;0.6000;kg;8.29;13.82;;;02.05.2025;8.29;3850159141164;Hrana
PIL.PANIR.STRIPSI CEKIN 600 g;388297;Cekin;0.6000;kg;8.29;13.82;;;02.05.2025;8.29;3850159141171;Hrana
PR©UT DALMAT. VO©TANE 250 g;388299;Vostane;0.2500;kg;8.99;35.96;;;02.05.2025;8.99;3858889494819;Hrana
ZIMSKA GAVRILOVIÆ 250 g XXL;388317;Gavrilovic;0.2500;kg;6.99;27.96;;;02.05.2025;6.99;3858892722473;Hrana
SIR PA©KI MIH 200 g;388322;;0.2000;kg;9.99;49.95;;;02.05.2025;9.99;3859893853432;Hrana
SLAD.MACHO SANDW.LEDO 3x129 ml;388354;Macho;0.3870;L;5.99;15.48;;;02.05.2025;5.99;3850116068084;Hrana
SLAD.SL.KARAM.SPAR TUB 473 ml;388358;SPAR;0.4730;L;;8.44;3.99;4.99;02.05.2025;4.99;9100000023649;Hrana
SLAD.JAGODA CHEESE.SPAR 473 ml;388359;SPAR;0.4730;L;;8.44;3.99;4.99;02.05.2025;4.99;9100000023625;Hrana
GRANIÈARSKA KOB.NAR. 400 g XXL;388363;Gavrilovic;0.4000;kg;;19.98;7.99;9.99;02.05.2025;9.99;3858881228160;Hrana
SRIJEMSKA KOB. NAR. 400 g XXL;388364;Gavrilovic;0.4000;kg;;19.98;7.99;9.99;02.05.2025;9.99;3858881228085;Hrana
TAB. JAR PLATINUM PLUS 100/1;388365;Jar;100.0000;kom;;0.20;19.99;24.99;02.05.2025;24.99;8700216859967;Sredstva za èi¹æenje
PREZE.YOU&ME RIBBED 12/1;388377;;12.0000;KOM;5.99;0.50;;;02.05.2025;5.99;8594068382564;Toaletne potrep¹tine
BIO MALINA 125 g;388381;;0.1250;kg;1.99;15.92;;;02.05.2025;2.69;5400279019294;Hrana
PREZERVAT.DUREX FEEL THIN 2X12;388425;Durex;24.0000;KOM;21.99;0.92;;;02.05.2025;21.99;5997321776774;Toaletne potrep¹tine
SLAD.WHITE BAR AL!VE 3x73 ml;388428;;0.2190;L;3.99;18.22;;;02.05.2025;3.99;3830053879813;Hrana
SLAD.LJE©NJA.BAR AL!VE 3x73 ml;388429;;0.2190;L;3.99;18.22;;;02.05.2025;3.99;3830053876966;Hrana
SLADOL.KIT KAT KORNET 4x100 ml;388430;Nestle;0.4000;L;6.99;17.48;;;02.05.2025;6.99;7613032407759;Hrana
SLADOL.MONTE SENDVIÈ 3x120 ml;388431;Zott;0.3600;L;5.49;15.25;;;02.05.2025;5.49;5906040064222;Hrana
PANCETA NAREZAK DOBRO 150 g;388432;Dobro;0.1500;kg;3.29;21.93;;;02.05.2025;3.29;3850133816750;Hrana
RAJÈICA PASIRANA PODRAVKA 400g;388438;;0.4000;kg;1.29;3.23;;;02.05.2025;1.49;3856020280321;Hrana
KAP.PERSIL COLOR 54/1;388449;Persil;54.0000;kom;;0.26;13.99;21.99;02.05.2025;21.99;9000101801293;Sredstva za èi¹æenje
PIVO FREE DAMM BEZALKOHO.0,5 L;388454;;0.5000;L;1.49;2.98;;;02.05.2025;1.49;8410793066121;Piæa
GAZ.PIÆE SCHW.PURPLE TONIC 1 L;388455;Schweppes;1.0000;L;1.79;1.79;;;02.05.2025;1.79;5449000338419;Piæa
OSVJE.PIÆE FRUC LIMUNADA 1,5 L;388457;Fruc;1.5000;L;1.89;1.26;;;02.05.2025;1.89;3838945043359;Piæa
OSVJ.PIÆE FRUC MANGOLADA 1,5 L;388458;Fruc;1.5000;L;1.89;1.26;;;02.05.2025;1.89;3838945043373;Piæa
KULEN TRADIC. VERO 250 g NAR.;388459;Vero;0.2500;kg;4.49;17.96;;;02.05.2025;4.49;3858892096208;Hrana
OSVJE.PIÆE FRUC LIMUNADA 0,5 L;388460;Fruc;0.5000;L;1.19;2.38;;;02.05.2025;1.19;3838945043366;Piæa
OSVJ.PIÆE FRUC MANGOLADA 0,5 L;388462;Fruc;0.5000;L;1.19;2.38;;;02.05.2025;1.19;3838945043380;Piæa
PIVO FASSBR.MOJITO BEZAL.0,5 L;388479;;0.5000;L;1.39;2.78;;;02.05.2025;1.39;4740098098195;Piæa
PIVO FASSBR.CHERRY BEZAL.0,5 L;388481;;0.5000;L;1.39;2.78;;;02.05.2025;1.39;4740098002321;Piæa
PIVO FASSBRA.PEACH BEZAL.0,5 L;388485;;0.5000;L;1.39;2.78;;;02.05.2025;1.39;4740098090502;Piæa
PIVO FASSBRA.LEMON BEZAL.0,5 L;388487;;0.5000;L;1.39;2.78;;;02.05.2025;1.39;4740098090496;Piæa
JUHA S RIBANOM KA©O.PILEÆA 65g;388494;;0.0650;kg;1.49;22.92;;;02.05.2025;1.49;3856020276829;Hrana
PUDING PERFETTA VANILIJA 80g;388498;;0.0800;kg;1.19;14.88;;;02.05.2025;1.19;3856020277031;Hrana
PUDING PERFETTA ÈOKOLADA 80g;388499;;0.0800;kg;1.19;14.88;;;02.05.2025;1.19;3856020277062;Hrana
ÆEVAPÈIÆI SA SIROM 500 g;388500;;0.5000;kg;4.49;8.98;;;02.05.2025;4.49;3858890181746;Hrana
VEGETA NATUR PASTA PAPRI.190 g;388501;;0.1900;kg;2.19;11.53;;;02.05.2025;2.19;3856020278199;Hrana
ÈAJNA KOBASICA XXL 375 g;388507;Podravka;0.3750;kg;;15.97;5.99;9.99;02.05.2025;9.99;3856020281229;Hrana
TJE.ZLATO POLJE FARFALLE 400 g;388517;;0.4000;kg;1.99;4.98;;;02.05.2025;1.99;3856020278953;Hrana
CROISS.7 DAYS KAKAO-KOKOS 80g;388520;;0.0800;kg;;7.38;0.59;1.15;02.05.2025;1.15;7622201392017;Hrana
PANCETA DALMAT.PIVAC 200 g NAR;388521;Pivac;0.2000;kg;4.49;22.45;;;02.05.2025;4.49;3858884998985;Hrana
PEÈENICA DAL.PIVAC 300 g NAR.;388522;Pivac;0.3000;kg;6.99;23.30;;;02.05.2025;6.99;3858884997513;Hrana
SUHA ©UNKA DALM.PIVAC 300 g ;388523;Pivac;0.3000;kg;8.29;27.63;;;02.05.2025;8.29;3858884997551;Hrana
SP SET SPU®VA , 2/1;388524;Splendid;2.0000;kom;1.39;0.70;;;02.05.2025;1.39;9100000049908;Proizvodi za kuæanstvo
KULEN I BUÐOLA PIVAC 180 g ;388525;Pivac;0.1800;kg;4.99;27.72;;;02.05.2025;4.99;3859892881573;Hrana
PRIMORSKA I PEÈEN.PIVAC 180 g;388526;Pivac;0.1800;kg;4.99;27.72;;;02.05.2025;4.99;3859892881597;Hrana
KAVA ILLY CLASSIC ROAST 250 g;388552;Illy;0.2500;KG;10.29;41.16;;;02.05.2025;10.29;8003753900520;Piæa
ÈAJ DARVITALIS SIKAVICA 90 g;388554;Darvitalis;0.0500;KG;3.99;79.80;;;02.05.2025;3.99;3858890832631;Piæa
ÈAJ DARVITALIS KADULJA 40 g;388556;Darvitalis;0.0400;KG;3.99;99.75;;;02.05.2025;3.99;3858890830309;Piæa
TJE.ZLATO POLJ.CAPPELETT.500 g;388558;;0.5000;kg;1.99;3.98;;;02.05.2025;1.99;3856020278922;Hrana
TJE.ZLATO POLJ.PENNE 500 g;388562;Zlato Polje;0.5000;kg;1.99;3.98;;;02.05.2025;1.99;3838700021462;Hrana
KOLAÈ CARROT CAKE.PODRA.230 g;388567;;0.2300;kg;3.99;17.35;;;02.05.2025;3.99;3856020276911;Hrana
SJEC.RAJÈ.BOSILJAK I ORIG.400g;388568;Podravka;0.4000;kg;1.99;4.98;;;02.05.2025;1.99;3856020280390;Hrana
PIL.PRSA FIT&FINA 100 g NAR.;388569;Podravka;0.1000;kg;1.99;19.90;;;02.05.2025;1.99;3856020279929;Hrana
PUR.PRSA FIT&FINA 100 g NAR.;388570;Podravka;0.1000;kg;1.99;19.90;;;02.05.2025;1.99;3856020279950;Hrana
©UNKA DOMAÆA FIT&FINA 100 g ;388571;Podravka;0.1000;kg;1.99;19.90;;;02.05.2025;1.99;3856020279981;Hrana
RA®NJIÆI BUT I SLANINA 530 g;388576;;0.5300;kg;4.79;9.04;;;02.05.2025;4.79;3858890188219;Hrana
JUNEÆI BURGER 300 g;388590;;0.3000;kg;3.49;11.63;;;02.05.2025;3.49;3858890184334;Hrana
SLADOL.MINI OREO BITES 105 ml;388591;Oreo;0.1050;L;;18.95;1.99;2.89;02.05.2025;2.89;5900130040707;Hrana
JUNEÆI BURGER SA SIROM 300 g;388593;;0.3000;kg;3.59;11.97;;;02.05.2025;3.59;3858881611948;Hrana
PAP.RUÈ.VIOLETA JUMBO 1/1 2SL;388594;Teta Violeta;1.0000;KOM;2.65;2.65;;;02.05.2025;2.65;3858893661139;Proizvodi za kuæanstvo
ÈOKOL. KIT-KAT BIJELA  41,5 g;388597;Nestle;0.0415;kg;1.39;33.49;;;02.05.2025;1.39;8445290549266;Hrana
ÈOK. KIT-KAT LJE©NJAK 41,5 g;388598;Nestle;0.0415;kg;1.39;33.49;;;02.05.2025;1.39;8445291308725;Hrana
ÈOK.KIT-KAT TAMNA 41,5 g;388599;Nestle;0.0415;kg;1.39;33.49;;;02.05.2025;1.39;8445290542311;Hrana
NAPITAK ALPRO BANANA 1 L ;388609;Alpro;1.0000;L;3.79;3.79;;;02.05.2025;3.79;5411188116905;Piæa
ZOB.PROIZ.ZA KUH.ALPRO 0,25 L;388610;Alpro;0.2500;l;2.59;10.36;;;02.05.2025;2.59;5411188132455;Piæa
PROT.PLOÈICA SNICKERS 57 g;388611;Snickers;0.0570;kg;3.49;61.23;;;02.05.2025;3.49;5056357909515;Hrana
PROTEINSKA PLOÈICA MARS 59 g;388613;Mars;0.0590;kg;3.49;59.15;;;02.05.2025;3.49;5060402908286;Hrana
NAPITAK O´PLANT ZOB ÈOKOL.1 L;388614;O´PLANT;1.0000;l;3.49;3.49;;;02.05.2025;3.49;3856020249991;Piæa
SMOOTHIE ZOB.BOOM BOX 200 g;388616;Boom Box;0.2000;kg;1.99;9.95;;;02.05.2025;1.99;3856027802007;Hrana
SMOOTHIE ZOB.BOOM BOX 200 g;388618;Boom Box;0.2000;kg;1.99;9.95;;;02.05.2025;1.99;3856027801987;Hrana
SMOOTHIE ZOB.BOOM BOX 200 g;388620;Boom Box;0.2000;kg;1.99;9.95;;;02.05.2025;1.99;3856027802021;Hrana
ÈOKO.MLIJEKO KOKOS DUKAT 0,5 L;388622;Dukat;0.5000;L;1.69;3.38;;;02.05.2025;1.69;3850354019299;Hrana
SAVIJAÈA S JABUKAMA 100 g;388678;;0.1000;kg;1.19;11.90;;;02.05.2025;1.19;3858889897733;Hrana
SLADO.PEREC ©TAPIÆ MILKA 90 ml;388679;Milka;0.0900;L;2.35;26.11;;;02.05.2025;2.35;5900130042763;Hrana
SAVIJAÈA S VI©NJOM 100 g;388680;;0.1000;kg;1.19;11.90;;;02.05.2025;1.19;3856028402664;Hrana
SAVIJAÈA SA SIROM 100 g;388681;;0.1000;kg;1.19;11.90;;;02.05.2025;1.19;3858889897702;Hrana
SLAD.KING DESIRE LEDO 450 ml;388715;King;0.4500;L;6.99;15.53;;;02.05.2025;6.99;3850116066271;Hrana
SLAD.HD SL.KARAM.©TAPIÆ 80 ml;388720;Häagen Dazs;0.0800;L;2.39;29.88;;;02.05.2025;2.39;3415587422836;Hrana
SLAD.MONTE SENDVIÈ ZOTT 120 ml;388721;;0.1200;L;2.29;19.08;;;02.05.2025;2.29;5906040064215;Hrana
SLAD.PISTACIJA NUII 90 ml;388723;;0.0900;L;2.39;26.56;;;02.05.2025;2.39;5900130042855;Hrana
TAM.ÈO.VL.70% MALINA PRE.100 g;388741;;0.1000;kg;2.79;27.90;;;02.05.2025;2.79;8410109050561;Hrana
NAMAZ PHILADELPHIA LOSOS 175 g;388758;Philadelphia;0.1750;kg;3.39;19.37;;;02.05.2025;3.39;7622202301032;Hrana
OMEK.LENOR CAPRI 1,239 L;388790;;1.0000;kom;6.59;6.59;;;02.05.2025;6.59;8700216724418;Sredstva za èi¹æenje
OME.LENOR LADESIRABLE 1,239 L;388793;;1.0000;kom;6.59;6.59;;;02.05.2025;6.59;8700216724203;Sredstva za èi¹æenje
OME.LENOR SENSITIVE 1,491 L;388796;;1.4910;l;6.59;4.42;;;02.05.2025;6.59;8700216723985;Sredstva za èi¹æenje
OME.LENOR FLORAL 2x987 ml;388797;Lenor;1.9740;L;8.99;4.55;;;02.05.2025;8.99;8700216880923;Sredstva za èi¹æenje
ÈOKOLADA EL ANGEL ELIT 85 g  ;388934;;0.0850;kg;7.99;94.00;;;02.05.2025;7.99;8698701043246;Hrana
